3809 5650
770 1210 1192 1328 APOLLONII‚

455 1500 532 1571 QUI
564 1500 804 1561 VERGENTE
834 1503 895 1563 AD
926 1504 1067 1563 FINEM
1101 1501 1275 1562 SAECULO
1306 1498 1510 1559 SECUNDO

881 1631 1080 1696 FLORUIT.

808 1859 1143 1934 FRAGMENTA.

880 2115 1092 2152 ...⁶-

411 2327 427 2382 5
890 2313 941 2362 nx
968 2312 1077 2362 mano

468 2437 698 2498 ADVERSUS
720 2437 1055 2505 CATAPHRYGAS,
1079 2438 1162 2496 SEU
1184 2437 1509 2498 MONTANISTAS.

440 2569 607 2685 ΑΛΛΑ
640 2609 692 2690 τίς
725 2608 825 2684 ε’στιν
861 2605 963 2686 οὗτος
996 2607 1016 2682 5
1050 2603 1265 2711 πρόσφατος
1301 2605 1560 2694 &cadmiam

441 2751 493 2825 (de
512 2754 657 2811 Montano
676 2774 770 2811 sermo
789 2758 848 2833 est)
873 2737 918 2816 τὰ
943 2738 1032 2842 ἔργα
1055 2739 1163 2817 αὐτοῦ
1188 2741 1247 2816 καὶ
1273 2740 1296 2839 ἡ
1322 2741 1539 2818 διδασκαλία
1593 2744 1596 2749 ’

441 2872 627 2984 δείκνυσιν.
659 2871 761 2957 οἷπός
778 2877 879 2954 ἐστιν
897 2877 917 2954 5
936 2873 1083 2982 διδάξας
1107 2876 1231 2959 λύσεις
1255 2873 1395 2978 γάμων·
1425 2877 1445 2954 5
1472 2911 1536 2976 νη·

398 2998 563 3080 ιοστείας
595 3000 848 3099 νομοθετήσας·
886 3004 906 3080 5
937 3002 1125 3104 Πέποιιζαν
1157 3006 1216 3081 καὶ
1249 3001 1388 3101 Τύμιον
1405 3004 1538 3104 Ἱερον·

441 3130 570 3231 σαλὴμ
606 3131 800 3231 ὀνομάσας,
832 3135 970 3231 (πόλεις
1003 3134 1041 3214 δὲ
1071 3139 1162 3213 εἰσὶν
1191 3136 1294 3214 αὗται
1326 3137 1449 3238 μικραὶ
1479 3139 1543 3233 τῆς

444 3268 616 3369 Φρυγίας)
641 3265 724 3349 τοὺς
752 3268 977 3373 πανταχόθεν
1007 3272 1079 3348 ε’κεῖ
1104 3275 1323 3371 συναγαγεῖν
1349 3267 1494 3348 ε’θέλων·
1524 3269 1544 3346 5

443 3406 648 3504 πραισῆρας
666 3402 860 3506 χρημάτων
877 3404 1122 3504 καταστήσας·
1151 3407 1171 3483 5
1189 3408 1242 3485 ἐπ’
1262 3403 1411 3503 ὀνόματι
1428 3438 1546 3507 προσ-

444 3543 579 3641 φορῶν,
600 3534 665 3635 τὴν
691 3542 925 3645 δωροληψίαν
946 3540 1232 3645 ἐπιτεχνώμενος·
1264 3543 1284 3619 5
1304 3538 1465 3643 σαλᾶρια
1484 3574 1547 3644 χο-

399 3717 410 3755 ι
417 3714 432 3773 5
443 3678 565 3773 ρηγῶν
583 3680 656 3755 τοῖς
680 3675 917 3777 κηρύττουσιν
942 3678 1052 3756 αὐτοῦ
1076 3675 1140 3756 τὸν
1169 3674 1292 3778 λόγον,
1308 3677 1366 3755 ἵνα
1398 3674 1455 3754 διὰ
1483 3678 1548 3772 τῆς

444 3809 731 3910 γαστριμαργίας
760 3810 783 3908 ἡ
816 3811 1034 3889 διδασκαλία
1069 3818 1133 3887 τοῦ
1170 3807 1285 3909 λόγου
1316 3808 1543 3911 κρατύιπγται.

447 3942 521 4001 Haeo
537 3943 683 4002 Eusebius
699 3946 783 4003 affert
798 3945 849 4003 lib.
863 3966 889 4001 v.
905 3946 984 4002 Hiat.
1000 3965 1061 4022 cap.
1081 3945 1127 4002 18.

488 4178 546 4237 Sed
571 4180 704 4256 quianam
731 4191 775 4239 est
803 4200 896 4238 novus
924 4179 973 4238 ille
1024 4181 1116 4238 mines
1137 4201 1172 4238 eo
1192 4190 1372 4238 convocaret.
1416 4179 1475 4251 Qui
1498 4200 1549 4257 pe·

447 4258 571 4318 doctor?
597 4280 685 4338 opera
707 4261 771 4336 ejus
792 4271 821 4319 et
843 4259 974 4318 doctrina
1025 4260 1174 4318 cuniarum
1212 4269 1360 4317 exactores
1385 4260 1548 4326 constituit,

401 4363 438 4403 20
448 4340 519 4395 satia
543 4351 642 4418 aperte
667 4340 804 4416 produnt
848 4340 906 4398 Hic
930 4350 975 4399 eat
1025 4340 1075 4417 qui
1104 4340 1248 4400 sordidam
1273 4358 1426 4396 munerum
1452 4351 1549 4417 capta·

448 4420 499 4493 qui
522 4420 693 4513 nuptiarum
718 4420 839 4478 discidia
863 4420 974 4486 docuit,
1026 4421 1135 4477 tionem
1157 4420 1336 4481 oblationum
1357 4420 1474 4477 nomine
1492 4419 1550 4478 cal-

449 4499 500 4574 qui
516 4499 695 4575 jejuniorum
716 4499 821 4577 leges
814 4501 974 4579 imposuit·
1026 4500 1086 4558 lide
1108 4500 1263 4561 obvelavit.
1305 4499 1366 4569 Qui
1390 4498 1550 4557 doctrinam

449 4579 500 4670 qui
518 4579 664 4657 Pepuzam
685 4590 715 4637 et
729 4581 863 4658 Tymium
881 4580 975 4659 Phry.
1027 4600 1107 4637 suam
1122 4578 1348 4659 praedicantibus
1361 4578 1463 4637 aalarin
1478 4600 1552 4654 pru„

449 4657 504 4750 gine
532 4658 680 4752 oppidula,
709 4646 890 4718 Hierusalem
923 4680 975 4717 no·
1026 4659 1086 4725 bet,
1098 4673 1132 4719 ut
1146 4682 1198 4741 per
1212 4659 1319 4718 foedom
1335 4659 1442 4717 ventris
1456 4659 1552 4737 inglu-

404 4758 440 4816 25
451 4737 581 4805 minavit,
598 4750 631 4796 ut
646 4751 766 4798 cunctos
780 4740 910 4817 undique
925 4741 977 4798 ho·
1027 4741 1102 4799 viem
1118 4740 1290 4801 doetrina'
1264 4759 1328 4816 eJua
1342 4738 1532 4797 convalescat
1622 4785 1627 4791 .

956 4855 1046 4921 302
