3809 5650
647 1827 1245 1935 ANNOTATIONES

453 2108 519 2192 IN
554 2111 867 2196 SENIORES
900 2114 1074 2200 APUD
1109 2117 1445 2206 lRENAEUM.

798 2431 1077 2462 ...μ-

934 2631 964 2699 Ι.

442 2767 480 2832 P.
495 2787 548 2854 47.
565 2770 586 2835 l.
599 2773 647 2836 18.
670 2771 814 2856 παρέχειν
829 2772 1005 2857 φαίνεσθαι]
1029 2772 1086 2837 Vel
1101 2773 1170 2860 lege
1184 2774 1310 2859 παρέχει
1325 2778 1497 2859 φαίνεσθαι,

398 2870 446 2934 vel
468 2873 614 2956 παρέχειν
635 2878 785 2956 φαίνεται.
830 2875 934 2938 Addit
958 2874 1093 2939 Latinus
1118 2877 1283 2960 Interpres
1308 2899 1365 2962 per
1386 2900 1498 2962 puren-

398 2972 503 3037 thesin
525 2975 692 3040 ridioulrun
713 2986 755 3040 eet
775 2986 802 3040 et
823 2976 942 3040 disere.-
970 2976 1084 3061 quibus
1105 2977 1209 3041 verbis
1230 2977 1308 3041 nihil
1330 2979 1362 3042 in
1384 2980 1499 3044 Graeeo

398 3076 578 3159 respondet.
624 3076 694 3141 Nisi
711 3078 780 3141 haeo
802 3079 843 3141 de
864 3099 922 3141 suo
942 3076 1114 3154 addiderit,
1131 3079 1306 3143 omiserunt
1326 3080 1499 3145 oscitantes

399 3176 522 3254 soribae,
536 3181 660 3260 γελοῖόν
675 3180 741 3243 ἐστι
756 3179 861 3261 φάναι.
908 3180 1096 3243 Mussuurus
1110 3181 1153 3243 ud
1168 3181 1332 3245 Irenoeum.
1378 3182 1499 3268 Legere

398 3277 506 3342 malim
531 3302 603 3343 oum
627 3282 759 3345 Petevio
783 3282 826 3345 ed
839 3280 1062 3366 Epiphanium,
1078 3281 1195 3345 Haeres.
1212 3283 1299 3346 xxxi.
1312 3305 1381 3368 oup.
1398 3306 1427 3367 9.
1443 3283 1498 3348 ubi

398 3380 467 3445 haeo
483 3383 598 3446 Graeee
613 3389 739 3447 servate
759 3392 846 3461 sunt,
861 3384 996 3467 παρέχει,
1013 3405 1109 3467 quem
1124 3387 1287 3465 φαίνεσθαι
1307 3385 1340 3448 ἰιι
1358 3388 1499 3467 φαίνεται

399 3504 471 3546 eum
496 3482 591 3547 Billio
616 3491 754 3560 mutere,
770 3484 824 3568 qui
850 3486 965 3548 Graeoe
989 3485 1104 3549 Irenaei
1131 3486 1320 3570 fragmenta,
1340 3495 1499 3573 quotquot

399 3585 579 3669 eollegerat,
597 3584 711 3649 Latine
726 3586 832 3650 vertit.

442 3686 527 3750 Ibid.
542 3686 563 3750 l.
577 3707 627 3772 19.
649 3693 702 3750 τοῦ
722 3689 899 3768 Κρείιτονος
917 3689 1014 3771 ἡμῶν]
1040 3687 1231 3766 observavit
1251 3689 1373 3773 pridem
1396 3690 1498 3756 Euse-

398 3791 469 3855 bius
490 3790 545 3854 lib.
557 3813 585 3854 v.
601 3790 684 3853 Hie.
705 3789 789 3875 (unp.
807 3794 852 3872 8.)
876 3791 1035 3854 lrenaeum
1057 3789 1221 3874 eujusdam
1241 3791 1299 3854 viri
1321 3792 1498 3876 apostolici,

399 3892 488 3976 eujus
510 3912 626 3954 nomen
647 3890 771 3964 reticet,
796 3911 976 3954 sermonum
997 3891 1180 3975 frequenter
1201 3892 1389 3969 meminisse,
1413 3894 1498 3976 quod

398 4017 439 4060 ex
456 4016 525 4079 oup.
543 4013 593 4077 13.
608 3992 704 4075 hujus
723 3992 805 4069 libri,
826 4012 875 4076 19.
891 3999 925 4056 et
939 4008 993 4078 35.
1009 3992 1109 4069 tertii,
1125 3999 1158 4056 ot
1176 4013 1229 4076 45.
1246 3994 1362 4076 quarti,
1377 3993 1498 4057 elemm

398 4102 457 4159 est.
504 4093 583 4175 Quis
603 4099 712 4157 autem
734 4092 785 4156 ille
807 4094 861 4169 sit,
882 4115 955 4157 oum
977 4093 1166 4157 auerrimum
1188 4093 1318 4156 Eusebii
1339 4093 1498 4177 judioium

398 4197 527 4282 fugerit,
553 4217 618 4259 non
646 4218 668 4259 e
695 4216 746 4259 me
775 4203 934 4279 expectes.
996 4194 1239 4257 Fnunnnunrius
1268 4195 1309 4257 nd
1335 4195 1498 4259 Irmaeum.

399 4298 523 4363 Videsis
546 4296 676 4361 Eusebii
700 4296 803 4359 loeum
825 4296 1022 4379 desoriptum
1045 4316 1143 4379 supru
1167 4316 1240 4380 pag.
1258 4315 1311 4379 30.
1357 4295 1501 4361 Venusto,

398 4408 508 4465 eutem
521 4405 620 4483 utque
634 4396 762 4482 elegans
776 4395 938 4482 appellate
956 4395 1096 4460 Senioris
1109 4396 1180 4460 heee
1199 4398 1284 4477 ῥῆσις
1301 4404 1352 4460 est
1365 4418 1386 4460 e
1401 4395 1497 4461 Peer-

399 4500 489 4565 sonio
503 4499 625 4563 Vindio.
642 4499 747 4583 Ipnoi.
769 4497 807 4561 P.
818 4497 845 4562 Ι.
861 4519 929 4582 esp.
943 4497 982 4561 vi.
1002 4519 1055 4581 pp.
1068 4498 1118 4559 86.
1134 4503 1168 4560 et
1188 4496 1240 4579 96.
1259 4495 1342 4559 siout
1355 4495 1410 4560 illu
1424 4504 1503 4562 note

402 4624 474 4668 ιιι.
489 4601 665 4685 designata.

445 4705 483 4766 P.
499 4705 553 4781 48.
577 4702 598 4764 l.
613 4722 644 4785 5.
672 4701 826 4783 ἀκεραίως]
862 4700 1028 4783 Interpres
1053 4698 1166 4783 legisse
1192 4697 1327 4771 videtur,
1354 4697 1500 4778 ἀκέραιος,
