3809 5650
594 1777 1300 1883 ANNOTATIONES

694 2006 760 2096 ΙΝ
791 2013 1198 2097 momontum

841 2261 1058 2312 *4-

446 2463 483 2533 P.
496 2474 572 2553 467.
585 2471 603 2533 l.
618 2489 647 2552 7.
658 2471 758 2535 Ἀλλὰ
773 2474 817 2538 τίς
832 2472 916 2534 ἔστιν
931 2472 1016 2537 οὗτος
1031 2470 1102 2554 δια]
1118 2465 1275 2535 Eusebius
1289 2471 1322 2533 in
1337 2461 1419 2534 hunc
1434 2488 1500 2535 mo·-

401 2569 476 2631 dum
501 2572 654 2653 praefatus
675 2580 742 2635 est:
764 2577 826 2649 Τῆς
848 2573 880 2633 δὲ
904 2574 977 2633 κατὰ
999 2573 1118 2651 Φρύγας
1140 2574 1325 2649 καλουμένης
1347 2573 1498 2652 αἱρέσεως,

401 2671 449 2732 καὶ
469 2668 674 2738 Ἀπολλώνιος
700 2671 942 2750 έκκληοιαστικὸς
967 2672 1168 2751 συγγραφεὺς,
1193 2672 1377 2749 ἀκμαζούσης
1407 2673 1499 2735 εἰσέτι

400 2770 466 2834 τότε
491 2775 565 2835 κατὰ
587 2771 641 2851 τὴν
664 2773 799 2853 Φρυγίαν
823 2773 952 2854 ἔλεγχον
977 2770 1206 2851 ἐνστησάμενος,
1223 2776 1297 2837 ίδιον
1321 2771 1382 2836 κατ’
1404 2774 1500 2837 αὐτῶν

400 2874 557 2951 πεποίηται
572 2875 759 2954 σύγγραμμα·
779 2876 832 2938 τὰς
845 2875 902 2951 μὲν
919 2872 1088 2953 φερομένας
1109 2873 1206 2936 αὐτῶν
1224 2874 1407 2955 προφητείας
1425 2883 1501 2956 ψευ-

402 2978 463 3040 δεῖς
487 2975 579 3039 οὔσας
603 2976 675 3035 κατὰ
697 2973 781 3050 λέξιν
805 2973 945 3035 εὐθύνων·
970 2973 1025 3035 τὸν
1046 2975 1079 3034 δὲ
1100 2974 1172 3050 βίον
1198 2979 1257 3035 τῶν
1282 2978 1332 3050 τῆς
1358 2974 1501 3053 αἱρέσεως

402 3076 542 3157 ἆρχηγῶν
556 3075 657 3139 ὁποῖός
671 3094 714 3139 τις
728 3073 838 3154 γέγονε
858 3073 1035 3154 διελέγχων.
1060 3074 1158 3138 αὐτοῖς
1179 3074 1211 3134 δὲ
1231 3073 1342 3153 ῥήμασι
1360 3076 1428 3153 περὶ
1448 3075 1500 3137 τοῦ

402 3174 563 3236 Μοντονοῦ
578 3176 669 3233 ταῦτα
683 3172 827 3251 λέγοντος
842 3173 940 3233 ἄκουε·
966 3172 1077 3233 ΑΛΛΑ
1092 3173 1135 3237 τίς
1150 3173 1234 3235 ἔστιν
1245 3172 1330 3238 οὗτος
1346 3169 1402 3236 δια.
1440 3175 1503 3237 Sed

399 3282 426 3336 et
440 3273 620 3357 Apollonios
634 3271 846 3334 eocbesiasticuc
858 3272 996 3356 scriptor,
1011 3272 1220 3356 supradictam
1237 3271 1501 3359 Oatcpiryacrtoc

400 3375 538 3438 heresim
552 3373 651 3436 adire
669 3394 726 3435 soc
747 3380 834 3434 atate
851 3372 996 3456 σι’ροιιίιια
1015 3374 1151 3455 resistcre
1170 3395 1330 3458 αρρναοοοο,
1339 3375 1500 3458 peculiare

400 3476 544 3538 advorsus
558 3494 604 3537 coe
617 3473 750 3536 colerico
764 3473 908 3548 cordidit,
924 3474 1098 3556 tumfaieas
1107 3475 1282 3559 prophetias
1296 3496 1364 3559 qoae
1378 3475 1417 3539 ab
1436 3477 1487 3541 itt·

393 3576 657 3658 7σίτοιοιιιχονιιιιιιιι·
675 3573 821 3637 certatim
842 3574 1016 3658 caecutiens,
1031 3584 1095 3637 tum
1113 3576 1208 3638 citare
1227 3594 1376 3660 curesque
1399 3597 1500 3640 atron

400 3676 454 3759 qui
473 3675 595 3738 taeraie
612 3674 698 3737 illius
717 3684 851 3739 auctores
863 3676 1005 3758 fuerunt,
1021 3676 1191 3739 discutiam.
1236 3678 1284 3739 Ac
1301 3677 1338 3739 de
1351 3678 1500 3741 Montano

400 3777 530 3861 quidem,
545 3776 623 3840 aredi
636 3778 664 3840 si
670 3777 773 3861 piacet
787 3800 854 3861 qoae
868 3778 971 3840 ditat:
995 3776 1081 3839 SED
1097 3777 1242 3859 quisnem
1257 3782 1308 3838 cst
1324 3778 1379 3838 &c

446 3874 530 3940 Ibid.
549 3877 570 3940 l.
594 3900 624 3961 9.
648 3880 665 3939 ὁ
687 3876 806 3954 citatas
827 3879 929 3943 λύσεις
952 3876 1068 3959 γάμον]
1089 3876 1176 3938 Bene
1198 3875 1237 3939 cl.
1261 3870 1500 3940 Wcrnsdorfius

403 3981 432 4063 ξ.
448 3979 534 4041 xxix.
555 3978 659 4063 operis
675 3980 726 4041 De
745 3978 943 4041 Mactaristis
962 4000 993 4061 p.
1011 3977 1060 4059 89.
1077 3982 1098 4015 “
1113 3975 1249 4054 Ἐδίδοξε
1271 3977 1374 4042 λύσεις
1395 3975 1500 4058 γάμον

402 4088 422 4119 “
438 4102 502 4143 non
528 4079 674 4142 doctrina
693 4085 750 4142 aut
774 4078 899 4162 placitis
920 4079 996 4155 suis,
1012 4078 1068 4140 sed
1089 4077 1175 4141 iacto
1197 4099 1253 4141 scu
1279 4077 1423 4160 exemplo
1449 4099 1497 4152 co,

402 4190 422 4217 “
438 4182 522 4265 quod
548 4182 628 4244 duas
657 4180 863 4257 mulierculas,
892 4201 962 4263 quae
988 4179 1072 4242 viros
1100 4202 1175 4242 suos
1204 4178 1437 4261 dereliquerant
1464 4179 1497 4241 in

402 4291 421 4319 “
435 4303 564 4368 gregem
579 4281 828 4364 comitatumque
843 4301 934 4343 suum
954 4286 1145 4363 susceperat.
1193 4282 1275 4342 Haec
1295 4301 1384 4341 mens
1398 4279 1497 4363 Apol-

401 4393 422 4421 “
439 4380 545 4448 lonii?5
588 4383 818 4446 Verumtamen
833 4381 959 4445 aliunde
971 4388 1109 4456 constat,
1119 4380 1297 4443 adscribere
1312 4386 1497 4443 consuetum

402 4507 471 4548 esee
487 4483 694 4547 Montanistis
709 4482 870 4567 opiniones
884 4483 924 4545 de
939 4482 1058 4566 nuptiis
1072 4483 1177 4545 minue
1190 4481 1389 4546 honorifices.

448 4585 531 4647 Ibid.
546 4585 567 4647 l.
584 4606 613 4668 9.
633 4586 650 4646 ὀ
671 4586 807 4663 νηστείας
828 4582 1043 4667 νομοθετήσας]
1069 4583 1149 4647 Tres
1171 4583 1341 4669 quotannis
1365 4582 1499 4666 quadra·

401 4687 548 4772 gerimus,
564 4709 602 4751 ac
617 4693 773 4770 praeterca
788 4686 867 4749 dues
883 4684 1162 4769 Xerophaginrum
1177 4685 1394 4750 hebdomadas
1409 4685 1501 4748 Mon·

446 4795 513 4835 von.
530 4795 550 4836 1.
919 4791 937 4853 3
957 4794 973 4832 r
