3809 5650
485 688 534 750 IN
556 689 588 752 S.
608 692 920 758 APOLLINARIS
944 696 1131 759 HIERAP.
1151 696 1323 761 FRAGM.
1393 701 1450 764 171

353 833 501 913 humana,
519 860 582 901 non
597 841 636 903 de
652 842 770 905 Divina
786 843 898 919 solum,
914 845 968 907 sed
979 852 1013 907 ot
1028 845 1067 907 de
1083 845 1223 907 humana
1238 846 1261 905 J
1263 866 1317 907 esu
1331 846 1349 905 ί
1350 845 1451 908 'hristi

353 943 476 1012 natura,
502 940 555 1022 qui
579 944 674 1017 venit,
700 944 753 1007 οὐκ
778 948 811 1007 ἐν
832 948 872 1028 τῷ
898 950 981 1009 ὕδατι
1004 948 1108 1025 μόνον.
1133 956 1169 1008 ut
1190 946 1294 1030 pergit
1315 946 1451 1010 seribere

352 1040 526 1119 apostolus,
543 1041 612 1103 ἀλλ’
632 1046 666 1105 ἐν
685 1049 723 1128 τῷ
743 1047 826 1108 ὕδατι
848 1049 896 1109 καὶ
915 1049 956 1131 τῷ
972 1050 1081 1125 αἵματι,
1097 1049 1147 1110 eui
1164 1048 1290 1130 quidem
1317 1047 1449 1132 ἑνσάρκῳ

353 1139 401 1199 καὶ
413 1142 490 1222 Θείᾳ
501 1144 652 1226 οἰκονομίᾳ
667 1151 733 1207 tres
748 1147 828 1209 dant
840 1148 1066 1220 testimonium,
1084 1171 1196 1232 nempe
1213 1148 1358 1231 Spiritus,
1376 1148 1450 1230 quia

352 1249 402 1300 eet
422 1242 549 1315 veritas,
567 1266 669 1326 quem,
683 1254 719 1309 ut
734 1248 828 1310 modo
843 1248 964 1310 dietum
979 1258 1037 1325 est,
1056 1249 1142 1312 Deus
1155 1250 1245 1313 nobie
1265 1249 1364 1323 dedit,
1380 1258 1449 1311 tum

351 1350 477 1422 aquaet
488 1344 663 1427 sanguisex
676 1347 1145 1432 saeroOhristioorporeeffusi.
1170 1350 1224 1413 Ita
1234 1349 1387 1431 Spiritum
1398 1370 1449 1410 ve·

350 1440 458 1504 ritatis
469 1444 614 1508 Christus
625 1445 683 1523 ait,
694 1449 841 1511 Jonaxv.
850 1454 900 1513 αθ.
911 1450 970 1511 sibi
983 1451 1132 1514 daturum
1144 1473 1212 1513 esse
1220 1448 1447 1513 testimouium.

351 1542 455 1619 Adde,
477 1567 593 1627 quase,
614 1556 731 1630 praeter
748 1559 932 1613 consuetam
955 1551 1078 1614 illarum
1097 1573 1206 1614 vocum
1222 1573 1313 1634 aqaoe
1327 1558 1360 1613 ot
1380 1571 1448 1612 ςαο-

347 1645 453 1727 quiuis
467 1646 773 1731 interpretationem,
788 1660 943 1734 tanquam
961 1653 1095 1735 mystiea
1110 1653 1233 1715 ratione
1249 1652 1394 1736 spiritum
1415 1659 1448 1714 et

350 1766 476 1809 earnem
490 1748 743 1833 significantium,
755 1753 822 1815 haee
833 1753 865 1814 S.
873 1753 1045 1837 Scriptura>
1056 1754 1124 1817 laea
1133 1754 1175 1817 ad
1186 1775 1265 1825 rem,
1274 1753 1333 1815 nisi
1345 1752 1446 1828 fallor,

350 1848 553 1929 pertinentia.
579 1852 662 1914 Joau
678 1853 698 1914 i.
717 1873 778 1938 13„
800 1854 841 1916 iv.
863 1874 921 1931 14,
944 1855 1007 1916 xix.
1024 1875 1075 1937 34.
1100 1857 1182 1918 Mat.
1199 1854 1260 1916 xvi.
1281 1873 1327 1934 ¹7-
1360 1855 1447 1916 aaa.

350 1946 371 2008 i.
380 1966 412 2029 3.
422 1970 453 2023 4.
474 1949 548 2012 Ha.
561 1951 592 2014 ii.
608 1973 652 2029 ¹4·
672 1974 684 2015 1
698 1955 791 2017 Jooa.
804 1956 843 2018 iv.
856 1973 886 2031 α,
895 1977 939 2041 3.,
958 1957 1076 2019 2J0aa.
1089 1974 1117 2037 7.
1148 1956 1210 2017 Sed
1223 1955 1282 2017 hue
1295 1955 1445 2030 remissa,

350 2046 409 2111 hoo
424 2049 493 2112 loeo
508 2051 702 2135 Apollinaris
722 2064 883 2139 aquomst
902 2057 1078 2140 ασαραίαναα
1099 2056 1131 2118 in
1151 2055 1312 2136 evaugelio
1332 2078 1448 2118 momo-

349 2156 438 2212 ratos
453 2153 568 2215 saeoulo
583 2158 721 2220 seeundo
736 2157 874 2220 eoelesiae
890 2180 983 2220 sensu
999 2157 1154 2240 spirituali
1173 2158 1328 2240 exposuit.
1374 2159 1447 2221 Ait·

350 2252 465 2334 quode
486 2254 595 2317 iisdem
613 2258 867 2342 Theophylaotus
885 2260 1101 2322 Commentario
1119 2261 1153 2321 ia
1172 2259 1305 2321 lesan-ia
1322 2260 1443 2343 Εαααη.

349 2354 383 2414 τὸ
405 2356 462 2430 μὲν
484 2357 556 2433 αἷμα
576 2361 734 2436 σύμβολον
755 2373 865 2422 extare
890 2364 942 2422 τού
965 2360 1040 2422 εἶναι
1064 2361 1219 2437 ἄνθρωπον
1241 2360 1294 2421 τὸν
1316 2385 1445 2439 σταυρω-

350 2455 449 2527 θέντα,
466 2457 500 2519 τὸ
517 2461 550 2521 δὲ
564 2462 640 2539 ὕδωρ
654 2462 727 2540 ὑπὲρ
742 2461 908 2539 ἄνθρωπον,
925 2466 976 2521 τοῦ
992 2459 1068 2521 εἶναι
1083 2462 1174 2522 Θεόν.
1199 2481 1228 2541 ρ.
1244 2462 1314 2522 828.

393 2558 430 2620 P.
451 2580 521 2642 151.
533 2561 551 2623 l.
573 2578 619 2645 15.
639 2563 686 2623 καὶ
700 2563 768 2639 περὶ
780 2562 921 2638 ἀληθείας
934 2566 1051 2639 πρῶτον
1067 2562 1115 2622 καὶ
1130 2563 1280 2643 δεύτερον]
1309 2561 1446 2625 Photius

348 2658 381 2719 in
399 2659 590 2723 Bibliotheca
611 2662 687 2725 Ood.
710 2685 774 2724 xlv,
796 2660 1009 2741 Ἀπολιναρίον
1024 2660 1208 2722 Ἐπισκόπον
1233 2665 1284 2737 τῆς
1309 2665 1343 2723 ἐν
1357 2661 1446 2745 Ἀσίᾳ

347 2757 554 2840 Ἱεραπόλεως,
582 2764 656 2844 πρὸς
672 2761 838 2842 Ἕλληνας,
870 2764 917 2825 καὶ
946 2762 1014 2840 περὶ
1038 2762 1194 2838 εὐσεβείας
1220 2763 1267 2822 καὶ
1293 2763 1444 2841 ἀληθείας.

347 2860 541 2942 Ἀνεγνώσθη
556 2864 770 2943 Ἀπολιναρίου
790 2864 863 2941 πρὸς
873 2862 1039 2941 Ἕλληνας,
1056 2865 1103 2923 καὶ
1125 2863 1192 2940 περὶ
1208 2863 1374 2940 εὐσεβείας,
1399 2865 1446 2926 καὶ

348 2964 415 3039 περὶ
439 2965 588 3040 ἀληθείας.
613 2966 677 3026 ἔστι
703 2968 735 3026 δὲ
750 2964 953 3043 Ἱεραπολίτης
977 2965 993 3023 ἀ
1018 2962 1209 3041 συγγραφεὺς
1233 2966 1284 3038 τῆς
1309 2965 1342 3024 ἐν
1357 2964 1445 3046 Ἀσίᾳ

359 3065 543 3140 Ιεραπόλεως
557 3067 688 3144 γεγονὼς
703 3068 873 3129 ἐπίσκοπος.
898 3064 1008 3141 ἤνθησε
1021 3065 1053 3124 δὲ
1065 3063 1114 3123 ε’πὶ
1129 3062 1253 3140 Μάρκου
1264 3060 1445 3126 ’λντωνίνου

348 3163 443 3242 Βήρον
458 3166 610 3239 βασιλέως
622 3164 782 3244 Ῥωμαίων.
808 3168 964 3243 ἀξιόλογος
979 3166 1009 3224 δὲ
1026 3163 1126 3241 ὁάνὴρ
1142 3166 1189 3224 καὶ
1204 3165 1315 3242 φράσει
1327 3166 1444 3241 ἀξιολό-

346 3290 390 3347 γῳ
406 3266 595 3347 κεχρημένος·
620 3268 741 3346 λέγεται
756 3269 788 3327 δὲ
805 3267 893 3327 αὐτοῦ
909 3267 957 3326 καὶ
978 3265 1063 3341 ἔτερα
1078 3263 1294 3343 συγγράμματα
1309 3267 1444 3343 ἀξιομνη-

345 3367 473 3442 μόνευτα
489 3366 575 3437 εἶναι,
592 3369 636 3433 οἶς
650 3369 730 3430 οὔπω
742 3368 824 3445 ἡμεῖς
839 3368 1027 3446 ἐνετύχομεν.
1060 3363 1140 3426 Haec
1157 3364 1300 3428 Photius.
1333 3366 1442 3429 Fabri·

346 3465 412 3528 eius
434 3474 543 3529 autem
565 3467 598 3528 in
613 3467 737 3530 Ddeetu
752 3472 930 3549 Ανρανααπί.
947 3467 995 3527 De
1012 3466 1108 3549 Retia.
1128 3466 1307 3529 Christiana
1322 3490 1351 3551 p.
1373 3471 1444 3531 160.
1504 3547 1509 3554 Ι

346 3565 500 3630 incertum
527 3590 596 3631 esse
621 3579 725 3652 putat,
751 3590 793 3630 an
819 3590 899 3651 opus
925 3590 945 3629 a
973 3568 1089 3630 Photio
1113 3568 1229 3631 lectum
1249 3568 1332 3631 ide-m
1347 3570 1444 3634 fuerit

345 3669 533 3750 atqueillud
549 3669 723 3731 deperitura
741 3670 782 3731 ab
800 3669 939 3731 Eusebio
962 3677 1252 3741 commemoratum,
1270 3671 1364 3753 idque
1384 3673 1443 3734 sub

345 3769 441 3831 titulo
455 3771 522 3848 περὶ
538 3770 696 3848 εὐσεβείας
713 3773 760 3831 καὶ
776 3773 917 3847 ἀληθείας
937 3770 1050 3853 legerit
1067 3771 1213 3847 Photius‚
1228 3794 1267 3834 au
1285 3773 1443 3835 diversum

345 3870 440 3932 suerit
452 3892 531 3953 opus
545 3870 581 3932 de
589 3871 712 3954 pietate,
728 3874 796 3949 περὶ
805 3873 971 3949 εὐσεβείας,
987 3879 1084 3953 atque
1100 3872 1182 3934 idern
1194 3873 1330 3934 fortasse
1344 3882 1442 3955 atque

344 3971 420 4033 iliud
444 3974 519 4049 ὑπὲρ
542 3974 678 4044 πίστεως.
699 3972 744 4034 ita
765 3982 898 4034 vocante
920 3972 1099 4053 Nioophoro
1114 3971 1228 4063 librum
1246 3972 1326 4054 Imp.
1341 3974 1442 4037 Anto-

344 4072 419 4134 nino
434 4071 586 4135 oblatum.
626 4072 736 4134 Verba
752 4072 919 4155 Nicephori
935 4080 1019 4143 sunt,
1037 4074 1053 4132 ὁ
1068 4073 1140 4149 πρὸς
1154 4071 1335 4135 Ἀντωνῖνον
1350 4078 1443 4154 λόγος

344 4174 418 4250 ὑπὲρ
432 4177 483 4249 τῆς
497 4176 634 4238 πίστεως.
659 4173 819 4255 Quidquid
842 4174 881 4234 de
902 4172 1007 4234 libello
1030 4172 1155 4254 quidem
1177 4173 1218 4234 ad
1242 4174 1441 4236 Antoninum

343 4274 533 4347 censebitur,
550 4274 752 4356 persuadebit
767 4273 911 4346 sortasse,
928 4282 965 4334 ut
980 4273 1136 4334 diversum
1148 4295 1227 4355 opus
1243 4274 1442 4339 existimetur

342 4375 423 4437 liber
436 4377 472 4438 de
488 4378 609 4439 Pietate
630 4375 740 4438 abillo
760 4375 797 4437 de
819 4375 1195 4457 Veritate,ipsaoensu1·a
1221 4375 1390 4451 Plrotiana‚
1409 4378 1439 4440 in

343 4499 407 4560 qua
421 4480 489 4556 περὶ
504 4478 670 4560 ropetitur.
717 4477 867 4540 Diversus
887 4477 985 4538 libros
1003 4496 1071 4537 esse
1090 4474 1313 4539 existimarunt
1331 4476 1440 4541 Hallo

343 4578 425 4641 ixius
448 4580 522 4640 Via.
547 4580 623 4640 PP.
644 4578 789 4640 θνύεαίαί.
812 4586 889 4641 tom.
907 4577 936 4639 ii.
960 4598 988 4659 p.
1007 4594 1079 4658 799.
1100 4585 1132 4638 et
1160 4577 1349 4641 Gallandius
1371 4578 1440 4644 loeo

343 4701 439 4763 supra
455 4689 631 4741 memorato
646 4700 719 4762 pag.
740 4695 809 4760 157.

865 4800 880 4838 z
898 4796 915 4839 2
