3809 5650
534 690 583 755 IN
606 692 672 758 ΒΒ.
697 693 963 759 DIONYSIUM
988 693 1045 758 ET
1070 693 1299 760 PINYTUM.
1404 701 1469 769 199

364 860 539 935 disseritur,
556 883 628 925 cum
643 862 728 937 alibi,
745 870 814 926 tum
829 864 915 947 apud
930 863 1072 928 Oonciliu
1087 865 1146 928 sub
1161 864 1330 950 Cypriane,
1349 889 1420 951 quae
1435 869 1468 933 iu

363 960 573 1026 voluminibus
584 963 653 1046 jam
667 963 832 1042 secuturis,
848 966 875 1028 si
894 967 984 1029 Deus
999 964 1097 1030 vitem
1119 965 1196 1029 mihi
1211 966 1354 1052 viresque
1374 968 1468 1034 dede·

362 1062 417 1137 rit,
431 1084 506 1126 mox
522 1064 684 1128 sistentur.

406 1162 444 1225 P.
464 1165 534 1248 183.
548 1163 568 1227 l.
579 1180 610 1249 5.
641 1167 828 1250 Κνωσσίους]
857 1169 1032 1235 Κνωσσίους
1056 1190 1128 1231 oum
1151 1167 1269 1251 duplici
1288 1166 1383 1231 litero,
1404 1170 1467 1234 Ni*

361 1263 440 1348 ceph.
456 1272 490 1328 et
504 1265 552 1328 ed.
572 1265 685 1329 Valerii
704 1267 830 1330 Gnosius
849 1267 955 1330 Rufin.
973 1266 1120 1330 solemnis
1141 1272 1191 1330 est
1206 1268 1239 1329 in
1259 1267 1319 1331 hoc
1340 1269 1467 1334 nomine

360 1366 527 1429 scribendo
542 1367 688 1431 varietas.
704 1369 790 1452 apud
811 1368 1034 1452 Pelaephatum
1055 1391 1125 1453 esp.
1138 1368 1199 1431 xvi.
1216 1368 1368 1432 scribitur
1383 1373 1467 1435 Κνοί·

361 1493 435 1540 σιος,
462 1468 574 1532 sedet
596 1468 733 1532 ibicod.
758 1469 912 1533 Cantabr.
937 1477 972 1533 et
997 1468 1096 1533 editio
1121 1469 1212 1533 Galei
1238 1469 1336 1534 habet
1363 1474 1465 1536 Γνώσ-

362 1593 435 1634 σιος.
490 1570 637 1636 Κνωσσὸς
667 1571 800 1656 entique
831 1571 900 1635 haeo
930 1571 1008 1634 urbs
1046 1571 1226 1656 appelletur
1260 1573 1302 1636 eb
1337 1574 1466 1639 Heuwro

363 1668 477 1754 Odyss.
495 1670 559 1732 xix.
575 1673 646 1752 178.

489 1777 578 1836 Τοῖσι
593 1771 617 1836 δ’
635 1773 679 1836 ἐνὶ
694 1772 840 1839 Κνωσσὸς
854 1769 971 1853 μεγάλη
987 1773 1074 1838 πόλις
1089 1771 1162 1835 ἔνθα
1176 1797 1208 1834 τε
1224 1774 1328 1838 Μίνως

748 1875 896 1952 βασίλευε

362 1998 514 2064 Similiter
538 2022 559 2064 a
583 2000 743 2064 Ptelemaeo
769 2006 802 2064 et
825 1997 974 2064 Stroboeee
1001 1999 1056 2062 iib.
1073 2021 1103 2062 x.
1127 1998 1182 2061 ubi
1205 1998 1334 2063 uberius
1360 2000 1400 2064 de
1425 2021 1465 2068 ee

359 2100 437 2184 egit,
452 2122 491 2164 uc
512 2102 596 2165 undu
618 2123 721 2185 penca
741 2101 810 2164 haec
832 2101 929 2164 verbe
951 2122 1022 2184 quae
1045 2099 1183 2164 maxims
1205 2100 1267 2164 huc
1288 2102 1463 2186 pertinent,

359 2201 520 2266 adscribo:
543 2202 647 2269 πόλεις
669 2201 693 2266 δ’
713 2203 791 2266 εἰσὶν
814 2205 847 2265 ἐν
868 2206 905 2288 τῇ
925 2201 1024 2288 Κρήτῃ
1046 2204 1169 2268 πλείους
1189 2204 1255 2282 μὲν,
1270 2202 1409 2285 μέγισται
1431 2206 1464 2270 δὲ
1546 2261 1547 2266 ,

361 2302 408 2365 καὶ
434 2302 671 2383 ἐπιφανέσταται
696 2308 783 2382 τρεῖς,
812 2304 969 2380 Κνώσσος,
991 2305 1132 2383 Γόρτυνα,
1152 2304 1295 2367 Κυδώνια
1330 2303 1463 2370 Sumen.

361 2401 442 2467 Hoec
472 2403 654 2481 Strothius;
685 2404 816 2489 perinde
845 2412 941 2488 etque
970 2404 1094 2469 Julium
1124 2404 1313 2470 Africanum
1340 2412 1464 2472 Γνῶσον

360 2504 477 2569 hebere
488 2505 579 2569 video
594 2506 680 2590 apud
697 2505 832 2590 Syncclli
847 2506 1073 2591 Ctrmsoyrapls.
1090 2529 1121 2591 p.
1134 2527 1201 2591 ¹49·
1213 2506 1264 2571 hio
1285 2529 1358 2572 vero
1374 2509 1464 2573 Stro-

360 2606 446 2670 thius
471 2607 613 2670 editionis
634 2607 736 2692 Steplt.
759 2607 928 2670 lectionem
952 2609 1104 2673 Κνωσίους
1126 2629 1184 2691 per
1204 2608 1378 2692 simplicem
1393 2634 1411 2672 ν
1429 2610 1464 2673 in

360 2731 450 2773 suam
459 2709 536 2772 edit.
547 2709 715 2773 revocavit.
740 2710 803 2773 Sed
815 2732 887 2773 cum
893 2709 1019 2773 Valesio
1032 2709 1109 2772 iacit
1118 2709 1191 2772 MS.
1198 2708 1351 2773 Bodlseu
1359 2711 1461 2775 Socii.

360 2809 465 2887 immo,
482 2817 519 2874 ut
534 2811 697 2875 Burtonus
716 2833 799 2876 nune
813 2811 922 2882 reiert,
939 2809 1064 2875 codices
1079 2831 1187 2874 omnes
1203 2818 1321 2895 prseter
1334 2812 1463 2897 Ιίοσίιυιι

359 2919 393 2978 et
406 2913 609 2977 Florentino&
648 2913 728 2975 Mox
744 2911 788 2976 ἐπ’
805 2911 950 2993 ἀνάγκαις
965 2932 1024 2995 pro
1039 2911 1205 2992 ἐπάναγκες
1219 2914 1294 2976 MS.
1310 2913 1451 2995 Norfole.

404 3014 487 3077 Ibid.
511 3013 531 3077 l.
549 3030 578 3096 7.
609 3020 670 3080 τοῖς
694 3014 852 3096 ἀδελφοῖς]
887 3013 968 3077 Onrn
994 3012 1058 3090 alii,
1083 3019 1152 3075 tum
1182 3013 1230 3076 vir
1260 3013 1463 3078 doctissimus

360 3114 443 3178 Hen.
456 3114 628 3178 Whnrton.
645 3116 685 3178 de
704 3115 788 3178 ciero
803 3122 931 3178 tentum
945 3114 997 3176 hic
1012 3113 1063 3198 egi
1079 3119 1197 3190 monet,
1212 3136 1243 3198 p.
1254 3117 1304 3177 60.
1321 3114 1392 3177 libri
1413 3115 1462 3178 sui

358 3217 408 3279 De
423 3214 572 3280 celibatu
587 3216 680 3292 Cleri,
696 3215 833 3301 Anglice
847 3216 955 3301 lingua
970 3214 1139 3299 conscripti
1152 3240 1162 3288 3
1179 3223 1397 3279 verumtamen
1411 3217 1462 3281 his

360 3318 502 3401 Dionysii
515 3318 618 3381 verbis
637 3318 791 3381 secundas
811 3318 940 3402 nuptias
954 3316 1094 3380 fidelium
1109 3316 1249 3380 omnium
1268 3318 1377 3401 potius
1396 3318 1459 3404 sig-

360 3420 480 3484 nificari
495 3428 616 3504 putem,
631 3443 724 3503 quam
740 3420 813 3483 cleri
830 3420 1023 3484 coelibatum.

403 3521 487 3585 ibid.
507 3521 528 3583 l.
546 3522 575 3583 8.
598 3523 767 3604 ἀσθενείας]
795 3520 858 3584 Ηὶο
881 3520 1026 3604 sequitur
1050 3519 1136 3602 apud
1161 3517 1333 3582 Eusebium
1357 3521 1461 3587 brevis

359 3624 503 3706 quaedem
518 3622 669 3706 responsi,
686 3623 770 3705 quod
786 3624 886 3687 dubet
904 3623 1040 3707 Pinytus
1059 3621 1101 3684 nd
1117 3620 1316 3706 Dionysium,
1332 3623 1458 3701 notitia,

358 3747 453 3808 quem
468 3725 612 3809 proxime
627 3734 699 3809 post
714 3724 868 3788 allaturus
883 3747 961 3788 sum.

403 3827 485 3890 Ibid.
500 3826 521 3888 l.
541 3847 587 3889 10.
611 3824 630 3912 ᾗ
644 3830 680 3889 τὰ
696 3834 873 3905 κατάλληλα
888 3827 957 3911 duc]
982 3830 1241 3906 Παραφραστικῶς
1256 3824 1353 3890 vertit
1368 3834 1460 3890 votus

355 3929 512 4012 interpres
534 3928 678 4003 Rufinus,
701 3929 735 3990 iu
758 3951 819 4012 quc
841 3930 1045 3991 conuenienter
1068 3927 1116 3990 uel
1136 3927 1221 3990 secui
1244 3926 1460 3991 celenensem

354 4031 425 4112 effes,
441 4029 677 4093 rutiouebileeei
696 4028 797 4092 divini
812 4030 895 4092 verbi
913 4028 1046 4092 nstituit
1062 4028 1166 4111 depes.
1211 4026 1276 4090 His
1290 4028 1458 4111 subjunxit

359 4131 526 4206 Eusebius,
543 4132 601 4194 Καὶ
615 4134 652 4193 τά
667 4133 722 4210 μὲν
737 4132 789 4193 τοῦ
807 4133 969 4195 Διονυσίου
984 4134 1123 4194 τοσαῦτα.

722 4348 1093 4382 ——0--·-

403 4498 441 4560 P.
456 4496 525 4576 184.
541 4499 560 4560 l.
572 4518 602 4579 9.
619 4498 757 4577 θαύμαζει
776 4499 833 4575 μὲν
850 4495 899 4559 καὶ
921 4495 1101 4576 ἀποδέχεται
1122 4491 1299 4578 Διονύσιον]
1324 4493 1457 4561 Rufinus

358 4598 405 4661 itu
419 4600 527 4676 vertit,
541 4599 598 4663 Ad
611 4619 679 4683 qeae
693 4596 854 4661 rescribens
869 4597 1004 4679 Piuytus
1022 4594 1181 4679 Dionysio,
1196 4596 1372 4660 moutam
1390 4598 1456 4681 qei-

357 4700 423 4763 dem
449 4700 568 4764 seruitii
592 4699 723 4762 melium
750 4698 948 4783 amplectitur,
976 4697 1121 4783 simulque
1149 4693 1278 4761 obserat
1306 4720 1373 4763 eum
1397 4700 1453 4763 &e
