3809 5650
336 653 401 713 210
660 652 907 730 RELIQUIAE
931 653 1107 720 SACRAE.

336 825 510 920 Χριστοῦ.
530 824 806 921 παρακαλοῦμεν
820 857 866 902 σε
879 833 1002 904 πεῖσαι
1015 825 1153 911 πάντας
1165 829 1251 913 τοῦς
1266 832 1463 918 ἐλθόντας

334 958 382 1034 εἰς
400 951 466 1049 τὴν
485 952 618 1054 ἡμέραν
635 961 699 1033 τοῦ
721 955 850 1058 πάσχα
872 962 952 1059 περὶ
970 960 1103 1055 Ἰησοῦ.
1129 964 1193 1039 σοὶ
1217 962 1294 1064 γὰρ
1310 966 1462 1052 πάντες

332 1082 538 1182 πειθόμεθα.
569 1085 667 1181 ἡμεῖς
685 1086 756 1187 γὰρ
775 1091 1021 1190 μαρτυροῦμεν
1039 1125 1101 1170 σοι
1126 1096 1185 1172 καὶ
1207 1103 1283 1180 πᾶς
1301 1100 1325 1175 ὀ
1345 1101 1458 1199 λαός,

333 1218 387 1296 ὀτι
405 1219 537 1301 δίκαιος
556 1217 596 1315 εἷ,
615 1225 673 1298 καὶ
693 1220 777 1298 ι’ὀτι
795 1221 994 1322 πρόπαππον
1012 1224 1054 1300 οῦ
1072 1224 1282 1322 λαμβάνεις.
1311 1239 1454 1312 πεῖσον

332 1348 398 1431 οὖν
422 1350 472 1429 σῦ
490 1351 554 1432 τόν
577 1352 690 1456 ὄχλον
712 1356 792 1453 περὶ
811 1355 935 1453 Ἰησοῦ
960 1354 1010 1451 μὴ
1034 1363 1257 1440 πλανᾶσθαι.
1288 1367 1352 1441 καὶ
1371 1366 1478 1470 γᾶρ5

330 1492 401 1569 πᾶς
426 1484 550 1568 ὀλοὸς
568 1490 626 1564 καὶ
649 1485 780 1569 πάντες
797 1486 991 1584 πειθόμεθοὶ
1009 1523 1080 1568 σοι.
1104 1496 1213 1588 στῆθι
1232 1495 1298 1574 οὖν
1319 1500 1383 1578 ε’πὶ
1401 1499 1449 1580 τό

329 1619 521 1720 πτερύγων
551 1628 614 1698 τοῦ
644 1627 748 1723 ἱεροῦ,
778 1622 835 1698 ἵνα
867 1621 1003 1700 ἄνωθεν
1032 1619 1074 1724 ᾗς
1105 1625 1291 1729 ἐπιφανὴς,
1421 1715 1431 1737 .

330 1751 529 1831 εῦάκουστοὶ
547 1787 617 1832 σου
642 1753 689 1832 τὰ
714 1752 856 1856 ῥήματα
877 1760 985 1833 παντὶ
1014 1761 1064 1861 τῷ
1091 1763 1181 1863 λαῷ.
1213 1759 1272 1837 διὰ
1301 1761 1378 1865 γὰρ
1397 1765 1445 1845 πό

328 1885 458 1990 πάσχα
482 1887 756 1985 συνεληλύθασι
783 1894 901 1967 πᾶσαι
933 1896 969 1968 αἱ
1002 1893 1115 1995 φυλαὶ
1147 1890 1239 1982 μετόι
1267 1898 1328 1974 καὶ
1362 1906 1444 1978 τῶν

327 2023 449 2099 ἐθνῶν.
493 2020 656 2115 ἔστησαν
688 2017 752 2099 οὖν
784 2026 816 2098 οἱ
845 2023 1088 2123 προειρημένοι
1122 2035 1343 2126 γραμματεῖς
1375 2035 1441 2113 καὶ
1455 2078 1494 2117 ιο

327 2161 515 2259 φαρισαῖοι
538 2153 603 2231 τόν
619 2151 793 2248 Ἰάκωβον
811 2155 868 2231 ἐπὶ
893 2153 935 2234 τό
963 2155 1152 2257 πτερύγων
1168 2167 1233 2237 τοῦ
1251 2169 1353 2252 ναοῦ,
1374 2170 1441 2248 καὶ

326 2287 481 2392 ἔκραξαν
513 2289 608 2392 αὐτῷ
635 2289 694 2364 καὶ
721 2283 830 2365 εἷπον·
870 2289 994 2366 Δίκαιε
1023 2285 1053 2394 ᾧ
1078 2286 1209 2372 πάντες
1239 2294 1440 2380 πείθεσθαι

326 2421 528 2524 ὀφείλομεν,
541 2421 615 2498 ἐπεὶ
629 2422 649 2498 ὀ
668 2418 757 2504 λαός
768 2428 948 2499 πλανᾶται
968 2421 1085 2500 ὀπίσω
1098 2423 1221 2520 Ἰησοῦ
1234 2434 1300 2504 τοῦ
1316 2462 1438 2512 σταυ-

324 2554 509 2655 ρωθεῖπος,
528 2553 752 2656 ἀπάγγειλον
775 2556 860 2653 ἡμῖν
883 2556 936 2638 τίς
960 2555 1094 2656 ἡθύρα
1115 2563 1179 2635 τοῦ
1203 2559 1339 2655 Ἰησοῦ.
1371 2570 1437 2646 καὶ

323 2688 537 2787 ἀπεκρίνατο
556 2694 660 2793 φωνῇ
677 2687 831 2791 μεγάλη·
863 2687 901 2766 τί
914 2721 958 2783 με
981 2688 1178 2789 ε’περωτοῖτε
1199 2693 1280 2790 περὶ
1301 2693 1434 2793 Ἰησοῦ
1450 2742 1460 2780 ι
1466 2742 1487 2799 5

323 2827 389 2902 τοῦ
407 2828 482 2902 υἱοῦ
501 2828 566 2902 τοῦ
579 2819 769 2925 ἀνθρώπου
783 2855 794 2917 ;
816 2825 875 2900 καὶ
889 2817 994 2902 αῦτός
1007 2816 1159 2918 κάθηται
1168 2825 1207 2899 ἐν
1219 2829 1271 2927 τῷ
1285 2828 1431 2938 οὐρανῷ

322 2959 362 3036 ἐκ
376 2957 502 3062 δεξιῶν
518 2961 582 3056 τῆς
599 2955 763 3056 μεγάλης
788 2952 977 3051 δυνάμεως,
996 2959 1055 3034 καὶ
1078 2953 1207 3051 με’λλει
1225 2956 1429 3061 θέρχεσθαι

321 3208 372 3283 qui
392 3208 468 3264 festo
491 3208 608 3265 Pascha
630 3206 678 3263 die
695 3207 754 3262 huc
776 3224 845 3261 con.
896 3202 1067 3260 Judoeorum
1087 3202 1181 3260 tribus
1201 3216 1231 3262 et
1255 3225 1291 3263 ex
1315 3209 1425 3271 Genti.

322 3287 453 3350 veniunt.
475 3296 508 3343 ut
530 3286 566 3343 de
587 3286 660 3342 Jesu
682 3294 760 3341 recte
781 3303 845 3340 sen·
897 3284 950 3341 bus
980 3302 1039 3338 non
1069 3281 1152 3359 pauci
1185 3283 1243 3343 huc
1275 3306 1424 3350 convene.

321 3367 404 3423 tiant.
447 3365 514 3420 Tibi
536 3365 613 3421 enim
635 3382 735 3419 omnes
758 3361 843 3418 fidem
896 3372 974 3420 runt.
1017 3360 1150 3418 Posthac
1166 3364 1323 3438 supradicti
1340 3367 1423 3428 Scri.
1437 3398 1478 3438 20

320 3444 478 3509 habemus;
500 3452 616 3499 etcum
637 3441 772 3498 universo
792 3461 843 3517 po-
897 3442 938 3499 bae
965 3451 995 3497 et
1025 3440 1161 3497 Pharisoei
1183 3461 1249 3499 cum
1273 3444 1422 3508 Jacobum

320 3522 391 3598 pulo
413 3522 467 3579 hoc
486 3522 540 3578 tibi
563 3520 760 3578 testimonium
778 3540 844 3596 per-
895 3521 925 3576 in
955 3520 1072 3598 fastigio
1096 3520 1196 3595 templi
1218 3521 1420 3595 collocassent,

319 3603 461 3669 bibemus,
480 3600 674 3676 justissimum
698 3609 727 3655 te
749 3599 844 3657 virum
894 3610 1031 3657 contenta
1055 3619 1124 3656 voce
1150 3600 1192 3658 sic
1215 3621 1282 3658 cum
1307 3603 1421 3682 alloqui

319 3702 390 3748 esse,
409 3701 462 3739 nec
481 3678 573 3737 ullum
596 3678 673 3756 apud
695 3688 724 3735 te
746 3698 844 3756 perso·
894 3689 1055 3754 coeperunt.
1098 3677 1127 3736 0
1162 3679 1249 3738 Juste
1280 3683 1326 3738 cui
1363 3705 1421 3745 nos

318 3781 420 3820 narum
446 3759 599 3819 discrimen
621 3756 726 3815 valere.
770 3757 842 3815 Pro·
893 3778 993 3815 omnes
1017 3757 1103 3815 fidem
1126 3757 1262 3816 adhibere
1288 3780 1339 3837 par
1360 3775 1417 3832 est,
1432 3794 1470 3853 25

318 3843 387 3900 inde
414 3841 491 3920 plebi
524 3837 665 3917 persuade
697 3858 733 3896 ne
768 3837 842 3895 circa
892 3836 1125 3913 quandoquidem
1161 3837 1287 3913 populus
1322 3845 1419 3904 omnis

317 3923 420 3981 Jesum
439 3922 575 3997 deinceps
598 3919 720 3975 aberret.
763 3918 840 3974 Nam
891 3927 977 3981 errat,
993 3918 1092 3974 Jesum
1107 3926 1221 3974 sectans
1230 3919 1416 3991 crucifixum,

316 4013 347 4060 et
366 4004 517 4060 universus
536 3997 672 4078 populus,
687 4009 717 4055 et
738 4017 790 4053 nos
805 3995 840 4052 li·
891 3995 962 4053 doce
981 4016 1034 4052 nos
1057 3993 1136 4070 quod
1156 3995 1194 4052 ait
1212 3996 1320 4054 ostium
1340 4000 1418 4061 Jcsu

316 4083 418 4140 benter
437 4082 489 4140 tibi
508 4080 750 4155 obtemperamus.
780 4075 837 4132 As·
890 4074 985 4130 suffiri
1021 4074 1109 4132 cruci.
1164 4074 1248 4132 'hinc
1285 4075 1417 4140 Jacobus

316 4161 407 4219 cende
428 4162 519 4237 igitur
543 4160 573 4215 in
596 4157 744 4233 fastigium
765 4166 839 4212 tem.
890 4153 970 4211 edita
990 4172 1061 4210 voca
1081 4153 1117 4210 iis
1136 4154 1295 4229 respondit.
1331 4158 1415 4228 Quid
1425 4190 1469 4246 30

315 4240 365 4315 pli,
389 4253 422 4298 ut
443 4241 473 4297 in
495 4239 612 4296 sublimi
631 4236 695 4293 loco
717 4235 837 4312 positus,
889 4252 946 4295 mc.
993 4231 1098 4308 inquit,
1142 4233 1327 4309 interrogatis
1375 4237 1414 4298 de

315 4321 351 4375 ab
375 4319 510 4375 omnibus
537 4316 663 4391 conspici
692 4326 722 4372 et
750 4331 837 4371 exau·
888 4312 960 4368 Jcsu
992 4309 1052 4367 tilio
1077 4312 1222 4368 hominis?
1269 4313 1337 4390 lpse
1367 4336 1414 4375 ω.

315 4396 370 4453 diri
385 4395 470 4453 facile
485 4396 586 4472 possis.
621 4396 696 4451 Nam
713 4393 837 4450 Pascha.
888 4390 938 4447 det
967 4390 996 4446 in
1022 4389 1092 4447 coelo
1115 4411 1132 4448 a
1155 4389 1266 4448 dextris
1291 4413 1414 4454 summac

314 4474 350 4532 lis
380 4475 572 4531 solemnitatis
595 4472 696 4550 grstia,
726 4481 837 4528 cunctas
888 4470 1014 4536 virtutis,
1030 4479 1060 4525 ct
1081 4480 1220 4528 venturus
1239 4481 1283 4527 est
1306 4471 1335 4528 in
1355 4493 1412 4531 nu.

498 4666 513 4702 b
526 4663 584 4710 lanc
596 4679 637 4709 xx.
652 4676 688 4709 ιι.
997 4671 1009 4699 ⁰
1022 4661 1096 4710 Matt.
1103 4662 1172 4710 xxvi.
1184 4661 1223 4719 ⁶4.
