3809 5650
457 688 508 752 IN
533 686 677 752 EPIST.
704 687 921 752 VIENNEN.
947 688 1004 752 ET
1030 689 1294 757 LUGDUNEN.
1361 697 1425 759 343

327 863 346 890 “
362 853 480 938 petrari
496 853 571 917 sassi
587 860 691 918 erant.
735 855 782 918 At
797 876 871 918 vere
886 855 970 918 unde
985 863 1109 920 eonstet
1124 855 1230 940 lapsos
1244 857 1313 921 haee
1324 858 1425 924 sasso's

325 956 431 1032 fuisse,
447 955 567 1041 ignoro,
583 954 738 1038 siquidem
753 955 968 1040 delapsarum
988 956 1202 1042 hujuseemedi
1222 959 1424 1036 confessione,

325 1058 413 1133 nihil,
424 1057 509 1142 quod
520 1058 660 1132 credam,
669 1057 737 1121 haee
748 1057 832 1122 inter
841 1065 959 1121 exstat.
988 1058 1107 1122 Valesii
1118 1059 1283 1123 lectionem
1296 1061 1424 1127 firmant

323 1161 414 1223 Leett.
438 1161 537 1223 Vener.
554 1159 626 1223 MS.
642 1159 782 1244 Norsele.
798 1181 870 1223 cum
884 1161 1033 1244 diurpiue
1051 1161 1153 1245 steph.
1168 1160 1213 1225 ed.
1230 1162 1265 1224 in
1279 1161 1423 1227 Bibliotd.

324 1262 415 1325 Bodi.
431 1262 741 1348 aerumnarumque
752 1263 837 1326 Leett
889 1263 1012 1326 Extare
1026 1262 1058 1326 in
1071 1265 1201 1327 Maste
1212 1265 1306 1348 Rapio
1316 1266 1423 1330 Paris.

327 1385 355 1428 1.
371 1365 612 1451 Floreat-irasque
627 1365 781 1451 Stephani
799 1364 975 1440 lectionem,
992 1364 1089 1429 refert
1109 1364 1235 1449 quidem
1251 1365 1422 1443 Burtonus,

323 1468 378 1529 sed
399 1474 482 1530 teste
504 1467 648 1531 eodieum
668 1465 925 1531 Florentinorum
947 1466 1115 1530 collatione
1130 1467 1344 1545 Gronoviaua,
1360 1491 1425 1533 uua

324 1569 364 1632 de
378 1568 439 1632 illis
458 1568 654 1650 βλασφήμοις
674 1567 814 1632 habebat
833 1589 853 1631 a
873 1567 976 1651 prima
995 1590 1101 1644 manu,
1118 1570 1194 1632 dum
1213 1569 1245 1632 in
1265 1568 1367 1636 ultera
1387 1579 1424 1637 ut

323 1668 417 1732 lectio
432 1668 567 1745 varians,
583 1669 626 1733 ad
641 1690 730 1733 oram
744 1669 945 1733 afferebatur.

366 1768 404 1831 P.
420 1768 533 1854 3041.
553 1787 601 1850 17.
618 1774 678 1834 πῶς
698 1769 736 1832 δν
756 1770 858 1832 eata
879 1766 1022 1855 φάγοιεν]
1037 1768 1205 1834 Erubescat
1226 1792 1312 1834 error
1333 1780 1425 1835 esaar

325 1869 517 1942 Christ-ienae,
533 1870 586 1954 qui
599 1891 636 1932 ae
649 1868 833 1933 aniruadiam
847 1871 966 1955 quiden
980 1872 1155 1956 eartpuiaern
1175 1871 1209 1934 in
1227 1871 1323 1956 epuiis
1342 1894 1422 1937 σοσιι-

322 1972 411 2035 lentie
425 1971 576 2048 dade-rrius,
590 1973 644 2057 qui
652 1981 816 2057 prepterea
836 1995 948 2058 queque
966 1974 1119 2055 suffocatis
1138 1983 1165 2036 et
1183 1973 1349 2037 nwrtieinie
1368 1972 1422 2037 ab·

320 2074 469 2149 etiuemue,
484 2096 522 2137 ne
540 2095 598 2158 que
616 2073 702 2137 mode
720 2074 866 2157 sanquine
886 2074 1122 2138 comminemur
1135 2074 1183 2138 eei
1201 2075 1287 2138 intra
1307 2074 1423 2139 aiacem

320 2176 442 2260 sep-ulte.
466 2175 596 2241 Tertull.
613 2175 708 2260 Apol.
725 2198 794 2259 eap.
811 2197 840 2258 9.
887 2177 1011 2240 Eadem
1027 2176 1092 2240 fere
1106 2184 1253 2240 asserunt
1269 2176 1423 2261 Origenes

321 2286 434 2342 eontra
449 2277 575 2343 Celsum
589 2277 644 2341 lib.
662 2276 724 2341 viii.
741 2279 826 2343 eirea
840 2279 987 2342 medium.
1028 2280 1186 2345 Mirrutius
1202 2279 1293 2342 Felix
1308 2280 1420 2345 Oetav.

322 2403 393 2464 pag.
420 2399 473 2464 55.
500 2380 602 2443 Clem.
629 2380 723 2443 Alex.
749 2381 879 2465 Paedag.
903 2381 956 2444 lib.
980 2381 1022 2444 iii.
1046 2403 1114 2467 eap.
1138 2402 1169 2464 3.
1192 2404 1291 2467 prope
1316 2383 1422 2450 finem.

321 2480 464 2544 Ecclesia
489 2480 662 2544 Orientalis
687 2481 769 2545 hane
791 2482 1018 2546 abstinentiam
1042 2493 1195 2566 perpetuo
1218 2487 1364 2560 servavit,
1388 2495 1422 2551 et

320 2583 494 2646 etiamnum
509 2590 625 2646 servat.
673 2582 889 2667 Augustinum
903 2605 986 2660 vero,
1003 2583 1143 2668 aliosque
1159 2584 1300 2669 ejusdem
1315 2587 1422 2652 artatis

321 2682 529 2759 Christianos,
545 2683 577 2747 in
598 2684 759 2748 contraria
778 2684 874 2747 fuisse
896 2683 1055 2768 opinione,
1070 2707 1109 2747 ex
1132 2685 1181 2748 his
1203 2685 1301 2770 ipsius
1316 2689 1422 2753 verbis

320 2783 424 2869 palam
440 2791 499 2848 est.
535 2785 580 2849 m
594 2783 645 2848 udi
659 2783 780 2850 οσσίοοιά
792 2785 926 2870 peruium
941 2785 1014 2849 tutis
1027 2787 1128 2868 effecta
1144 2796 1195 2864 est,
1210 2797 1244 2851 ut
1257 2789 1291 2852 ia
1306 2811 1341 2853 ea
1354 2789 1422 2853 aul-

320 2886 367 2949 lue
381 2886 528 2951 Israelita
543 2887 679 2952 amun
693 2896 865 2973 appareut,·
889 2887 1035 2972 quiajam
1048 2888 1101 2952 Ιιοο
1114 2887 1255 2966 obserat,
1271 2900 1305 2954 ut
1318 2892 1422 2956 turdos

320 2989 368 3052 eei
379 2990 553 3054 minutiores
565 2990 702 3055 aviculae
715 3013 775 3054 ιιοιι
789 2990 929 3076 attiapat
944 2991 1008 3055 οἱοὶ
1023 3012 1154 3076 wamia
1172 2994 1295 3077 smrpnie
1313 2995 1422 3076 affusus

319 3095 386 3155 est?
413 3096 479 3156 Aut
498 3094 625 3178 leporem
646 3115 705 3157 ιιοοι
726 3094 849 3170 οιίιιι,οι“
871 3116 965 3185 manu
986 3116 1007 3156 a
1029 3094 1140 3157 ceruice
1154 3116 1323 3178 percurens,
1338 3097 1422 3162 nulle

319 3204 436 3258 aarum
454 3195 573 3259 edam
590 3196 700 3259 occisus
718 3198 783 3259 eet?
828 3197 875 3259 Et
895 3197 949 3280 qui
963 3196 1047 3279 ferte
1067 3195 1167 3259 addua
1179 3197 1278 3280 panai
1300 3208 1422 3283 tenpore

318 3298 378 3360 ieta
383 3298 569 3380 samnitium,
584 3321 606 3362 a
620 3298 725 3362 cetera
738 3297 919 3362 irridentur.
945 3297 1119 3382 Angustia.
1134 3305 1248 3361 eontra
1263 3297 1420 3364 Faustum

320 3399 460 3463 Manieh.
477 3399 530 3463 lib.
546 3400 645 3465 xxxii.
660 3422 730 3485 eap.
753 3422 761 3463 ι
767 3420 798 3484 3.
822 3399 980 3491 Iteratae.

362 3504 400 3565 P.
416 3520 489 3587 305.
505 3501 525 3565 l.
547 3522 573 3565 1.
591 3504 640 3565 καὶ
660 3504 700 3587 τῷ
719 3503 832 3589 κλήρῳ]
855 3504 903 3566 καὶ
923 3504 958 3566 ἓν
975 3505 1016 3586 τῷ
1032 3510 1079 3565 κλ.
1095 3504 1170 3566 MS.
1185 3502 1280 3568 Bodl.
1327 3503 1419 3570 Nunc

317 3604 408 3667 addit
424 3603 586 3667 Burtenus
600 3602 684 3667 cedd.
700 3604 788 3668 Med.
804 3605 890 3668 Μαι.
906 3605 1016 3669 Fere.
1031 3605 1288 3691 Florentinmque.

363 3704 445 3767 lbid.
462 3704 482 3768 l.
499 3720 529 3787 7.
546 3707 660 3772 καὶτὰς
675 3707 709 3768 ἐν
723 3710 763 3789 τῷ
780 3707 858 3789 ξύλῳ
874 3704 1024 3771 διατάσεις
1038 3713 1096 3770 τῶν
1109 3706 1225 3793 ποδῶν]
1249 3707 1420 3792 Superiore

316 3802 397 3866 libro
411 3804 464 3868 ubi
479 3806 520 3869 de
534 3807 557 3868 J
559 3805 656 3870 ustini
671 3805 825 3890 martyrio
839 3806 960 3870 dictum
975 3818 1035 3883 est,
1048 3806 1282 3871 observavimus
1296 3809 1387 3885 ξύλου
1398 3832 1420 3873 a

317 3906 440 3970 Graeeis
462 3906 534 3985 diei,
550 3929 644 3992 quem
666 3906 773 3972 Latini
795 3907 959 3993 appellant
980 3929 1116 3971 auream.
1162 3908 1202 3970 Id
1226 3907 1319 3993 plane
1345 3931 1418 3972 eon·

315 4010 423 4074 firmat
438 4010 571 4074 Rufinus
587 4011 640 4094 qui
655 4009 739 4074 hune
754 4011 858 4075 locum
873 4010 921 4073 ita
940 4010 1184 4092 interpretetur.
1228 4011 1278 4072 Ae
1296 4011 1419 4093 soptim

317 4115 366 4192 (ut
379 4111 499 4192 dieunt)
508 4122 621 4195 peneto
635 4112 671 4174 in
684 4133 772 4174 nerm
780 4111 881 4195 pedes,
897 4119 1001 4173 centra
1015 4130 1106 4194 patum
1123 4108 1208 4172 medi
1213 4111 1272 4193 sae
1289 4119 1340 4185 eet,
1357 4109 1418 4174 dia-

315 4212 396 4289 tami,
413 4213 447 4275 ia
470 4214 576 4276 {atinae
589 4234 754 4297 perrarum
777 4212 837 4275 Ιοσο
860 4212 1041 4296 deperirent.
1086 4210 1160 4274 Has
1185 4215 1334 4278 διατάσεις
1358 4216 1417 4276 τῶν

315 4316 415 4378 ποδῶν
429 4314 547 4398 optime
562 4314 719 4399 expressit
735 4313 929 4378 Prudentius
943 4314 976 4377 in
992 4313 1135 4377 versibus
1156 4335 1237 4397 quos
1255 4335 1352 4397 supra
1371 4313 1414 4377 ei-

315 4417 460 4481 terimus.

652 4504 804 4590 Lipuoque
811 4502 939 4588 phetae
952 4502 1069 4574 tenerit,

658 4589 852 4653 Divae-iratis
865 4585 1018 4692 eruribus.¹

315 4722 417 4785 Porro
432 4721 526 4806 hujus
541 4723 685 4808 supplieii
699 4725 768 4788 haee
782 4723 907 4788 videtur
921 4723 1017 4787 fuisse
1031 4723 1143 4788 forma.
1190 4722 1335 4788 Truueus
1355 4720 1415 4784 suit
