3809 5650
416 677 481 742 426
779 679 1162 746 ANNOTATIONES

414 841 536 906 “inter
558 842 732 926 scripturas
754 844 826 907 novi
841 842 970 907 l'oederis
990 842 1044 906 hic
1067 850 1181 906 nactus
1201 841 1255 918 sit,
1274 840 1402 905 critices
1424 839 1531 904 aciem

416 950 437 981 “
453 943 545 1027 fugit.
590 942 713 1006 Verum
741 943 940 1007 Psalmorum
965 965 1090 1028 quoque
1109 942 1272 1018 memoria,
1294 941 1327 1003 in
1353 941 1416 1004 hoo
1441 941 1530 1025 frag·

415 1050 436 1081 “
452 1050 571 1119 mento,
593 1043 699 1127 paullo
721 1043 860 1120 inferius,
882 1045 938 1108 sed
958 1043 1149 1127 primoribus
1171 1041 1394 1106 tantummodo
1418 1040 1527 1115 labiis,

415 1151 436 1179 “
451 1144 652 1228 attingitur.''

458 1246 495 1306 P.
507 1247 582 1328 396.
600 1245 623 1306 l.
640 1265 688 1323 14.
710 1243 940 1329 Apocalypses]
965 1242 1017 1306 Sic
1033 1243 1107 1307 MS.
1123 1243 1176 1306 sed
1197 1265 1255 1326 pro
1270 1241 1477 1326 Apocalypsis
1491 1241 1525 1305 in

415 1343 586 1407 Muratorii
594 1345 791 1429 Apographo
799 1344 912 1407 maluit
922 1345 1060 1407 seribere
1069 1343 1276 1406 Freindaller.
1289 1342 1523 1426 Apocalypsim.

457 1445 543 1508 Ibid.
567 1445 588 1507 l.
611 1466 621 1506 ι
627 1465 659 1529 5.
685 1452 719 1509 et
743 1445 832 1510 Petri
855 1451 982 1508 tantum
1005 1444 1184 1528 recipimus,
1208 1465 1303 1526 quam
1326 1443 1457 1527 quidam
1480 1465 1522 1507 ex

412 1545 531 1609 nostris
544 1545 606 1631 legi
621 1546 652 1608 in
668 1546 799 1610 ecclesia
813 1545 948 1629 nolunt]
973 1553 993 1582 “
1006 1546 1107 1608 Recte
1128 1545 1226 1619 hsec‚”
1241 1545 1288 1608 ait
1304 1544 1522 1622 Muratorius,

412 1645 466 1707 ubi
481 1667 587 1729 supra,
602 1667 674 1730 pag.
687 1647 759 1729 853.
776 1655 796 1684 “
813 1645 845 1708 in
861 1645 932 1709 Caii
951 1653 1097 1730 tempora
1117 1644 1314 1709 conveniunt.
1360 1643 1521 1708 Eusebius

413 1753 436 1784 ‘⁶
452 1746 534 1808 enim
549 1745 604 1809 lib.
616 1746 659 1808 iii.
674 1769 743 1830 cap.
758 1762 807 1830 25.
847 1734 1073 1830 Apocalypsim
1097 1746 1187 1810 Petri
1208 1745 1293 1809 inter
1312 1744 1426 1808 dubios
1449 1745 1520 1829 qui·

411 1847 520 1910 “dem
541 1845 639 1909 libros
661 1855 815 1920 recenset,
831 1869 894 1909 non
910 1857 1018 1910 tamen
1042 1847 1152 1930 abjicit
1172 1846 1269 1909 veluti
1292 1845 1518 1909 hoereticorum

412 1955 431 1982 ‘⁶
446 1945 569 2010 foetum.
608 1946 730 2010 Eodem
745 1969 870 2031 quoque
885 1954 1035 2023 testante,
1053 1948 1121 2026 (lib.
1131 1947 1171 2010 vi.
1187 1969 1256 2030 cap.
1274 1951 1338 2028 14.)
1369 1945 1517 2010 Clemens

410 2053 433 2082 ‘⁴
448 2046 683 2109 Alexandrinus
712 2049 823 2111 eadem
852 2048 1048 2132 Apocalypsi
1074 2055 1124 2111 est
1149 2069 1235 2121 usus,
1262 2068 1326 2109 non
1354 2068 1446 2110 secus
1474 2068 1516 2111 ac

411 2145 593 2229 “Epistola
611 2148 781 2222 Barnabae,
802 2147 1007 2232 epistolisque
1024 2147 1198 2211 catholicis.
1244 2146 1437 2210 Sozomenus
1458 2169 1515 2230 ps·

411 2247 529 2309 “riter
551 2269 608 2309 nos
627 2247 759 2323 monuit,
783 2248 1008 2330 lib.vii.o.19.
1034 2250 1116 2312 hano
1135 2247 1359 2333 Apocalypsim
1384 2247 1416 2309 in
1442 2248 1514 2330 qui-

408 2345 579 2408 “busdam
610 2345 759 2409 Ecclesiis
789 2347 969 2412 Pulaestinae
999 2371 1099 2431 usque
1127 2348 1232 2411 adhuc
1260 2346 1391 2431 singulis
1419 2348 1515 2411 annis

409 2447 542 2510 “semel
565 2447 655 2532 legi.”
700 2447 780 2511 Haec
808 2447 1014 2512 Muratorius.
1062 2451 1117 2513 Ita
1142 2449 1233 2512 video
1259 2454 1453 2510 memoratos
1478 2447 1514 2511 in

407 2548 570 2611 Damocle
599 2549 737 2633 quodam
766 2551 829 2613 SS.
857 2550 1099 2633 Scriptorum,
1129 2570 1222 2632 quem
1256 2542 1389 2632 primus
1410 2547 1514 2612 edidit

408 2647 583 2711 Ooteleriue
602 2648 635 2710 in
655 2648 782 2712 Iudicio
803 2649 841 2712 do
863 2648 1003 2731 spicata
1027 2651 1064 2713 S.
1080 2648 1247 2725 Bomio,
1271 2656 1408 2732 quatuor
1431 2649 1513 2713 alios

406 2746 504 2811 libros
526 2755 643 2833 praeter
668 2749 709 2811 N.
723 2750 759 2812 T.
782 2750 949 2812 canonicos
973 2749 1130 2812 Boraobae
1152 2749 1332 2835 Εμὶὶοᾶοοο,
1359 2750 1510 2827 Pastoris,

406 2849 501 2911 Actus
526 2848 632 2925 Pauli,
658 2851 880 2913 Recolotioaom
908 2852 1000 2913 Petri
1011 2877 1022 2922 ‚·
1061 2873 1132 2935 quoe
1161 2851 1230 2934 ipsa
1258 2872 1366 2934 opera,
1395 2850 1510 2914 addito

405 2948 498 3023 libro,
514 2948 566 3031 qui
586 2949 757 3032 inscriptus
777 2957 826 3013 est
845 2951 1056 3033 Apostobmua
1070 2952 1232 3026 Doctrina,
1247 2949 1417 3025 Eusebius,
1438 2951 1509 3015 loco

405 3048 492 3132 prius
517 3071 537 3112 a
564 3049 745 3113 Muratorio
765 3050 940 3126 nominato,
964 3046 1071 3135 posuit
1093 3058 1166 3135 post
1189 3054 1241 3116 τὰς
1264 3050 1508 3131 ὁμολογουμένας

405 3157 686 3233 controversasque
698 3151 889 3233 Scripturas,
904 3152 995 3234 quasi
1008 3151 1105 3214 libros
1117 3151 1244 3235 quidem
1260 3152 1375 3225 νόθους,
1387 3151 1442 3213 sed
1458 3151 1507 3213 in-

403 3256 494 3313 terea
515 3271 645 3334 prorsus
663 3251 808 3334 neglecta
828 3259 925 3334 atque
941 3251 1057 3315 omissa
1077 3252 1230 3315 immensa
1250 3251 1304 3314 illa
1317 3256 1377 3313 τῶν
1395 3256 1508 3331 ψευδε-

403 3349 562 3428 πιγράφωο
590 3350 760 3433 farragine,
787 3350 840 3434 qui
866 3352 908 3414 ab
936 3352 1094 3416 haereticis
1119 3359 1194 3415 sunt
1220 3351 1363 3415 conlecti.
1409 3350 1505 3417 conf.

403 3447 533 3509 Eusebii
548 3469 617 3531 cap.
629 3468 658 3513 2.
675 3450 774 3531 ejusd.
791 3450 843 3512 lib.
860 3450 913 3513 ubi
928 3474 948 3514 a
963 3452 1056 3514 nullis
1068 3451 1286 3516 ecclesiasticis
1296 3452 1505 3535 scriptoribus

402 3547 472 3609 illos
492 3547 589 3610 libros
603 3547 769 3611 haereticos
783 3550 940 3613 adductos
955 3552 1050 3616 fuisse
1070 3553 1127 3617 ait.
1174 3555 1331 3616 Attamen
1349 3552 1443 3615 nimis
1458 3552 1505 3616 lu-

401 3646 490 3709 dicra
504 3654 579 3710 sunt
593 3647 701 3711 brevia
715 3649 769 3713 ills
783 3651 941 3716 translata
957 3674 997 3716 ex
1012 3653 1101 3717 Petri
1116 3653 1303 3738 Apocalypsi
1317 3653 1359 3716 od
1374 3653 1505 3737 Εοῐοφοο

401 3746 555 3812 Clementi
571 3749 666 3812 Alex.
681 3750 866 3828 attributos,
884 3774 980 3835 quam
994 3761 1031 3817 ut
1046 3754 1094 3817 vel
1109 3754 1271 3817 minimam
1287 3753 1367 3817 liber
1381 3755 1502 3819 habeat

397 3850 644 3914 venerationem.
697 3850 772 3915 Vid.
800 3854 852 3933 οξ.
872 3874 925 3936 49.
956 3861 990 3917 et
1019 3873 1072 3938 50.
1102 3876 1175 3938 pag.
1195 3874 1268 3934 207.
1295 3853 1503 3937 Ocmdpisioai

399 3952 548 4013 Auctorii
569 3954 646 4014 ΡΡ.
667 3953 845 4017 Novissimi.
892 3955 1042 4018 Fortasse
1063 3955 1186 4019 interea
1208 3955 1349 4018 nonnulli
1372 3963 1500 4039 putent,

398 4050 566 4115 relativum
592 4074 667 4135 quac
688 4076 746 4137 pro
771 4077 862 4138 quum
883 4055 944 4118 hoc
966 4055 1035 4119 loco
1059 4057 1169 4140 reponi
1192 4057 1317 4129 debere,
1345 4063 1382 4119 ut
1407 4056 1501 4120 simul

398 4152 685 4235 comprehendatur
698 4154 722 4215 J
723 4155 834 4218 oannis
848 4156 1058 4239 Apocalypsis,
1075 4156 1106 4218 in
1123 4178 1216 4239 quem
1236 4157 1363 4240 quidem
1382 4157 1499 4219 librum

397 4254 593 4336 temporibus
607 4255 668 4318 illis
682 4255 803 4340 aliquot
820 4255 963 4319 homines
981 4257 1152 4340 iniquiores
1167 4256 1311 4321 extitisse
1333 4257 1498 4332 novimue;

396 4354 513 4417 etenim
529 4356 569 4418 de
588 4356 769 4440 receptione
791 4357 833 4420 ab
847 4357 979 4421 eeclesia
997 4358 1081 4422 inter
1099 4358 1281 4442 Scripturas
1302 4358 1425 4422 divinas
1445 4358 1499 4423 hie

395 4456 458 4538 agi,
482 4477 545 4517 non
568 4462 694 4519 tantum
712 4458 756 4519 de
781 4457 914 4520 lectione
932 4458 965 4519 in
987 4458 1086 4521 sacris
1108 4460 1323 4536 conventibus,
1345 4459 1496 4543 quemad-

395 4555 524 4616 modum
547 4556 584 4619 fit
604 4557 636 4618 in
659 4579 779 4621 canone
802 4557 914 4622 ultimo
938 4558 1068 4622 Oenoilii
1089 4560 1271 4635 Laodiceni,
1296 4560 1350 4623 ubi
1376 4560 1495 4625 omissa

395 4661 445 4716 est
459 4655 668 4737 Apocalypsis,
685 4658 781 4721 verba
795 4659 871 4722 mihi
887 4666 1065 4730 suaserunt,
1079 4682 1150 4744 quae
1165 4661 1204 4723 de
1221 4659 1350 4724 Hermae
1365 4662 1494 4726 Pastore
