3809 5650
475 687 540 747 244
879 684 1234 749 ANNOTATIONES

476 851 671 936 Apostolicor.
685 874 716 936 p.
734 872 785 933 9¹·
803 875 842 916 ex
860 874 910 928 co,
927 853 1012 937 quod
1028 853 1228 938 Epiphanius
1245 854 1365 918 lxxviii.
1381 875 1429 934 14.
1475 855 1577 919 Sime-

476 974 569 1016 onem
590 953 715 1036 Oleopae
734 975 793 1037 pro
812 953 836 1015 J
838 954 938 1018 acobo
953 976 1060 1018 orasse
1074 964 1196 1032 narrat,
1215 957 1341 1037 (iisdem
1355 977 1447 1019 usum
1462 955 1578 1027 verbis,

477 1054 591 1138 quibus
612 1054 639 1117 is
663 1054 856 1142 Rechabita)
876 1055 996 1141 colligit
1016 1055 1196 1120 Simeonem
1219 1057 1308 1120 illum
1329 1057 1580 1120 Rechabitarum
1700 1114 1701 1118 ,

477 1156 579 1218 ordini
597 1156 794 1242 adscriptum
815 1158 921 1221 luisse.
969 1157 1092 1222 Verum
1107 1158 1178 1242 quis
1194 1159 1361 1245 praestabit
1376 1159 1459 1221 hunc
1480 1157 1580 1221 Sime-
1630 1199 1636 1206 -

477 1278 569 1320 onem
602 1259 823 1322 sacerdotem?
867 1258 953 1323 Num
984 1260 1188 1344 Hegesippus
1217 1261 1322 1324 dicere
1349 1260 1449 1323 voluit
1478 1261 1581 1324 dolove

478 1360 616 1437 Essaeos,
631 1367 665 1424 et
687 1361 769 1425 dixit
793 1365 903 1442 ἱερεῑςῗ
947 1361 997 1426 Ι)α
1024 1362 1143 1425 Essaeis
1167 1370 1254 1427 certe
1281 1362 1414 1426 Suidas:
1438 1360 1581 1424 Ἐσσαῖοι

478 1463 625 1544 ἀπόγονοι
646 1462 795 1542 Ἰωναδᾶβ
817 1467 883 1528 υἱοῦ
903 1462 1021 1545 Ῥηχὰβ
1047 1469 1098 1527 τοῦ
1124 1465 1246 1528 δικαίου.
1305 1466 1360 1528 lta
1385 1471 1471 1527 recte
1497 1462 1581 1524 hunc

478 1564 581 1627 locum
612 1564 690 1648 legit
721 1565 852 1629 Hieron.
876 1564 1024 1629 Wolfius.
1053 1567 1234 1629 Fxnmcvus.
1296 1565 1423 1629 Samuel
1453 1564 1582 1647 quidem

479 1665 650 1741 Parkerus,
667 1667 856 1730 Oxoniensis
878 1666 954 1730 olim
973 1667 1150 1752 episcopus,
1166 1669 1200 1731 οὐ
1218 1669 1317 1751 τυχὸν
1337 1666 1423 1746 ἀνὴρ,
1443 1666 1476 1728 in
1499 1665 1581 1727 libro

478 1768 529 1830 Do
558 1768 636 1852 Lege
664 1769 803 1832 Notaroe
835 1791 873 1832 αο
902 1769 1058 1853 Relipiovw
1090 1770 1277 1842 Christiana.
1308 1768 1416 1853 lingua
1445 1768 1582 1851 Anglica

479 1870 607 1955 scripto,
625 1871 663 1932 P.
676 1871 707 1934 ii.
733 1873 761 1952 t.
777 1890 830 1954 32.
853 1893 884 1954 p.
895 1887 971 1955 337.
1017 1871 1177 1955 Scaligero
1200 1870 1394 1954 respondens
1417 1870 1474 1946 ait,
1493 1870 1581 1933 haud

480 1972 609 2051 ἀκριβῶς
635 1980 795 2036 servatam
815 1994 884 2036 esse
909 1980 987 2036 tunc
1012 1973 1166 2056 temporis
1187 1973 1252 2035 sive
1278 1972 1490 2044 sacerdotum,
1515 1971 1581 2034 sive

478 2073 737 2147 Rechabitarum,
754 2075 889 2158 primam
909 2073 995 2151 τάξιν
1013 2074 1077 2137 sive
1099 2073 1370 2150 constitutionem,
1385 2074 1522 2136 maxime
1537 2074 1580 2136 ad

478 2177 659 2239 sacerdotes
674 2177 759 2259 quod
773 2176 902 2251 attinet,
918 2176 1036 2261 quippe
1050 2198 1122 2239 cum
1140 2177 1181 2239 ab
1203 2177 1346 2239 Herodis
1367 2176 1478 2260 Magni
1500 2185 1580 2239 tem—

478 2278 607 2361 poribus
622 2299 723 2360 usque
742 2278 784 2340 ad
799 2277 853 2340 illa
867 2278 984 2341 Jacobi
1004 2279 1206 2342 sacerdotum
1226 2278 1329 2341 officia
1349 2279 1391 2341 ad
1411 2278 1580 2340 arbitrium

477 2399 587 2462 regum
609 2386 643 2441 et
665 2378 889 2461 praesectorum
911 2380 1023 2442 donari
1046 2380 1292 2443 consuevissent.
1338 2380 1392 2442 An
1414 2401 1489 2442 vero
1511 2377 1581 2441 sine

478 2479 543 2542 ullo
558 2479 738 2542 discrimine
753 2481 878 2563 generis
893 2482 1082 2558 tribuumve,
1093 2481 1208 2545 viderit
1223 2482 1284 2544 ille.
1329 2480 1446 2545 Confer
1457 2483 1528 2542 Act.
1540 2479 1580 2541 iv.

480 2584 511 2644 6.
558 2582 641 2646 Mihi
670 2582 810 2667 quidem,
837 2583 920 2647 sicut
944 2584 1009 2646 alia
1039 2585 1185 2666 quaedam
1218 2583 1270 2646 hic
1305 2583 1410 2666 posita
1440 2581 1581 2645 fabulam

479 2681 572 2744 nimis
596 2681 735 2765 sapiunt,
764 2680 811 2744 ita
829 2682 890 2745 hoc
905 2683 945 2746 de
961 2684 1060 2768 stirpe
1082 2682 1140 2748 viri
1162 2683 1295 2746 videtur.
1341 2682 1500 2745 (laeterum
1522 2700 1581 2763 pro

478 2784 647 2867 Ῥαχαβεὶμ
661 2783 724 2868 legi
739 2783 771 2846 in
791 2784 902 2847 Gcnec.
918 2785 964 2849 ed.
980 2787 1140 2867 Χοραβεὶμ
1155 2785 1278 2849 notavit
1294 2783 1468 2857 Strothius,
1485 2782 1582 2845 etita

478 2886 592 2971 legisse
607 2907 732 2970 quoquc
746 2886 846 2949 videri
860 2887 908 2951 ait
924 2887 1132 2972 Stephanum,
1150 2909 1332 2972 quanquam
1347 2886 1430 2949 enim
1445 2884 1581 2948 alteram

478 2987 647 3052 lectionem
661 2987 694 3050 in
707 2994 800 3051 textu
815 3010 873 3052 suo
889 2990 1049 3066 exhibeat,
1062 2998 1172 3054 tamen
1187 2991 1319 3054 eandem
1331 3010 1401 3072 quae
1417 2992 1581 3070 comparet

479 3088 511 3152 in
535 3097 639 3159 textu,
665 3088 698 3151 in
715 3088 819 3152 Variis
845 3088 1051 3155 Lectionibus
1079 3092 1175 3156 MSS.
1199 3112 1328 3155 suorum
1354 3089 1470 3175 posuit,
1494 3088 1581 3171 quod

478 3190 546 3254 fieri
558 3212 621 3252 non
633 3190 799 3273 potuisset,
813 3190 873 3253 nisi
884 3191 1021 3255 alteram
1036 3192 1069 3254 in
1080 3199 1174 3256 textu
1186 3193 1335 3255 exhibere
1350 3190 1580 3254 constituisset.

479 3290 640 3370 Χαραβεὶμ
653 3290 738 3352 codd.
754 3292 827 3374 Ray.
840 3297 873 3353 et
889 3292 999 3354 Paria.
1018 3312 1047 3357 2.
1077 3291 1224 3375 Ῥηχαβὶν
1239 3292 1337 3356 habet
1356 3293 1427 3355 MS.
1439 3289 1580 3372 Ncrfolc.

478 3395 531 3451 τοῦ
545 3393 609 3452 υἱοῦ
620 3387 788 3470 Ῥηχσβεὶμ
801 3392 967 3475 Hepesippi
982 3394 1166 3476 Exceptum
1181 3392 1272 3455 Bodl.
1307 3394 1389 3455 Mox
1404 3393 1507 3471 ἔκραξε
1521 3413 1582 3474 pro

479 3489 581 3566 ἔκροζε
603 3490 703 3553 MSS.
720 3490 810 3552 Bodl.
826 3497 860 3553 et
875 3494 970 3575 Norf.
987 3505 1020 3556 et
1040 3495 1195 3577 Georpiae,
1210 3500 1243 3557 et
1259 3494 1416 3557 referente
1433 3495 1582 3557 Burtono

479 3589 569 3651 codes
587 3598 707 3673 ανστᾳιιν
724 3590 930 3655 Faventiam.

525 3688 563 3752 P.
579 3706 650 3753 212.
666 3690 686 3752 l.
700 3710 730 3753 2.
750 3692 924 3768 Παύσασθε,
941 3696 972 3756 τί
984 3696 1111 3777 ποιεῖτε]
1130 3693 1327 3778 Epiphanius
1343 3695 1375 3757 in
1391 3692 1516 3756 Haerusi
1527 3697 1580 3775 78.

480 3812 544 3854 non
563 3813 584 3853 a
598 3792 777 3857 Rechabita
795 3796 961 3859 sacerdote
983 3795 1050 3859 haec
1072 3796 1160 3859 dicta
1180 3818 1248 3859 esse
1268 3795 1388 3869 scribit,
1404 3796 1458 3857 sed
1481 3818 1501 3857 a
1522 3796 1581 3880 Sy-

481 3916 592 3958 meone
617 3894 726 3980 Clopae
755 3896 831 3971 filio,
859 3897 913 3981 qui
938 3897 1053 3961 Jacobi
1077 3897 1158 3981 justi
1189 3898 1289 3960 frater
1315 3896 1469 3982 patruelis
1498 3906 1579 3962 erat.

482 4000 647 4062 Vxnmrus.
682 3998 753 4062 Vid.
781 4005 848 4062 not.
875 4000 1020 4084 proxime
1045 4008 1120 4064 anto
1147 4000 1294 4084 positam.
1344 4001 1436 4063 ldem
1462 4000 1514 4063 hic
1544 4000 1579 4063 S.

481 4102 505 4164 J
506 4102 636 4177 aebbae,
649 4101 696 4164 vel
706 4101 773 4185 ipse
787 4102 835 4164 vel
851 4101 913 4165 alio
923 4103 1059 4167 fortasse
1074 4101 1240 4166 vetustiori
1258 4101 1414 4186 scriptore
1428 4102 1578 4177 adducto,

481 4211 594 4267 contra
609 4204 777 4287 populares
797 4225 879 4275 suos,
896 4206 949 4286 qui
965 4204 1128 4268 Christum
1142 4204 1310 4287 justosque
1325 4202 1467 4265 homines
1482 4208 1580 4265 antea

481 4305 625 4368 similiter
646 4305 894 4380 trucidaverant,
911 4304 943 4366 in
966 4305 1100 4388 epistola
1120 4327 1179 4367 sua
1198 4306 1245 4367 ita
1268 4304 1435 4378 exclamat,
1452 4308 1578 4365 Κατεδι-

482 4406 603 4481 κάσατε,
620 4408 804 4485 ἐφονεύσατε
825 4408 879 4469 τὸν
894 4409 1015 4469 δίκαιον·
1042 4408 1093 4469 οὐκ
1116 4407 1327 4469 ἀντιτάσσεται
1349 4408 1426 4483 ὑμῖν.
1470 4402 1579 4466 Jaccbi

398 4504 400 4507 ’
480 4507 542 4589 Ep.
556 4529 584 4568 v.
602 4507 632 4569 6.
677 4509 759 4569 Mox
773 4509 847 4588 ὑπὲρ
861 4509 942 4586 ἡμῶν
958 4509 1032 4570 MS.
1049 4509 1138 4571 Bodl.
1155 4508 1283 4592 Ne'ceplc.
1304 4508 1516 4591 Gcovpiaeqvc.

525 4604 606 4668 lbld.
630 4605 650 4667 l.
665 4626 696 4690 3.
722 4610 829 4685 λαβὼν
851 4610 894 4673 τὶς
916 4608 965 4671 ἀπ’
983 4610 1079 4671 αὐτῶν
1102 4611 1144 4674 εἷς
1166 4616 1224 4670 τῶν
1248 4609 1387 4688 κναφέων
1412 4609 1445 4670 τὸ
1469 4609 1576 4690 ξύλον]

482 4706 563 4769 Haec
577 4708 673 4770 verba
688 4707 812 4769 duobus
827 4709 929 4771 modis
948 4709 1088 4771 construi
1105 4719 1256 4790 possunt:
1282 4730 1394 4790 nempe
1409 4708 1468 4771 hoc
1484 4710 1578 4771 modo
