3809 5650
478 691 543 751 338
854 689 1205 753 ANNOTATlONES

477 878 564 941 seqq.
609 855 689 922 (lum
710 858 760 921 his
782 865 890 921 autem
915 855 1174 942 Lugdunensium
1196 855 1325 918 vocibus
1350 854 1431 917 bene
1454 853 1579 917 confert

476 958 696 1044 Athenagoras
711 958 780 1023 illas
794 959 833 1023 cl.
850 959 1037 1023 Gallnndius
1052 957 1085 1020 in
1101 956 1247 1021 Biblictl.
1260 958 1330 1019 ΡΡ.
1348 957 1424 1036 Τρία
1437 958 1576 1036 ἐπιφημί-

475 1066 558 1133 ζουσι
580 1060 649 1140 ἡμῖν
674 1061 854 1143 ἐγκλήματα,
876 1062 1030 1140 ἀθεότητα,
1057 1059 1210 1124 Θυέστεω
1234 1064 1347 1130 δεῖπνα,
1374 1059 1579 1121 Οἰδιποὸείους

466 1162 576 1239 μίξεις.
592 1163 698 1246 legat.
707 1184 769 1246 pro
789 1162 900 1225 Clrtssst.
918 1184 948 1223 n.
965 1181 998 1246 3.
1014 1161 1056 1226 al.
1071 1181 1101 1238 4.

520 1262 651 1327 Interea
670 1263 796 1347 scripsit
817 1263 850 1326 in
873 1263 986 1327 eodem
1008 1262 1114 1326 libello
1128 1261 1354 1345 Athenagoras
1378 1282 1409 1321 n.
1426 1278 1445 1343 3
1448 1277 1489 1342 5.,
1506 1278 1577 1340 quae

476 1384 547 1426 eum
564 1363 823 1449 Lugdunensium
837 1365 870 1428 in
884 1365 944 1428 hac
965 1364 1101 1448 epistola
1121 1363 1305 1427 narratione
1325 1362 1428 1424 minus
1448 1381 1577 1424 consen-

475 1464 537 1528 tire
552 1465 717 1542 videntum
740 1470 801 1530 Kal
813 1493 859 1530 τοι
875 1467 922 1530 καὶ
936 1469 1042 1531 δοῦλοί
1056 1469 1133 1529 εἰσιν
1147 1466 1226 1543 ἡμῖν,
1243 1470 1304 1529 τοῖς
1314 1466 1371 1541 μὲν
1383 1463 1430 1525 καὶ
1445 1464 1575 1532 πλείους,

476 1570 538 1629 τοῖς
557 1567 589 1627 n
613 1563 762 1631 ἐλάττους·
786 1566 836 1630 ote
857 1566 910 1628 οὐκ
933 1566 998 1628 ἔστι
1019 1570 1135 1628 λαθεῖν·
1169 1567 1251 1627 ἀλλὰ
1276 1564 1323 1626 καὶ
1347 1565 1459 1627 τούτων
1481 1562 1576 1627 οὐδεὶς

477 1664 540 1728 καθ’
555 1666 637 1744 ἡμῶν
650 1669 688 1730 τὰ
702 1672 862 1745 τηλικαῦτα
876 1668 944 1730 οὐδὲ
961 1669 1176 1748 κατεψεύσατο.
1224 1666 1290 1730 Ubi
1306 1665 1458 1729 videndus
1472 1663 1577 1727 editor

478 1766 714 1844 Benedictinus,
733 1767 855 1832 Justini
877 1769 925 1833 M.
945 1768 1060 1845 locum,
1082 1768 1213 1852 perinde
1236 1775 1334 1851 atque
1357 1767 1424 1829 haec
1450 1764 1576 1848 Lugdu·

477 1868 629 1947 nendum,
648 1871 843 1934 contrarium
866 1870 942 1955 quid
967 1869 1115 1933 sonantia
1137 1869 1283 1932 afferens.
1330 1867 1393 1929 Hic
1417 1889 1490 1929 vero
1514 1866 1577 1928 lor-

477 1977 563 2033 tasse
576 1971 668 2035 nobis
682 1972 715 2035 in
729 1972 914 2036 memoriam
930 1971 1142 2035 revocandum
1161 1977 1256 2042 esset,
1273 1990 1368 2032 unam
1389 1975 1422 2030 et
1441 1967 1577 2030 alteram

476 2073 694 2156 exceptionem
713 2095 776 2136 non
795 2074 952 2158 abrogare
975 2073 1075 2136 solere
1099 2071 1253 2155 regulam,
1268 2071 1324 2133 sed
1348 2070 1492 2143 firmare3
1515 2068 1576 2130 nisi
1677 2122 1680 2127 ,

476 2173 673 2257 contigisset,
696 2182 734 2238 ut
759 2197 798 2237 ex
818 2175 878 2238 hoc
901 2175 971 2258 ipso
996 2174 1212 2256 Athenagorae
1236 2172 1305 2234 loco
1330 2170 1389 2233 sibi
1414 2169 1577 2253 colligeret

478 2274 684 2352 Moshcmius,
700 2297 739 2339 eo
760 2284 904 2360 tempore
927 2275 1089 2359 scripsisse
1112 2280 1365 2355 auctoremque
1388 2272 1428 2334 de
1445 2271 1576 2354 Lugdu-

476 2375 566 2437 nensi
588 2376 753 2440 vexatione
779 2399 887 2441 rumor
910 2377 1050 2440 nondum
1076 2374 1321 2460 percrebuerat;
1353 2374 1464 2436 eodem
1491 2372 1577 2435 enim

475 2496 569 2553 anno,
586 2477 640 2560 qui
655 2486 705 2542 est
723 2495 795 2562 177,
810 2485 844 2542 et
859 2478 1021 2563 scripsisse
1039 2499 1098 2561 pro
1119 2475 1309 2540 Christianis
1325 2475 1575 2559 Athenagoram,

475 2585 510 2641 et
525 2600 635 2662 passos
650 2580 759 2644 Gallos
774 2603 854 2657 esse,
869 2580 997 2645 aliunde
1012 2578 1165 2643 ostendit.
1201 2577 1276 2640 Vid.
1293 2577 1421 2640 Distat.
1437 2577 1482 2640 ad
1492 2577 1575 2640 Hist.

476 2679 559 2742 Eccl.
575 2681 744 2746 Pertinent.
760 2683 830 2746 Vol.
848 2682 876 2745 I.
892 2681 978 2746 Diss.
993 2682 1033 2745 vi.
1050 2687 1074 2761 ς.
1096 2684 1143 2742 16.
1186 2678 1307 2742 Similia
1321 2687 1429 2742 autern
1444 2679 1494 2741 his
1509 2700 1577 2742 ver-

475 2783 525 2848 bis
545 2784 763 2871 Athenagorae
783 2785 882 2850 etiam
903 2785 990 2870 apud
1016 2781 1192 2848 Minucium
1217 2780 1366 2858 Felicem,
1384 2780 1437 2865 qui
1461 2779 1576 2844 saeeulo

476 2893 550 2971 post
566 2895 718 2973 sequente
736 2887 855 2964 floruit,
871 2887 999 2973 prolata
1012 2887 1131 2950 videas.
1176 2887 1231 2950 Ita
1251 2884 1335 2949 enim
1354 2884 1401 2948 ait
1425 2883 1576 2947 Octavius

475 2988 554 3071 ejus,
562 2988 692 3073 sabulos
706 2990 780 3054 istas
799 3012 915 3075 uesper
937 2988 1082 3054 ventilari
1101 2997 1128 3052 et
1150 3007 1305 3072 nunquam
1328 2986 1377 3049 ccl
1396 2985 1577 3069 inoestlpari

475 3088 524 3152 cel
531 3089 670 3174 pretori,
685 3113 738 3155 nee
752 3102 834 3157 mato
849 3102 976 3177 mopere
990 3091 1123 3176 aliquem
1141 3089 1272 3162 ansero,
1289 3089 1343 3172 qui
1350 3088 1503 3172 penderet,
1517 3109 1576 3152 aon

475 3200 593 3255 tantm
599 3192 686 3276 sacti
697 3195 828 3271 cenam,
843 3216 947 3258 ceum
962 3195 1054 3258 etiam
1068 3192 1180 3255 indicii
1189 3191 1325 3276 qratiam
1344 3199 1576 3255 commanem.

476 3313 544 3375 cap.
560 3294 666 3358 xxviii.
682 3317 714 3379 p.
738 3315 787 3376 14.
808 3296 858 3359 ed.
876 3295 986 3358 Daris.
1032 3294 1087 3357 Ad
1111 3300 1212 3356 testes
1235 3313 1310 3355 vero
1336 3290 1421 3374 quod
1446 3291 1576 3366 attinet,

475 3416 555 3477 quos
569 3395 630 3459 hoc
649 3396 719 3458 loco
738 3409 894 3460 memorat
914 3395 1057 3481 epistolae
1077 3402 1209 3469 auctor;
1231 3393 1311 3456 servi
1332 3392 1394 3468 isti,
1411 3415 1483 3455 cum
1502 3392 1574 3455 infi-

475 3494 561 3559 deles
583 3496 763 3572 extiterint,
783 3505 881 3581 atque
903 3497 1021 3561 idcirco
1042 3518 1064 3560 a
1086 3496 1154 3559 visu
1178 3495 1400 3578 mysteriorum
1424 3494 1575 3559 Christia-

475 3618 588 3660 norum
613 3597 764 3683 prohibiti
789 3599 943 3672 luissent;
972 3598 1067 3661 iidem
1093 3607 1199 3659 tamen
1225 3597 1318 3660 minis
1343 3605 1576 3662 tormentorum

475 3698 590 3775 territi,
606 3698 821 3784 militibusque
834 3699 1071 3785 instigantibus,
1086 3698 1272 3776 calumnias,
1288 3699 1396 3783 quales
1410 3722 1431 3763 a
1451 3699 1475 3763 J
1477 3699 1577 3764 udaeis

475 3801 534 3866 suh
558 3800 628 3885 ipsa
652 3800 745 3866 initia
770 3800 1016 3877 Christianismi,
1044 3807 1127 3865 teste
1151 3800 1288 3886 Origene
1314 3802 1366 3865 lib.
1393 3803 1431 3866 vi.
1460 3803 1577 3866 Contra

476 3904 604 3981 Celsum,
620 3904 660 3968 de
682 3903 870 3968 Christianis
890 3925 1009 3988 sparsae
1033 3909 1117 3979 sunt,
1138 3903 1286 3988 ignorata
1301 3904 1436 3969 veritate
1461 3922 1576 3967 contra

475 4007 619 4071 dominos
634 4027 708 4071 suos
726 4006 960 4071 instaurabant.
1007 4005 1161 4070 Conferas
1181 4028 1251 4089 quae
1271 4005 1354 4069 infra
1376 4006 1577 4069 adnotantur

474 4109 517 4173 ad
531 4109 616 4174 Sect.
631 4130 661 4172 r.

519 4212 557 4274 Ρ.
578 4230 654 4296 300.
676 4209 697 4273 l.
719 4230 750 4291 4.
773 4213 828 4274 εἴτι
849 4210 979 4292 τοιοῦτο]
1005 4211 1038 4274 ἓν
1065 4235 1092 4273 τι
1115 4235 1140 4273 τ.
1168 4210 1297 4275 Gruter‘i
1321 4211 1414 4274 Lectt.
1438 4209 1574 4273 Srnoru.

479 4315 562 4376 ἔστιν
575 4315 622 4376 ὅτι
635 4338 661 4376 τ.
678 4313 751 4377 MS.
767 4312 907 4396 Nerjselc.

519 4414 604 4479 Ibid.
619 4414 638 4477 l.
656 4432 686 4494 7.
702 4412 737 4477 δι’
753 4412 928 4497 οἰκειότητα]
945 4411 1027 4477 Haec
1038 4436 1100 4477 vox
1114 4434 1178 4476 non
1190 4413 1290 4476 solum
1301 4413 1574 4497 propinquitatem

474 4516 598 4599 generis
613 4516 768 4601 designat,
785 4516 840 4579 sed
855 4516 954 4579 etiam
968 4516 1142 4581 amicitiam
1157 4538 1195 4579 ac
1210 4515 1470 4579 benevolentiam.
1518 4515 1571 4577 ln·

475 4624 598 4701 terpres
613 4616 782 4702 Nicephori
798 4618 896 4683 etiam
915 4618 1148 4684 humanitatem
1168 4618 1303 4692 addidit,
1319 4640 1382 4681 non
1403 4623 1574 4682 contentus

474 4718 715 4784 necessitudinis
729 4721 890 4785 vocabulo.
915 4721 1082 4784 Vsnmrus.
