3809 5650
669 698 887 763 SENIORES
910 701 1039 764 APUD
1063 700 1308 764 IRENAEUM.
1497 701 1540 767 49

959 904 1027 974 IV.

484 1065 609 1142 Propter
623 1065 678 1122 hoc
692 1076 722 1123 et
737 1065 766 1122 in
781 1066 866 1125 initio
876 1070 1113 1145 transgressionis
1129 1069 1212 1136 Adae,
1224 1069 1300 1126 sicut
1311 1078 1427 1126 enarrat
1441 1067 1541 1145 Scrip-

443 1180 519 1233 tura,
542 1190 600 1226 nen
625 1171 719 1247 ipsum
744 1169 893 1229 maledixit
917 1172 1021 1238 Adam,
1043 1173 1094 1231 sed
1113 1181 1245 1231 “terrem
1267 1172 1295 1230 in
1317 1171 1449 1250 operibus
1468 1174 1540 1250 ejus

443 1275 686 1353 quemadmodum
715 1294 757 1331 ax
787 1293 967 1335 varnnrnus
999 1296 1125 1343 curnam
1154 1279 1203 1344 ait,
1236 1276 1385 1359 quoniam
1415 1274 1543 1358 quidem

415 1383 608 1462 5transtulit
625 1382 712 1446 Deus
727 1384 930 1448 maledictum
945 1385 979 1448 in
994 1393 1124 1460 terram,
1141 1393 1178 1450 ut
1196 1407 1259 1448 non
1278 1390 1495 1468 perseveraret
1509 1382 1543 1445 in

443 1492 579 1556 homine.
631 1494 911 1554 condemnationem
937 1508 1035 1556 autem
1062 1498 1296 1575 transgressionis
1320 1496 1431 1574 accepit
1455 1494 1542 1553 bomo

444 1604 530 1662 radia
543 1616 572 1662 et
588 1616 735 1662 terrenum
747 1605 873 1663 laborem
890 1608 942 1664 dre.
959 1609 1010 1665 &c
1044 1607 1110 1661 Haec
1124 1607 1242 1661 Irenaeus
1254 1607 1342 1660 attufit
1353 1606 1399 1660 lib.
1412 1605 1448 1658 iii.
1462 1601 1542 1671 ejusd.

446 1707 495 1776 Op.
509 1725 532 1762 c.
545 1708 617 1762 xxiii.
631 1711 657 1775 t.
670 1724 698 1777 3.
709 1710 743 1762 al.
757 1725 872 1763 c.1xxv.
885 1728 912 1780 p.
927 1727 988 1764 221.

813 1910 1175 1954 4-

969 2074 1017 2144 V.

398 2237 434 2276 ιο
488 2241 512 2279 ι.
534 2222 787 2292 Quemadmodum
806 2222 904 2279 audivi
918 2220 1018 2292 (inquit
1032 2220 1149 2275 lrenaeus
1162 2220 1207 2274 lib.
1220 2221 1255 2274 iv.
1269 2218 1348 2288 ejusd
1364 2219 1413 2290 Op.
1427 2237 1451 2273 c.
1464 2219 1544 2274 xxvii.

443 2326 477 2379 al·
490 2326 543 2379 xlv.
562 2343 589 2395 p·
604 2324 706 2395 263·)a
726 2345 854 2392 Quonam
877 2325 1108 2392 Pnnsnrrnno,
1130 2324 1180 2401 qui
1202 2324 1334 2381 audierat
1355 2325 1390 2381 ab
1411 2342 1466 2380 urs
1488 2341 1544 2388 Qur

443 2428 627 2487 Aresronos
642 2449 819 2497 viennens,
836 2442 866 2488 et
880 2432 916 2488 ab
930 2430 976 2488 his
990 2449 1046 2497 Qur
1063 2447 1281 2487 nrnrcnnnnr:
1305 2428 1448 2492 sufficere
1460 2432 1544 2490 vete·

444 2537 541 2614 ribus,
558 2538 598 2601 de
618 2538 667 2602 bis
685 2561 756 2622 quae
776 2539 843 2602 sine
863 2538 993 2602 consilio
1012 2538 1149 2623 Spiritus
1167 2546 1311 2624 egerunt,
1328 2559 1398 2602 eam
1413 2559 1484 2621 quae
1505 2558 1545 2601 ex

446 2645 618 2730 Scripturis
633 2655 717 2711 esset
732 2648 975 2733 correptionem.
1010 2649 1089 2713 Cum
1105 2649 1188 2712 enim
1203 2672 1266 2713 non
1282 2648 1323 2712 sit
1338 2669 1545 2732 personarum

401 2766 433 2822 ¹5
445 2765 595 2843 acceptor
613 2758 711 2834 Deus,
728 2781 798 2844 quae
820 2767 895 2823 sunt
914 2781 977 2822 non
998 2759 1170 2823 secundum
1190 2760 1258 2844 ejus
1274 2757 1427 2844 placitum
1448 2757 1544 2835 iacta,

444 2866 494 2930 his
519 2868 675 2933 inferebat
701 2892 874 2955 congruam
904 2870 1145 2954 correptionem.
1191 2870 1464 2950 Quemadmodum
1487 2870 1545 2932 sub

446 2976 559 3055 David,
587 2980 715 3062 quande
744 2980 1021 3064 persequutionem
1051 2980 1178 3063 quidem
1207 2980 1391 3063 patiebatur
1419 3000 1440 3041 a
1470 2977 1546 3041 Saul

445 3093 577 3171 propter
592 3087 761 3171 justitiam,
778 3095 812 3151 et
834 3089 956 3173 Regem
978 3088 1054 3152 Saul
1078 3088 1228 3173 fugiebat,
1245 3094 1278 3152 et
1301 3087 1461 3151 inimicum
1483 3108 1546 3149 non

445 3194 666 3272 ulciscebatur,
697 3204 731 3260 et
764 3196 884 3261 Christi
920 3198 1091 3261 adventum
1128 3197 1295 3283 psallebat,
1326 3204 1360 3260 et
1390 3194 1548 3278 sapientia

398 3328 436 3365 20
446 3305 626 3369 instruebat
653 3312 774 3390 gentes,
806 3313 840 3370 et
873 3307 980 3370 omnia
1012 3309 1185 3370 secundum
1215 3307 1379 3371 consilium
1408 3304 1547 3369 iaciebat

446 3415 594 3499 Spiritus,
610 3415 757 3501 placebat
772 3417 852 3480 Dec.
899 3417 1033 3497 Quando
1048 3424 1157 3480 autem
1176 3424 1308 3501 propter
1327 3415 1547 3501 concupiscen-

444 3527 525 3591 tiam
541 3528 608 3612 ipse
623 3528 683 3591 sibi
697 3528 820 3613 aceepit
838 3529 997 3592 Bersabee
1013 3529 1102 3592 Uriae
1122 3549 1264 3606 uxorem,
1281 3529 1363 3592 dixit
1382 3527 1548 3613 Scriptura

445 3636 486 3700 de
505 3658 565 3699 ee:
587 3639 756 3722 bNeqaam
777 3648 878 3701 autem
901 3640 983 3702 aiae
1006 3649 1047 3702 est
1069 3661 1163 3703 cernae
1186 3660 1271 3724 quem
1286 3639 1366 3721 fecit
1383 3640 1496 3705 David
1513 3642 1548 3704 in

445 3747 538 3811 oculis
552 3749 680 3811 Domini
693 3774 708 3821 ,·
731 3757 764 3812 et
785 3748 927 3812 mittitur
947 3750 989 3813 ad
1012 3771 1084 3813 eum
1107 3748 1238 3812 Nathan
1259 3748 1426 3833 propheta,
1442 3756 1547 3813 esten-

400 3884 415 3921 2
419 3881 435 3940 5
446 3858 524 3921 dens
539 3858 567 3921 ei
582 3865 749 3942 peccatum
765 3858 841 3943 ejus,
858 3866 895 3922 ut
913 3859 981 3943 ipse
1002 3861 1081 3924 dans
1102 3861 1294 3924 sententiam
1309 3861 1349 3923 de
1364 3861 1545 3944 semetipso,

353 4032 356 4038 ,
446 3974 480 4030 et
510 3967 714 4051 semetipsum
744 3967 939 4052 adjudicans,
967 3969 1213 4033 misericerdiam
1239 3977 1485 4054 consequeretur
1515 3977 1547 4033 et

446 4075 662 4139 remissionem
685 4099 706 4140 a
731 4077 877 4141 Ohristo:
905 4079 974 4142 cEt
997 4080 1078 4142 dicit
1101 4079 1150 4141 ci:
1181 4079 1253 4141 Dee
1276 4080 1339 4141 oiri
1355 4081 1490 4162 sinerent
1514 4080 1548 4141 in

446 4183 566 4247 eier'tete
590 4207 665 4258 ena,
688 4207 767 4248 aava
791 4186 883 4263 dices,
908 4196 935 4249 et
959 4209 1036 4251 caca
1051 4209 1197 4272 pauper:
1224 4188 1317 4250 diviti
1340 4199 1426 4252 erant
1448 4211 1549 4274 prepee

446 4296 546 4357 eciam
568 4306 596 4359 et
617 4295 702 4359 eoem
723 4297 812 4368 multi
830 4299 925 4376 calda,
942 4307 970 4361 et
984 4296 1122 4380 pauperi
1140 4295 1222 4358 nibil
1239 4295 1331 4360 cli-ard
1350 4297 1412 4361 nisi
1430 4300 1548 4362 ovicula

399 4430 439 4486 30
447 4424 518 4482 mre,
539 4405 773 4489 percantaretur
794 4418 822 4471 et
842 4408 1003 4482 nutriebat,
1020 4418 1048 4471 et
1059 4408 1174 4489 fuerat
1195 4428 1262 4470 crem
1283 4430 1324 4484 ee,
1339 4418 1366 4471 et
1388 4431 1454 4472 curn
1467 4410 1548 4491 filiis

446 4513 508 4595 eyia
523 4515 670 4598 pariter.-
693 4516 729 4578 dc
744 4538 829 4600 panc
850 4539 902 4582 sue
924 4516 1135 4591 mendrwabat,
1154 4528 1181 4579 et
1203 4517 1239 4580 de
1261 4517 1354 4581 eolice
1376 4517 1499 4596 bibebat,
1521 4529 1548 4581 et

544 4755 731 4816 attenditur.
831 4758 844 4793 ¹)
864 4758 949 4818 alleg.
964 4758 996 4803 xi.
1010 4768 1047 4818 27,
1149 4759 1430 4819 ⁰2Reg.xii.r.reqq.

426 4886 428 4890 ,
491 4855 557 4896 vol„
575 4859 594 4897 l.
987 4861 1007 4898 ll
