3809 5650
474 668 523 733 IN
549 668 690 733 EPIST.
715 668 933 737 VIENNEN.
958 672 1015 737 ET
1041 673 1305 740 LUGDUNEN.
1378 678 1443 747 339

387 840 424 902 Ρ.
431 859 506 923 300.
515 840 534 902 l.
543 841 573 903 8.
586 837 649 905 καθ’
662 841 757 925 ἡμῶν]
769 840 877 907 Codex
889 844 1008 929 Regius
1018 843 1065 927 ἐφ’
1071 846 1150 925 ἡμῖν.
1162 845 1325 910 Vanrsrus.
1339 847 1443 913 Addit

341 941 370 1005 ei
386 941 551 1006 Strothius
565 943 671 1029 Morp.
688 943 732 1006 st.
751 945 857 1009 Genea.
874 967 932 1030 ego
948 947 1077 1009 Meam
1096 947 1234 1032 Norsolc.
1251 970 1273 1013 a
1292 970 1355 1034 quo
1376 950 1443 1033 qui-

341 1044 414 1107 dem
437 1044 546 1109 codice
566 1045 659 1109 abest
682 1048 723 1130 ns»
746 1053 823 1110 ante
847 1051 927 1132 Θεῷ.
973 1049 1067 1112 Νααα
1092 1048 1190 1113 etiam
1216 1058 1442 1116 commemorat

342 1144 504 1209 Burtonus
526 1147 611 1210 codd.
627 1147 791 1211 Parisinos
813 1148 955 1212 Venetam
974 1158 1008 1214 et
1023 1150 1111 1213 Fer.
1133 1160 1347 1237 antrumque
1366 1151 1441 1216 Flo·

341 1246 500 1310 rentinum
516 1248 660 1312 nominat
675 1248 747 1312 Jae.
764 1250 916 1313 Gronovii
932 1272 1029 1335 penes
1044 1272 1094 1314 me
1110 1251 1246 1317 citllntio.

385 1348 467 1413 Ibid.
484 1349 504 1413 l.
526 1371 571 1432 ¹4
590 1376 618 1414 τι
636 1352 696 1415 τῶν
710 1352 917 1435 βλασφήμων]
938 1352 1038 1416 Recte
1057 1353 1192 1418 Rufinus
1213 1354 1443 1439 blasphemiam

340 1450 493 1514 adversus
522 1451 777 1516 Christianorum
807 1453 990 1538 religionem
1020 1454 1180 1540 intelligit.
1231 1456 1323 1537 Quod
1349 1455 1443 1541 plane

341 1552 548 1617 confirmatur
558 1553 662 1617 verbis
670 1554 812 1638 proxime
823 1556 1086 1620 antecedentibus
1096 1558 1144 1620 καὶ
1154 1555 1188 1620 δι’
1197 1559 1328 1622 ἐκείνων.
1360 1560 1443 1622 Cum

341 1653 424 1717 enim
439 1655 520 1718 servi
536 1654 800 1732 Christianorum,
813 1665 902 1721 metu
917 1658 1115 1721 cruciatuum
1130 1658 1302 1742 perterriti,
1315 1660 1443 1725 infanti·

341 1756 424 1820 eidia
438 1763 472 1820 et
487 1756 624 1821 incestos
638 1757 826 1821 concubitus
841 1758 881 1822 de
897 1759 1087 1824 Christianis
1098 1760 1232 1824 confessi
1248 1770 1364 1837 essent,
1377 1769 1443 1826 stu·

342 1860 440 1923 debat
467 1859 613 1934 Satanas,
633 1867 671 1925 ut
696 1860 867 1926 Christiani
891 1861 945 1946 qui
971 1863 1188 1948 comprehensi
1212 1865 1339 1929 fuerant
1362 1866 1444 1949 ejus·

342 1960 426 2024 modi
443 1961 616 2025 calumnias
630 1961 663 2025 in
678 1962 861 2047 religionem
880 1971 1025 2029 nostram
1036 1965 1207 2048 jactarent.
1254 1965 1377 2050 Quippe
1389 1967 1442 2051 ju·

341 2061 427 2126 dices
442 2063 527 2126 omni
542 2069 774 2128 tormentorum
789 2087 905 2150 genere
916 2065 1115 2132 Christianos
1127 2067 1296 2153 urgebant,
1305 2074 1342 2133 ut
1355 2068 1444 2152 Thy·

341 2172 446 2229 esteas
461 2166 614 2249 quasdem
636 2188 731 2231 cenas
751 2175 785 2231 et
805 2167 942 2233 incestos
964 2168 1151 2233 concubitus
1172 2169 1258 2253 apud
1280 2190 1314 2232 se
1334 2167 1444 2253 peragi

342 2267 528 2331 faterentur.
574 2268 645 2349 Quo
660 2277 785 2355 spectat
801 2269 856 2334 illa
870 2293 931 2335 vox
947 2270 1123 2345 Blandinoe,
1139 2270 1172 2334 in
1192 2270 1304 2335 mediis
1324 2271 1444 2336 erucia-

341 2369 428 2433 tibus
453 2369 529 2432 nihil
553 2370 639 2434 aliud
666 2372 884 2456 proloquentis
911 2395 1007 2459 quam
1032 2373 1217 2438 Christiana
1244 2395 1332 2438 sum:
1365 2374 1444 2438 nihil

341 2472 428 2555 apud
444 2493 501 2534 nos
517 2471 589 2535 nrali
605 2472 736 2558 geritur.
783 2474 896 2539 Potest
911 2475 1010 2540 etiam
1030 2475 1106 2539 illud
1129 2477 1177 2539 καὶ
1198 2474 1232 2539 δι’
1249 2477 1380 2554 ἐκείνων,
1396 2498 1444 2540 re-

342 2572 417 2636 ferri
431 2572 473 2637 ad
489 2573 597 2638 decem
613 2574 691 2652 illos,
708 2576 760 2660 qui
777 2575 868 2640 initio
883 2576 1112 2661 persecutionis
1126 2576 1212 2660 eapti
1229 2576 1371 2641 animum
1390 2579 1444 2643 de-

343 2674 548 2758 sponderant.
602 2675 908 2761 Christophorsonus
934 2678 1164 2761 blasphemiam
1191 2683 1304 2741 contra
1328 2698 1444 2741 nomen

344 2775 467 2840 Christi
506 2775 681 2862 intelligere
717 2777 838 2843 maluit.
881 2779 1040 2845 Vannsrus.
1101 2778 1226 2844 Favent
1265 2778 1443 2845 Rufinianae

342 2877 386 2940 illi
423 2878 506 2942 vocis
536 2881 736 2960 βλασφημίας
764 2880 1022 2965 interpretationi
1051 2882 1157 2958 verba,
1188 2902 1260 2964 quae
1298 2880 1382 2944 infra
1411 2880 1444 2944 in

342 3002 416 3065 pag.
432 3000 505 3064 304.
521 2980 561 3045 de
577 3002 640 3044 nna
654 3003 694 3044 ex
715 2981 811 3066 lapsis
832 2983 959 3047 nomine
975 2983 1129 3061 Bibliade,
1146 2983 1202 3048 sed
1227 2988 1339 3067 postea
1360 3003 1444 3046 mar-

343 3091 423 3166 tyre,
447 3091 580 3156 exlunt;
614 3084 671 3146 Kal
696 3083 846 3163 Βιβλιάδα
866 3077 901 3148 δέ
921 3111 989 3149 τινα
1010 3087 1082 3165 μίαν
1104 3089 1164 3150 τῶν
1185 3084 1367 3166 ἠρνημίνων,
1389 3083 1444 3164 ἤδη

343 3189 438 3247 δοκῶν
453 3188 469 3246 ὁ
490 3184 633 3263 διάβολος
649 3185 901 3259 καταπειτωκέναι,
918 3186 1051 3266 θέλησας
1065 3190 1097 3251 δὲ
1113 3188 1162 3251 καὶ
1177 3190 1226 3251 διὰ
1246 3186 1445 3268 βλασφημίας

344 3292 514 3365 κατακρῖναι
529 3285 602 3367 ἦγεν
618 3287 667 3349 ἐπὶ
682 3288 819 3363 κόλασιν,
835 3286 1008 3366 ἀναγκάζων
1021 3292 1115 3353 εἰπεῖν
1130 3292 1167 3353 τὰ
1182 3290 1257 3354 ἄθεα
1275 3288 1343 3369 περὶ
1362 3288 1445 3367 ἡμων

344 3389 383 3454 ὡς
398 3389 579 3468 εὔθραυστον
593 3387 648 3467 ἤδη
664 3389 712 3452 καὶ
727 3390 884 3470 ἄνανδρον.
901 3390 965 3455 vid.
982 3399 1015 3455 et
1030 3413 1102 3477 pag.
1118 3412 1191 3477 302.

388 3489 468 3552 ibid.
485 3488 505 3551 l.
530 3492 578 3552 16.
597 3492 644 3553 καὶ
667 3490 869 3576 στρατιωτῶν]
894 3491 1028 3556 Rufinus
1049 3492 1146 3558 vertit
1167 3493 1304 3575 ιῃῇάιιττι,
1325 3491 1443 3555 milites.

346 3593 429 3654 Nam
452 3592 566 3655 Graeca
589 3613 649 3655 vox
672 3601 842 3676 utrumque
864 3593 1033 3680 significat,
1052 3601 1121 3660 tam
1143 3592 1291 3658 officiales
1313 3615 1369 3656 seu
1390 3614 1446 3677 ap-

343 3692 501 3776 paritores
515 3691 539 3755 J
541 3692 676 3768 udieunr,
693 3714 789 3777 quam
804 3691 938 3759 milites:
956 3704 992 3760 ut
1004 3696 1103 3759 fusius
1114 3695 1271 3761 ostensuri
1283 3716 1391 3758 sumus
1402 3694 1445 3758 ad

344 3793 440 3857 libros
455 3794 495 3856 de
509 3792 575 3858 vita
589 3792 801 3858 Constantini.
835 3794 899 3859 Hie
914 3818 989 3861 vero
1004 3797 1120 3861 milites
1135 3796 1242 3860 malim
1257 3795 1445 3879 intelligere,

344 3916 415 3957 eum
431 3916 527 3978 supra
543 3895 663 3959 mentio
678 3897 736 3958 fiat
750 3897 869 3960 tribuni
885 3896 1031 3961 militum.
1056 3896 1219 3959 Vsnmros.

389 3997 473 4062 lbid.
499 4000 540 4063 είς
563 3998 699 4079 Σάγκτσν
722 4001 858 4062 διάκονον
881 4000 940 4062 ἀπὸ
963 3999 1100 4077 Britanno]
1131 3997 1266 4061 Rufinus
1292 3996 1446 4060 Sanctum

344 4098 512 4163 diaconum
539 4099 752 4162 Viennensem
782 4100 1031 4184 interpretatur:
1064 4099 1150 4183 quod
1175 4106 1225 4162 est
1251 4097 1445 4182 ambiguum.

345 4201 456 4286 Neque
483 4200 565 4263 enim
593 4199 730 4264 Sanctus
755 4200 817 4265 fuit
842 4201 995 4265 diaconus
1022 4201 1208 4265 Viennensis
1234 4200 1385 4276 ecclesiae,
1407 4207 1446 4263 ut

344 4304 473 4387 quidam
489 4301 549 4366 hae
565 4301 672 4364 Rufini
687 4302 829 4366 versione
844 4302 967 4366 inducti
978 4302 1211 4368 existimarunt.
1250 4304 1348 4366 Certe
1359 4302 1446 4386 Lug·

344 4407 501 4470 dunenses
516 4402 548 4466 in
563 4404 623 4466 hac
638 4403 773 4488 epistola
788 4403 821 4467 id
836 4426 900 4467 non
915 4404 1044 4470 dieunt:
1068 4405 1125 4469 sed
1139 4411 1266 4469 tantum
1285 4401 1446 4467 affirmant

343 4506 430 4570 illum
449 4505 575 4568 Vienna
590 4505 759 4568 oriundum
774 4503 879 4569 luisse.
919 4504 998 4570 Fuit
1010 4506 1107 4591 igitur
1121 4507 1172 4571 hic
1187 4506 1325 4570 Sanctus
1340 4504 1448 4590 patria

344 4609 471 4693 quidem
499 4606 694 4684 Viennensis,
722 4606 874 4671 diaconus
902 4616 1011 4672 autem
1042 4607 1263 4693 Lugdunensis
1294 4606 1444 4671 ecclesias.

344 4710 508 4774 Vsnrsres.
553 4708 711 4793 Opinatus
725 4719 839 4774 contra
854 4716 904 4773 est
920 4708 1025 4773 David
1040 4708 1235 4796 Dalrymple,
1252 4710 1300 4773 vir
1319 4707 1444 4785 nobilis,

849 4834 868 4872 x
886 4830 941 4875 xz
