3809 5650
492 628 496 635 ⁴
572 676 621 742 m
653 678 899 742 nnensrrrr
931 679 1229 746 sensurum.
1386 679 1453 750 see

352 841 395 905 xi.
409 841 505 925 hujus
524 841 608 918 libri,
625 842 680 904 ubi
703 843 860 906 Eusebius
879 844 964 908 hune
986 844 1161 928 Hegesippi
1181 844 1284 906 loeum
1306 838 1459 916 adduxit,

352 942 447 1026 paulo
473 942 567 1005 aliter
592 942 661 1006 haee
684 943 874 1008 referuntur.
920 945 1050 1008 Etenim
1072 943 1229 1008 Eusebius
1252 943 1315 1006 illie
1333 942 1452 1018 scribit,

353 1041 572 1126 Hegesippum
609 1042 744 1106 Romam
779 1045 970 1108 adventasse
1008 1044 1206 1128 temporibus
1243 1042 1382 1117 Anineti,
1420 1050 1454 1106 et

352 1164 452 1225 usque
468 1143 510 1205 ad
528 1143 748 1226 pontificatum
764 1143 940 1207 Eleutherii
960 1144 993 1206 in
1015 1145 1093 1207 urbe
1109 1145 1212 1207 Romu
1233 1142 1453 1228 permansisse.

354 1242 498 1325 (Eusebii
514 1243 611 1307 verba
630 1251 714 1319 sunt,
731 1246 779 1306 καὶ
800 1247 874 1307 κατὰ
888 1244 942 1321 τὴν
955 1242 1109 1323 Ῥωμαίων
1124 1247 1156 1307 δὲ
1170 1245 1261 1306 πόλιν
1276 1241 1311 1306 ιε’
1326 1247 1377 1321 τῆς
1392 1244 1454 1306 ἔπι-

354 1347 466 1420 σκσσῆς
490 1344 613 1426 ἐνιαυτῷ
637 1343 715 1407 Πίον
731 1344 975 1422 μεταλλάξαντος
993 1343 1148 1422 Ἀνίκητος
1169 1349 1228 1406 τῶν
1252 1345 1350 1406 ἐκεῖσε
1371 1341 1453 1423 προΐ-

353 1465 468 1506 σταται·
486 1441 548 1505 καὸ
565 1442 601 1504 ὃν
614 1440 807 1524 Ἡγήσιππος
828 1446 942 1524 ἱστορεῖ
961 1443 1067 1506 ἑαυτὸν
1090 1446 1267 1522 ἐπιδημῆσαι
1288 1443 1324 1527 τῇ
1344 1440 1453 1520 Ῥώμη,

353 1545 536 1622 παραμεῖναί
547 1567 579 1604 τε
602 1543 704 1605 αὐτόθι
725 1542 813 1624 μέχρι
828 1547 879 1621 τῆς
894 1546 1055 1620 ἐπισκοπῆς
1068 1542 1274 1622 Ἐλευθέρου.)
1299 1541 1454 1625 Hegesip·

353 1665 413 1727 pus
435 1651 543 1706 tamen
560 1643 620 1706 hoe
638 1643 708 1706 loeo
726 1643 759 1706 id
778 1665 841 1706 non
860 1644 957 1707 dicit:
980 1644 1036 1706 sed
1053 1650 1182 1706 tantum
1204 1641 1263 1718 ait,
1286 1662 1320 1704 se
1342 1640 1454 1705 Rome

353 1744 506 1807 mansisse
521 1766 620 1827 usque
637 1745 679 1807 ed
702 1744 923 1828 pontificatum
938 1743 1078 1807 Aniceti.
1123 1743 1258 1805 Romam
1272 1762 1349 1825 ergo
1364 1762 1454 1804 vene-

353 1855 407 1908 rat
422 1845 626 1929 Hegesippus
641 1846 700 1908 sub
719 1853 863 1908 extrema
884 1844 935 1907 Pii
950 1852 1106 1928 tempera.
1129 1842 1294 1905 Vnmsrus.
1339 1841 1455 1904 Henri·

354 1965 409 2006 eus
426 1945 552 2027 quidem
574 1946 708 2009 Savilius
727 1946 769 2009 ud
789 1966 878 2008 erem
896 1945 944 2008 sui
966 1944 1083 2008 eedieis
1100 1965 1159 2028 pro
1174 1942 1314 2024 διαδοχὴν
1327 1941 1455 2025 seripsit

355 2044 517 2123 διατριβὴν,
541 2066 637 2127 quam
660 2045 913 2109 emendationem
935 2044 1146 2108 neeessariam
1167 2050 1284 2127 putans
1308 2040 1456 2105 Valesius

355 2142 399 2204 sio
423 2144 540 2207 Graeeu
565 2146 739 2213 transtulit,
764 2147 893 2208 Ilmnum
922 2167 989 2208 mro
1015 2166 1082 2208 mm
1110 2144 1264 2220 emissem,
1285 2143 1385 2205 mensi
1410 2140 1456 2206 idi

355 2244 442 2326 apud
454 2246 623 2309 Anicetum.
669 2248 748 2322 Quae
771 2247 898 2330 quidem
916 2246 1018 2309 versio
1037 2245 1064 2308 si
1086 2245 1187 2328 proba
1205 2245 1257 2316 sit,
1279 2244 1361 2307 hene
1380 2264 1454 2307 nos-

356 2351 441 2406 tram
466 2346 682 2428 conjecturam
704 2347 744 2409 de
769 2347 954 2430 Hegesippo
980 2345 1123 2409 funditus
1148 2346 1286 2420 evertit3
1321 2346 1376 2408 sed
1405 2351 1457 2408 est

356 2444 449 2507 nimis
465 2445 632 2509 manifesto
644 2447 793 2511 detorta:
811 2468 885 2509 nem
895 2447 1000 2528 μέχρις
1009 2445 1174 2524 Ἀνικήτον,
1190 2446 1279 2529 epred
1285 2447 1455 2522 Anicetum,

355 2566 518 2628 nunquam
532 2553 643 2610 sonet:
659 2549 728 2629 ἄχρι
743 2555 777 2611 et
793 2547 882 2629 μέχρι
897 2548 1009 2610 Graeee
1022 2547 1109 2609 aliud
1121 2546 1319 2630 significent:
1338 2546 1455 2630 Hesye.

356 2645 453 2727 μέχρι,
480 2652 535 2713 ἕως
557 2649 645 2713 τινός.
702 2647 828 2723 Suidas,
852 2649 933 2729 ἄχρι,
965 2648 1032 2710 ἀντὶ
1054 2651 1106 2708 τοῦ
1131 2646 1230 2728 μέχρι,
1256 2647 1321 2712 ἕως.
1377 2647 1454 2710 Lex.

357 2746 558 2809 Graeee-Lat.
581 2746 669 2830 μέχρι
685 2753 747 2823 νῦν,
771 2769 862 2832 mque
877 2747 988 2819 adhue,
1011 2752 1045 2809 et
1063 2746 1151 2828 μέχρι
1172 2747 1286 2818 τούτου,
1306 2767 1400 2831 reaque
1415 2767 1456 2809 ee.

359 2845 436 2909 Lex.
452 2846 572 2929 Gyn'lli,
587 2847 675 2929 μέχρι
694 2853 790 2927 δεῦρο,
806 2848 894 2930 μέχρι
908 2852 975 2925 ὦδε,
992 2848 1045 2913 ἕως
1061 2852 1114 2909 τοῦ
1134 2852 1198 2910 νῦν.
1244 2848 1350 2922 Quare
1369 2847 1458 2929 μέχρι

358 2943 512 3023 Ἀνικήτον
527 2969 590 3009 non
601 2948 811 3032 magissonat
824 2949 911 3033 opud
924 2949 1093 3023 Anicetum,
1105 2947 1139 3009 in
1155 2945 1259 3009 verbis
1271 2945 1457 3031 Hegesippi,

358 3068 453 3129 quam
467 3047 556 3129 μέχρι
565 3046 690 3127 Ῥώμης,
705 3049 794 3131 apud
802 3050 940 3125 Bessum
957 3047 1052 3133 paulo
1067 3055 1142 3111 unte
1153 3047 1187 3109 in
1201 3046 1305 3109 verbis
1317 3045 1458 3109 Eusebii.

359 3150 463 3224 Quem
486 3149 659 3211 absurdum
676 3149 760 3212 enim
782 3158 876 3226 esset,
892 3150 918 3213 si
939 3149 1010 3233 quis
1028 3148 1083 3212 ille
1098 3147 1282 3211 Eusebianu
1297 3148 1337 3209 de
1352 3147 1458 3229 Hege-

359 3250 449 3334 eippo
465 3252 631 3327 ἀποδημίαν
652 3248 847 3327 στειλάμενος
868 3250 958 3333 μέχρι
971 3248 1094 3329 Ῥώμης,
1110 3249 1156 3311 sie
1178 3248 1383 3332 interpretari
1397 3246 1459 3311 vel-

358 3347 415 3424 let,
438 3370 505 3410 oum
526 3347 613 3431 aprsd
629 3349 766 3425 Romam,
782 3349 830 3411 σοὶ
847 3351 964 3426 Rmuae,
973 3351 1242 3434 pmjieiseoretur?
1291 3348 1379 3412 Vidit
1398 3349 1460 3413 heu

359 3449 408 3511 vir
429 3447 726 3532 perspicacissimus,
749 3449 883 3534 ideoque
904 3450 937 3513 in
962 3450 1234 3526 annotationibus,
1256 3449 1370 3536 quibus
1391 3469 1460 3513 ver·

360 3550 479 3613 sionem
494 3570 585 3611 suam
600 3558 657 3613 eut
671 3550 837 3635 corrigere,
853 3558 912 3616 aut
927 3553 1067 3617 emollire
1078 3552 1169 3628 solet,
1184 3550 1287 3615 tradit
1304 3551 1460 3636 Hegesip·

360 3669 436 3730 pum
450 3656 578 3712 tantum
592 3650 718 3726 dixisse,
735 3654 775 3715 Se
789 3654 898 3716 Romae
915 3655 1060 3718 mansisse
1079 3674 1170 3738 usque
1183 3652 1229 3716 ud
1242 3653 1461 3734 Pontificatum

361 3750 507 3813 Animi.-
530 3750 623 3831 Quod
637 3759 674 3816 ut
691 3753 797 3836 aliquo
818 3755 913 3818 modo
930 3762 1086 3830 tueretur,
1102 3753 1239 3829 addidit,
1252 3754 1381 3815 limeum
1394 3771 1462 3835 erpo

361 3860 480 3913 venerut
488 3851 678 3936 Hepmippm
687 3852 878 3918 uilemrmm
888 3855 948 3918 Pii
961 3852 1184 3937 compensius
1198 3850 1263 3914 ulla
1273 3849 1462 3925 autoritate,

317 3936 320 3944 ¹
361 3959 419 4014 aut
433 3952 702 4016 verisimilitudine
714 3978 723 4026 ;
741 3963 774 4018 et
789 3962 902 4017 eontra
916 3974 1099 4037 expressam
1113 3951 1304 4019 sententiam
1320 3948 1461 4026 Eusebii,

361 4059 395 4115 et
411 4052 610 4135 Hieronymi,
625 4054 679 4137 qui
694 4075 767 4116 eum
781 4076 845 4117 non
859 4054 918 4117 sub
936 4053 1005 4130 Pio,
1021 4054 1076 4116 sed
1098 4052 1158 4115 sub
1172 4050 1310 4114 Aniesto
1326 4050 1463 4112 Romam

361 4153 483 4217 venisse
498 4152 616 4217 diserte
635 4154 777 4217 tradunt.
822 4154 902 4218 (lum
921 4153 1021 4238 igitur
1039 4153 1093 4215 illa
1110 4150 1262 4235 marginis
1282 4148 1463 4213 observatio

362 4256 394 4316 in
420 4255 479 4317 hos
502 4276 626 4317 errores
650 4261 779 4317 tantum
802 4254 904 4317 virum
927 4254 1107 4330 deduxerit,
1124 4273 1195 4318 eum
1215 4253 1312 4317 MSS.
1328 4249 1462 4325 codiees,

363 4356 477 4439 quibus
496 4377 572 4418 usus
591 4366 672 4431 eret,
693 4355 772 4418 nihil
789 4355 854 4419 tale
871 4355 932 4440 ipsi
952 4354 1189 4441 suggesserint3
1210 4375 1282 4418 eum
1303 4352 1464 4416 liebertus

364 4456 545 4540 Stephanus
559 4456 592 4518 in
607 4455 740 4519 vetustis
751 4456 912 4520 eodieibus
925 4455 1044 4521 nullam
1053 4456 1105 4519 hie
1119 4454 1264 4519 lectionis
1273 4454 1463 4519 varietatem

363 4556 643 4629 animadverterit;
667 4578 739 4619 eum
763 4557 916 4634 Ruffinus,
942 4557 996 4641 qui
1022 4556 1051 4619 ei
1075 4556 1208 4640 praeivit,
1233 4562 1301 4620 tam
1326 4554 1464 4620 absurde

362 4656 464 4721 loeum
487 4656 698 4732 transtulerit,
716 4656 792 4720 Cum
812 4667 912 4721 omen
932 4658 1072 4721 emisses
1086 4659 1224 4730 Rmnnm,
1241 4655 1400 4741 mummi
1419 4651 1465 4717 ili
