3809 5650
399 677 463 745 476
771 673 1126 740 ANNOTATIONES

402 843 597 917 nominabat,
608 862 665 904 nec
676 840 771 904 alitor
781 840 844 904 illic
854 841 981 926 quidem
990 840 1134 904 Rufinus.
1161 839 1245 917 Quin
1254 847 1289 904 et
1298 840 1524 925 Epiphanius.

401 968 465 1009 non
488 951 616 1008 tantum
639 942 708 1007 loco
731 944 826 1006 modo
850 944 999 1020 adducto,
1015 943 1072 1006 sed
1095 941 1193 1006 etiam
1216 941 1250 1004 in
1267 940 1397 1004 Hoemi
1412 942 1517 1006 xlviii.

402 1053 542 1128 quaeest
571 1044 846 1128 Campbryyarum,
872 1065 959 1107 num.
987 1061 1016 1106 ο.
1044 1041 1127 1106 hanc
1146 1041 1339 1126 scripturam
1360 1063 1406 1105 ex
1428 1044 1518 1108 anti·

401 1145 503 1229 quiori
519 1145 655 1208 fortasse
669 1152 799 1208 auctore
811 1144 950 1207 exhibet.
990 1142 1110 1206 Itidem
1121 1141 1154 1204 in
1162 1141 1250 1205 Her.
1261 1140 1362 1205 lxxix.
1375 1163 1471 1208 num.
1486 1164 1515 1209 1.

403 1245 457 1308 Ita
472 1244 630 1308 Eusebius
644 1266 769 1328 quoque
783 1244 837 1307 lib.
854 1267 883 1309 v.
899 1245 981 1307 Hine.
998 1265 1066 1327 cap.
1082 1242 1229 1322 14.-rdu
1243 1244 1301 1321 μὲν
1310 1241 1518 1322 παράκλητον

403 1346 575 1421 Μοντανὸν,
591 1349 641 1411 τὰς
658 1344 681 1408 δ’
698 1348 730 1424 ἐξ
744 1346 833 1409 αὐτοῦ
847 1351 998 1426 γυναῖκας,
1014 1345 1207 1425 Πρισκίλλαν
1226 1343 1274 1406 καί
1294 1345 1515 1422 Μαξιμίλλαν,

402 1446 441 1510 ὡς
471 1445 509 1507 ἂν
533 1449 586 1507 τοῦ
611 1450 772 1508 Μοντανοΰ
797 1444 979 1524 προφήτιδας
1003 1445 1161 1524 γεγονυίας
1184 1442 1354 1524 αὐχοῦντες.
1401 1443 1516 1508 Immo

402 1567 476 1608 vero
491 1552 525 1609 et
543 1546 611 1628 ipse
631 1544 853 1620 Tertullianus,
870 1543 924 1627 qui
944 1543 1049 1626 capite
1067 1562 1114 1605 10.
1130 1542 1184 1604 lib.
1199 1542 1248 1604 De
1261 1541 1370 1604 Reor.
1387 1544 1516 1610 Cumis

402 1646 484 1709 hanc
509 1647 630 1709 Priccae
652 1644 778 1708 nomino
801 1644 952 1728 appellat,
973 1642 1064 1707 initio
1087 1649 1196 1706 tamen
1217 1642 1288 1705 libri
1303 1643 1352 1705 Do
1367 1644 1515 1728 chmriic

404 1747 613 1810 Maximillam
636 1753 670 1810 ot
690 1745 867 1808 Pnboillem
890 1765 962 1807 cum
981 1743 1142 1808 Montano
1165 1765 1222 1807 suo
1245 1743 1375 1808 inducit.
1424 1746 1512 1811 Cum

401 1846 500 1931 igitur
514 1848 596 1911 hanc
612 1846 761 1910 Montani
781 1845 934 1910 asseclam
955 1866 1019 1907 non
1038 1851 1166 1908 tantum
1187 1843 1269 1907 nlius
1289 1843 1352 1907 alio
1374 1847 1511 1913 nomine

401 1947 550 2031 appellet,
567 1948 622 2010 sed
638 1946 735 2011 etiam
750 1946 834 2010 idem
849 1966 973 2029 quoque
988 1945 1124 2028 scriptor
1138 1966 1245 2008 secum
1256 1944 1448 2010 dissentiens
1458 1947 1511 2011 ita

402 2047 509 2124 iaciat,
536 2047 671 2110 fortasse
697 2049 840 2126 διώνυμος
863 2044 978 2109 mulier
1003 2045 1147 2108 extitisse
1172 2045 1329 2109 censenda
1352 2050 1424 2120 est;
1453 2046 1508 2110 vel

401 2148 508 2230 potius
530 2146 708 2223 dicendum,
725 2146 870 2209 Priscam
888 2145 936 2208 vel
952 2143 1129 2208 Priscillam
1148 2144 1244 2208 istam
1264 2145 1359 2208 luisse
1377 2144 1507 2210 indiffe-

401 2255 509 2310 renter
530 2246 571 2309 ab
593 2246 664 2309 eliis
684 2245 887 2330 appellatam,
902 2244 1169 2328 quemadmodum
1189 2245 1222 2307 in
1242 2245 1402 2309 codicibus
1423 2267 1507 2309 non-

401 2345 494 2408 nullis
507 2346 655 2428 Epictelae
669 2347 818 2409 Paulinae
831 2347 876 2409 od
888 2348 1042 2409 Romanos
1059 2367 1128 2429 cop.
1143 2345 1209 2409 xvi.
1224 2366 1336 2409 comm.
1354 2366 1385 2430 3.
1401 2347 1508 2412 etiam

401 2447 433 2508 in
449 2445 501 2509 illo
515 2446 608 2521 libro,
625 2468 687 2531 quo
703 2468 778 2510 usus
793 2453 843 2510 est
858 2446 1022 2531 Origenes,
1035 2445 1161 2529 Aquilae
1176 2469 1265 2524 uxor,
1282 2469 1353 2532 quae
1367 2447 1400 2510 in
1411 2450 1508 2514 Actio

400 2547 612 2632 Apoetelemm
639 2547 784 2611 Priscilla
808 2554 950 2622 vocatur,
978 2546 1089 2610 Prisca
1113 2547 1278 2611 nominata
1301 2547 1370 2611 fuit.
1425 2549 1505 2613 Vid.

401 2648 488 2733 Orig.
514 2651 671 2714 Commeat.
692 2650 727 2713 in
748 2648 851 2737 Epor.
872 2647 918 2711 αιί
937 2648 1025 2711 Rem.
1048 2646 1101 2715 lib.
1125 2669 1157 2710 x.
1180 2649 1211 2730 φ.
1236 2649 1283 2711 18.
1304 2670 1337 2732 p.
1358 2648 1435 2713 681.
1450 2650 1505 2715 ed.

401 2750 600 2816 Benedictio.

444 2852 483 2914 P.
493 2854 567 2929 468.
578 2852 598 2914 l.
610 2873 640 2935 9.
651 2853 697 2914 Οὐ
712 2857 794 2915 δοκεῖ
807 2852 868 2935 σοι]
884 2851 1082 2936 Nicephorus
1096 2852 1130 2916 in
1143 2852 1197 2917 lib.
1209 2852 1248 2917 iv.
1258 2873 1327 2935 cap.
1339 2869 1357 2914 ο
1358 2865 1390 2934 5.
1401 2871 1505 2937 nega-

400 2952 499 3015 tivam
513 2952 605 3015 addit
622 2950 822 3036 particulam,
836 2952 871 3015 οὗ
890 2957 973 3015 δοκεῖ
984 2978 1043 3026 σοι,
1064 2953 1123 3016 &c
1167 2953 1276 3036 Atque
1295 2952 1343 3015 ita
1363 2951 1503 3018 Savilius

400 3054 442 3116 ad
463 3054 637 3137 marginem
658 3054 706 3117 sui
729 3052 801 3116 libri
825 3054 1014 3118 emendavit.
1040 3056 1201 3117 Vnumne.
1247 3052 1427 3117 Strothium
1453 3076 1505 3118 se-

400 3162 494 3219 cutus
508 3155 674 3218 lectionem
691 3156 724 3217 in
744 3161 870 3218 textum
889 3155 1005 3239 recepi,
1021 3154 1248 3238 praestantibus
1266 3154 1369 3239 ipsam
1383 3154 1504 3240 Ilufiw

400 3278 525 3341 quoque
539 3264 573 3320 et
590 3256 758 3341 Ohm'etcpl.
774 3259 869 3321 Lecti.
914 3255 1048 3341 Recepit
1063 3264 1097 3321 et
1111 3257 1336 3321 Zimmerman.

459 3356 540 3419 Ibid.
564 3358 732 3441 προφήτην]
760 3358 914 3438 προφήτας
942 3357 1072 3441 Νίοθρλ.
1126 3357 1209 3421 Dein
1232 3358 1323 3421 deest
1341 3354 1502 3439 particula

401 3455 448 3516 καὶ
469 3461 546 3517 ante
567 3455 681 3535 χρυσὸν
705 3458 738 3518 in
752 3458 853 3520 MSS.
871 3457 962 3521 Bodl.
979 3464 1013 3520 et
1027 3458 1166 3541 Norsblc.
1212 3460 1294 3521 Mox
1316 3477 1374 3540 pro
1392 3480 1500 3534 παραι-

400 3553 527 3630 τήσομαι
551 3552 672 3615 hobent
694 3555 919 3633 παραιτήσομαι
941 3557 1016 3619 M&
1030 3558 1121 3621 Bodl.
1145 3564 1179 3622 et
1198 3556 1330 3641 Nicepb.
1352 3554 1436 3618 idem
1457 3578 1500 3621 ex

399 3648 541 3732 pluribus
557 3648 684 3732 scriptis
698 3649 869 3732 recipiente
883 3652 917 3713 in
931 3657 1058 3715 textum
1073 3654 1228 3717 Burtono.

444 3750 523 3813 lbid.
539 3750 559 3813 Ι.
579 3765 626 3834 15.
643 3752 691 3813 xci
711 3752 867 3831 Θεμίσων]
887 3751 937 3814 De
959 3752 1019 3816 hoc
1038 3753 1116 3830 viro,
1132 3753 1258 3817 nomine
1279 3760 1388 3817 tamen
1409 3753 1500 3817 haud

399 3858 587 3927 memorato,
610 3850 709 3915 habet
733 3851 821 3915 aliud
845 3859 1002 3935 praeterea
1027 3854 1179 3937 quiddam
1201 3853 1388 3939 Apollonius
1412 3853 1499 3920 infra

401 3949 430 4027 ξ.
445 3948 497 4011 vii.
517 3971 612 4033 quem
636 3950 749 4028 locum,
770 3959 808 4015 ut
829 3952 960 4029 videbis,
976 3954 1107 4037 exponit
1128 3954 1210 4018 alius
1229 3956 1373 4019 Aeuom
1391 3966 1499 4023 οοοίνα

402 4048 615 4133 Catopbyeas
634 4048 731 4115 locus.
776 4052 882 4115 Abest
905 4054 961 4129 καὶ,
974 4052 1000 4116 si
1016 4054 1093 4137 quid
1106 4053 1140 4117 id
1154 4054 1264 4131 refert,
1278 4075 1301 4119 a
1314 4056 1496 4140 Nicoploro,

400 4147 453 4229 qui
469 4148 672 4228 ἆμφιεσμίνος
687 4172 744 4232 pro
757 4151 960 4231 ἠμφιεσμένος
974 4160 1120 4236 prestat.

444 4246 527 4308 Ibid.
544 4248 598 4324 τὴν
612 4250 785 4324 ἀξιόπιστον
803 4250 984 4328 πλεονεξίαν
1000 4252 1218 4338 ἠμφιεσμένος]
1239 4252 1405 4318 Musculus
1424 4276 1495 4318 ver·

399 4348 442 4411 tit
470 4347 644 4411 indubitata
670 4351 810 4414 αοατίτὶα
834 4351 1049 4415 circundatus.
1093 4354 1398 4438 (ihristophorsonus
1420 4375 1498 4420 vero

398 4455 475 4509 totus
488 4468 592 4511 revere
605 4450 751 4513 avaritie
764 4449 899 4514 cordibae
917 4450 1077 4517 invocem.
1122 4452 1251 4538 Longus
1268 4461 1377 4518 autem
1396 4453 1496 4518 inter·

399 4551 545 4626 pretatus
573 4559 632 4624 est,
662 4549 849 4634 ioeoplebilis
875 4551 1022 4615 ammte
1048 4553 1184 4618 cordibae
1216 4553 1374 4632 σίοοίιιίιιτ,
1404 4555 1497 4638 quasi

399 4642 555 4719 ἄπληστον
568 4650 747 4725 πλεονεξίαν
759 4650 926 4733 legeretur.
966 4650 1038 4737 Ego
1053 4673 1127 4718 vero
1141 4675 1206 4719 non
1219 4654 1344 4733 dubit0,
1356 4654 1432 4740 quin
1444 4654 1497 4721 hio
