3809 5650
787 698 1087 765 HEGESIPPUS.
1426 703 1491 766 218

387 863 590 966 παρουσίαν
608 869 672 940 τοῦ
691 867 856 964 Χριστοῦ
878 865 951 945 ’ὡς
977 865 1034 941 καὶ
1052 861 1231 965 Ἡρώδης·
1263 865 1321 942 καὶ
1346 863 1488 966 ἐπηρώ-

388 1030 500 1094 τησεν
517 994 645 1080 αὐτοῦς
663 998 749 1074 εἰέκ
856 1000 890 1075 ιδ
908 996 990 1076 εἰσί·
1027 999 1085 1074 καὶ
1104 994 1360 1096 ὡμολόγησαν.
1410 996 1491 1075 τότε

389 1130 575 1232 ἠρώτησεν
592 1128 719 1212 αὐτοῦς
737 1127 857 1212 πόσας
882 1129 1024 1230 κτήσεις
1043 1130 1199 1234 ἔχουσιν,
1217 1126 1240 1228 ἢ
1258 1126 1386 1208 πόσων
1403 1162 1492 1233 χρη-

389 1264 513 1362 μάτων
526 1263 756 1367 κυριεύουσιν.
799 1270 831 1343 oi
850 1264 887 1344 δέ
906 1260 1005 1345 εἶπον
1024 1264 1231 1373 ἀμφότεροι,
1245 1266 1493 1369 ἐννακισχίλια

363 1396 539 1500 5δηυιίρια
556 1396 728 1502 ὑπάρχειν
747 1400 866 1481 αὐτοῖς
883 1397 987 1497 μόνα,
1003 1398 1144 1506 ἑκάστῳ
1163 1401 1280 1478 αῦτεῦν
1299 1398 1493 1498 ἀνήκοντος

391 1542 454 1611 τοῦ
473 1533 640 1631 ἡμίσεως·
665 1537 723 1611 καὶ
741 1541 854 1611 ταῦτα
872 1533 935 1610 οὐκ
954 1535 993 1610 ἐν
1011 1533 1189 1633 ἀργυρίοις
1207 1531 1371 1637 ἔφασκον
1390 1532 1492 1637 ἐχειν,

391 1666 475 1744 ἀλλ’
494 1668 532 1744 ἐν
551 1664 752 1764 διατιμήσει
764 1669 832 1765 γῆς
850 1664 1019 1765 πλέθρων
1037 1661 1227 1765 τριάκοντα
1245 1665 1344 1743 ἐννέα
1361 1664 1491 1764 μόνων.

391 1798 435 1903 ἐξ
459 1795 509 1876 ὧν
533 1801 592 1876 καὶ
616 1796 698 1880 τοῦς
723 1795 858 1902 φόρους
886 1796 1087 1902 ἀναφέρειν,
1107 1798 1164 1875 καὶ
1190 1795 1317 1881 αῦτοῦς
1345 1800 1493 1902 αὐτουρ-

391 1940 545 2033 γοῦντας
566 1931 832 2036 διατρέφεσθαι.
878 1929 953 2009 εἶτα
973 1932 1010 2011 δέ
1028 1935 1086 2012 καὶ
1105 1930 1168 2015 τὰς
1186 1939 1306 2036 χεῖρας
1325 1932 1389 2016 τὰς
1407 1934 1488 2013 ἐαυ-

348 2073 464 2144 ιοτῶν
493 2064 735 2145 ἐπιδεικνύναι·
776 2066 971 2168 μαρτύριον
997 2068 1061 2164 τῆς
1092 2066 1303 2167 αῦτουργίας
1334 2066 1400 2165 τὴν
1430 2075 1494 2146 τοῦ

393 2199 561 2297 σώματος
579 2201 768 2302 σκληρίαν,
783 2203 841 2278 καὶ
860 2197 942 2282 τοῦς
961 2195 1032 2278 ἀπὸ
1050 2203 1113 2297 τῆς
1132 2208 1305 2302 συνεχοῦς
1323 2201 1494 2300 ἐργασίας

393 2334 728 2416 ἐναποτυτωθέντας
755 2334 812 2412 ἐπὶ
841 2339 914 2410 τῶν
941 2333 1037 2411 ἰδίων
1066 2338 1195 2436 χειριῦν
1225 2331 1355 2415 τύλους
1382 2366 1491 2435 παρι-

392 2464 563 2549 στάντας.
608 2466 846 2569 ἐρωτηθέντας
876 2465 913 2544 δέ
945 2469 1027 2568 περὶ
1056 2474 1120 2544 τοῦ
1150 2472 1315 2567 Χριστοῦ
1346 2468 1405 2544 καὶ
1432 2470 1496 2565 τῆς

756 2599 1143 2633 ersus!

393 2601 583 2695 βασιλείας
611 2601 730 2698 αὐτοῦ,
749 2635 854 2680 οποια
872 2635 925 2684 τις
943 2635 996 2700 ειη
1014 2635 1072 2680 και
1096 2635 1182 2681 ποτε
1208 2604 1265 2680 καὶ
1292 2608 1359 2680 ποῖ
1373 2607 1493 2706 φανη-

350 2734 542 2835 ιεσομένη,
560 2731 674 2836 λόγον
693 2739 824 2832 δοῦναι,
843 2738 891 2818 ὡς
910 2736 951 2814 οῦ
970 2734 1126 2835 κοσμικὴ
1149 2734 1214 2835 μέν
1239 2736 1310 2814 οὐδ’
1332 2737 1496 2839 ἐπίγειος,

395 2869 600 2973 ἐπουράνιος
632 2869 670 2949 δέ
703 2871 760 2948 καὶ
792 2869 968 2971 ἀγγελικὴ
1004 2867 1182 2973 τυγχάνει,
1214 2872 1271 2948 ἐπὶ
1309 2871 1498 2977 συντελείᾳ

395 3013 459 3085 τοῦ
476 3011 603 3087 αἰῶνος
627 3005 861 3104 γενησομένη,
881 3005 1033 3101 ὁπηνίκα
1056 3001 1172 3081 ἐλθὼν
1197 3005 1234 3080 ἐν
1258 3000 1349 3107 δόξῃ
1372 3003 1497 3105 κρίνειε

395 3300 486 3337 sarem
502 3280 648 3358 perduxit.
682 3280 801 3358 Quippe
817 3280 919 3338 Domi·
969 3280 1124 3357 jugerum:
1149 3298 1186 3336 err
1207 3298 1331 3354 qnorum
1352 3277 1497 3339 fructibus

395 3361 492 3418 tianus
512 3359 548 3417 de
569 3358 698 3418 adventu
719 3360 838 3424 Christi,
857 3380 920 3435 per·
972 3370 1002 3417 et
1026 3359 1136 3417 tributa
1160 3357 1368 3438 persolverent,
1390 3369 1420 3415 et
1442 3359 1497 3417 sibi

349 3438 463 3496 winde
480 3459 513 3496 ae
534 3439 668 3497 Herodes
689 3439 743 3496 sibi
763 3440 920 3498 metuebat.
972 3438 1042 3515 ipsis
1071 3458 1128 3495 non
1161 3438 1223 3497 sine
1254 3438 1373 3516 proprio
1400 3436 1497 3496 labore

396 3518 572 3594 Interrogati
591 3518 682 3595 igitur
695 3519 732 3576 ab
745 3518 806 3583 illo,
822 3530 920 3576 utrum
972 3519 1081 3577 vietum
1096 3528 1306 3596 compararent.
1344 3516 1498 3593 Simulque

395 3616 432 3654 ex
453 3597 545 3673 stirpe
562 3596 685 3655 Davidis
706 3611 802 3656 essent
820 3599 919 3655 oriun-
972 3618 1074 3656 manus
1091 3598 1244 3656 ostendere
1266 3607 1427 3675 coeperunt,
1443 3597 1498 3654 du·

396 3674 436 3743 di,
454 3675 484 3733 id
507 3676 687 3733 verissimum
709 3697 772 3735 esse
797 3678 920 3735 confessi
972 3677 1067 3736 ritiem
1087 3678 1172 3743 cutis,
1187 3677 1418 3755 impressumque
1438 3676 1497 3735 alte

396 3767 475 3813 sunt.
517 3754 630 3813 Deinde
649 3756 812 3814 sciscitatus
826 3769 870 3814 est
884 3776 921 3814 ex
973 3758 1106 3815 manibus
1125 3756 1230 3814 callum
1250 3776 1287 3813 ex
1304 3755 1410 3814 laboris
1426 3756 1498 3814 assi·

350 3842 384 3901 25
396 3833 455 3891 illis
483 3834 680 3899 Domitianus,
705 3847 827 3912 quantas
855 3856 920 3913 pos·
973 3834 1095 3898 duitate.
1121 3836 1151 3892 in
1176 3835 1375 3894 testimonium
1401 3834 1497 3911 operis

395 3913 545 3979 sessiones,
578 3924 757 3989 quantumve
791 3915 921 3993 pecunia
973 3916 1017 3971 sui
1042 3915 1232 3991 proferentes.
1276 3913 1427 3970 Postremo
1451 3913 1497 3970 in.

395 3992 544 4050 baberent.
589 3992 637 4049 Illi
652 4013 720 4051 vero
737 4014 838 4052 novem
856 4005 920 4051 tan·
973 3994 1111 4069 terrogati
1126 3993 1163 4051 de
1177 3993 1295 4050 Christo
1309 4001 1339 4049 et
1354 3991 1390 4049 de
1407 4010 1497 4069 regno

397 4073 548 4130 tummodo
569 4071 752 4130 denariorum
774 4073 865 4130 millia
885 4073 922 4130 si·
971 4072 1061 4136 illius,
1090 4070 1253 4148 cujusmodi
1287 4070 1318 4128 id
1351 4080 1437 4137 esset,
1466 4081 1497 4129 et

396 4151 425 4207 bi
442 4151 583 4209 ambobus
599 4161 754 4229 suppetere
772 4152 919 4217 dixerunt,
971 4150 1097 4226 quando,
1112 4151 1252 4227 quibusve
1269 4148 1300 4205 in
1319 4149 1390 4206 locis
1408 4169 1495 4228 appe·

348 4242 519 4305 30quorum
551 4230 671 4288 dimidia
703 4250 768 4307 pars
800 4230 921 4307 singulis
971 4231 1116 4287 riturum:
1139 4228 1352 4307 responderunt
1368 4248 1425 4285 non
1440 4228 1496 4287 hu.

397 4319 592 4386 competeret:
615 4330 663 4367 eas
680 4329 749 4366 vero
768 4309 922 4368 facultates
968 4309 1018 4384 jus
1041 4308 1142 4367 mundi
1165 4328 1218 4366 neo
1241 4318 1383 4366 terrarum
1406 4308 1497 4386 impe·

396 4408 578 4464 nequaquam
591 4389 662 4446 sein
676 4399 796 4464 argento
805 4390 920 4453 habere,
972 4387 1047 4444 rium
1069 4387 1143 4446 illud
1164 4407 1236 4452 esse,
1258 4386 1309 4445 sed
1333 4386 1495 4464 angelicum

397 4467 447 4524 sed
483 4469 513 4525 in
548 4467 738 4526 estimatione
775 4487 920 4544 agrorum,
972 4477 1002 4524 et
1024 4465 1147 4537 caeleste,
1167 4466 1246 4544 quod
1269 4468 1300 4523 in
1323 4466 1380 4525 fine
1404 4487 1494 4526 saecu·

397 4566 500 4604 novem
526 4547 636 4605 scilicet
664 4566 697 4603 ao
726 4546 845 4622 triginta
867 4546 920 4603 soli
971 4545 1064 4603 lorum
1085 4545 1217 4604 futurum
1239 4557 1325 4615 esset,
1340 4558 1411 4606 tuno
1429 4567 1496 4605 oum

824 4736 838 4763 ²
850 4727 922 4775 Mart
937 4727 962 4774 ii.
975 4740 995 4773 r.
1008 4744 1071 4790 seqq.
