3809 5650
503 674 606 745 xxxii
879 669 1185 743 PItAEFATIO.

503 867 711 950 Saviliano
738 867 846 949 libro
875 867 1091 949 nominato
1120 864 1332 974 exemplar
1359 863 1554 945 editionis

503 1000 1553 1111 StephanianaevariislectionibusaSavilioauctum

504 1135 726 1219 intellexit.
784 1138 850 1218 De
880 1136 1010 1246 ipsius
1040 1162 1136 1216 vero
1166 1134 1318 1216 codicis
1351 1134 1555 1242 scriptura

504 1270 767 1378 frequentius
792 1268 1072 1351 hallucinatus
1099 1281 1162 1350 est
1188 1268 1423 1350 Fridericus
1441 1269 1554 1349 Stro-

504 1405 631 1502 thius
660 1406 694 1486 is
722 1405 795 1513 qui
826 1417 924 1486 ante
954 1431 1084 1485 annos
1111 1401 1204 1513 plus
1230 1403 1402 1511 triginta
1428 1400 1556 1483 libros

505 1554 664 1649 septem
685 1541 934 1623 Eusebium
954 1541 1163 1622 Historiae
1191 1538 1315 1620 Halae
1339 1541 1393 1621 ad
1420 1538 1555 1620 Salam

507 1672 656 1754 Graece
675 1673 821 1755 edidit.
869 1674 965 1782 Ipse
993 1688 1132 1754 autem
1165 1672 1226 1753 vir
1255 1671 1304 1754 cl.
1331 1672 1373 1753 in
1405 1672 1557 1753 Praefa-

506 1809 621 1889 tione
640 1836 714 1889 sua
734 1836 824 1917 pag.
837 1808 909 1888 xii.
931 1808 1016 1888 suis
1036 1808 1164 1916 ipsius
1184 1808 1390 1889 erroribus
1417 1835 1558 1888 occur-

505 1971 600 2024 rens
620 1942 709 2024 haec
729 1943 814 2036 ait3
846 1952 867 1988 ‘⁴
882 1942 1124 2023 Monendus
1144 1955 1208 2023 est
1226 1940 1366 2037 lector,
1383 1942 1556 2022 tacitum

506 2077 673 2187 “hujus
701 2077 853 2159 codicis
874 2076 1103 2183 (Saviliani)
1133 2076 1418 2159 testimonium
1448 2102 1557 2183 saepe

506 2214 709 2294 “anobis
734 2211 959 2321 allegatum
980 2240 1078 2310 esse,
1097 2213 1166 2294 ubi
1189 2214 1327 2294 forsan
1352 2239 1436 2292 non
1457 2209 1557 2291 alle·

507 2358 529 2393 “
546 2346 886 2455 garidebuisset.
943 2346 1027 2427 Ubi
1056 2375 1207 2455 nempe
1232 2345 1422 2426 Valesius
1448 2344 1558 2425 codi-

508 2493 529 2529 “
547 2509 644 2562 cum
669 2480 778 2561 Maz.
801 2480 918 2562 Med.
940 2493 984 2562 et
1003 2481 1154 2562 Fuket.
1175 2480 1460 2562 testimonium
1483 2507 1558 2587 pro

508 2614 688 2724 “aliqua
731 2616 908 2697 lectione
953 2616 1217 2725 allegaverat,
1256 2617 1309 2698 de
1353 2614 1559 2696 Saviliano

509 2748 655 2831 “nihil
695 2750 848 2846 dicens
881 2750 938 2832 ibi
973 2748 1080 2830 nihil
1113 2750 1166 2831 ad
1200 2749 1430 2858 marginem
1469 2752 1559 2858 ejus

510 2897 744 2968 “notatum
777 2889 875 2995 jure
913 2886 1251 2983 existimavimus,
1285 2897 1414 2994 atque
1461 2884 1559 2965 hinc

510 3031 532 3068 ‘⁴
549 3022 721 3103 codicem
743 3024 837 3102 Sav.
866 3032 1067 3128 tanquam
1096 3049 1192 3102 cum
1223 3021 1326 3127 Reg.
1346 3032 1390 3101 et
1415 3018 1557 3127 Steph.

510 3157 874 3237 “consentientem
894 3153 1196 3262 allegavimus.”
1242 3156 1308 3236 Sic
1327 3153 1560 3246 Strothius3

510 3289 596 3396 qui,
616 3301 665 3368 ut
693 3286 772 3367 hoc
800 3285 890 3368 loco
920 3289 964 3368 id
992 3315 1194 3383 moneam,
1213 3288 1256 3367 in
1277 3288 1461 3368 editione
1487 3314 1562 3366 sua

513 3421 690 3516 (utinam
709 3418 824 3499 illam
844 3420 898 3500 ad
917 3419 1044 3501 finem
1065 3421 1340 3528 perduxisset)
1361 3418 1562 3527 plurimas

513 3551 712 3634 lectiones
731 3551 1031 3660 Stephanianas
1049 3581 1074 3633 a
1093 3553 1259 3635 Valesio
1278 3556 1430 3662 ejectas
1453 3567 1563 3661 post

513 3684 675 3766 liminio
696 3686 917 3766 redeuntes
937 3687 1132 3768 restituit.
1183 3687 1294 3769 Usus
1312 3715 1481 3796 quoque
1501 3699 1564 3768 est

515 3822 577 3900 vir
596 3819 646 3901 cl.
670 3821 735 3900 cui
757 3816 912 3899 nullius
936 3820 1076 3928 scripti
1100 3821 1270 3902 Eusebii
1291 3822 1407 3930 copia
1427 3821 1564 3917 fiebat,

514 3955 742 4038 lectionum
762 3956 966 4035 variarum
987 3985 1111 4064 penu,
1129 3958 1203 4065 qui
1223 3955 1289 4038 vel
1311 3958 1354 4036 in
1379 3958 1565 4064 margine

515 4090 710 4173 editionis
738 4089 1004 4185 Genevensis,
1028 4089 1093 4170 vel
1122 4091 1175 4172 ad
1202 4089 1355 4173 calcem
1385 4089 1565 4171 Readin-

515 4227 660 4334 gianae,
679 4239 742 4307 est
760 4226 1011 4319 adservatus,
1032 4237 1182 4333 praeter
1203 4225 1399 4307 lectiones
1415 4224 1567 4306 codicis

517 4361 681 4454 Veneti,
700 4360 774 4440 sed
794 4388 968 4441 numero
991 4363 1267 4470 paucissimas
1287 4390 1382 4470 quae
1408 4362 1462 4441 ad
1482 4361 1568 4440 edi·

518 4495 642 4575 tionis
665 4492 960 4600 Stephanianae
987 4523 1101 4576 oram
1120 4496 1295 4605 alicujus
1319 4523 1445 4576 manu
1467 4494 1565 4575 olim
