3809 5650
530 697 580 762 IN
603 698 743 763 EPIST.
769 699 987 767 VIENNEN.
1011 700 1068 766 ΕΤ
1093 701 1356 771 LUGDUNEN.
1435 709 1501 779 363,

398 864 513 929 taedae
535 864 749 950 prodebatur:
781 890 874 954 neque
899 871 1070 938 meamea
1094 873 1219 937 medere
1242 875 1383 952 ννείνᾱνε,
1407 897 1499 960 neque

394 965 546 1049 precibus,
561 977 617 1031 eet
631 969 692 1032 ure
706 969 769 1033 alie
778 992 882 1056 persero
894 971 982 1057 cepis
993 983 1069 1038 eret.
1103 974 1133 1037 N
1135 975 1300 1059 ioephorus
1312 999 1385 1042 vero
1396 978 1500 1043 locum

400 1067 484 1132 huno
495 1069 542 1134 ita
554 1071 724 1156 expressit:
740 1073 874 1154 οὔτεγὰρ
885 1075 903 1152 ἡ
914 1075 965 1151 νὺξ
978 1077 1182 1157 καθνπούργει,
1193 1079 1261 1142 οὔτε
1272 1080 1384 1164 χρυσίῳ
1395 1089 1499 1158 μετελ-

401 1173 465 1233 θεῖν
478 1171 524 1249 ἦν·
546 1178 651 1258 πολλῷ
666 1199 701 1255 γε
714 1180 802 1252 μεῖον
822 1174 922 1238 ἔπειθε
941 1175 1050 1255 δέησιν.
1066 1178 1225 1240 Vniusrns.
1275 1180 1380 1243 Codt'ot'
1394 1181 1498 1264 Repe),

400 1272 454 1355 qui
478 1272 546 1336 haeo
569 1275 667 1339 verba
695 1274 822 1352 retinet,
848 1276 980 1340 MStum
1007 1278 1125 1342 addere
1151 1280 1291 1362 Norfoh.
1309 1281 1379 1366 jem
1405 1281 1497 1357 lieet3

401 1374 516 1438 desunt
541 1382 650 1438 nutem
676 1377 787 1440 endem
812 1377 845 1441 in
871 1378 945 1441 eod.
973 1379 1070 1443 Snoil.
1094 1402 1149 1444 seu
1172 1381 1265 1445 Bodl.
1289 1389 1332 1461 et,
1356 1384 1500 1458 Burtono

400 1496 483 1539 nuno
498 1483 649 1554 testante,
664 1476 697 1540 in
712 1478 796 1543 codd.
811 1480 898 1543 Med.
914 1482 1003 1544 Mor.
1018 1482 1129 1545 sulec.

447 1578 483 1642 Ρ.
499 1599 575 1663 319.
591 1580 613 1642 l.
631 1597 663 1664 5.
678 1584 725 1643 Te
741 1582 794 1644 οὖν
809 1583 933 1661 σώματα
946 1587 1007 1646 τῶν
1021 1585 1175 1665 μαρηίρων
1190 1585 1263 1671 lire]
1286 1586 1383 1650 Hune
1397 1586 1500 1650 locum

402 1678 513 1744 laudet
528 1681 728 1765 Augustinus
743 1690 831 1746 tomo
846 1683 887 1746 vi.
903 1705 993 1748 novae
1009 1685 1085 1749 edit.
1100 1684 1405 1769 (Benedictinorum)
1419 1688 1500 1751 libro

402 1781 442 1845 de
460 1781 544 1845 Oura
562 1783 711 1847 Gereuda
732 1807 789 1868 pro
805 1784 947 1849 Mortuis
966 1808 1053 1850 num.
1070 1788 1099 1849 8.
1116 1795 1149 1852 et
1167 1809 1215 1851 10.
1240 1789 1395 1851 Rumlnr.
1442 1788 1501 1852 Ait

401 1882 518 1946 ibidem
538 1882 586 1946 vir
607 1891 737 1949 sanetus
757 1886 959 1971 Augustinus
981 1889 1022 1951 de
1044 1887 1124 1952 istae
1147 1889 1344 1954 ethnicorum
1366 1890 1499 1966 saevitis,

402 2007 464 2048 non
480 1985 521 2048 ob
536 1985 623 2049 nliud
638 1986 829 2049 eredendum
845 2009 913 2051 esse
927 1987 1014 2051 illem
1030 1987 1179 2053 divinitus
1190 1988 1287 2054 fuisse
1301 1989 1499 2074 permissam,
1513 2045 1525 2060 ,

403 2086 463 2150 nisi
485 2096 522 2151 ut
542 2087 701 2151 discerent
719 2088 892 2152 Christiani
915 2076 948 2152 in
970 2090 1150 2154 confitendo
1174 2092 1315 2169 Christo,
1330 2093 1406 2156 dum
1426 2114 1500 2156 eou-

403 2195 551 2254 temnunt
567 2189 675 2265 vitem,
691 2189 792 2254 multo
814 2191 916 2276 magis
932 2199 1134 2256 contemnere
1149 2193 1351 2277 sepulturam.
1398 2195 1498 2266 Esto;

401 2290 573 2356 Christiani
596 2291 805 2356 sollieitudine
829 2314 887 2356 sua
910 2293 950 2356 de
973 2315 1140 2377 eorpornm
1159 2295 1324 2379 sepultura
1343 2296 1438 2359 fidem
1461 2296 1501 2359 de

401 2396 572 2458 eorundem
587 2395 816 2459 resurreetione
830 2395 901 2459 eliis
915 2397 1061 2460 omnibus
1076 2396 1291 2462 declarabant.

447 2497 530 2561 Ibid.
545 2496 872 2578 παραδειγματισθέντα
886 2498 934 2561 καὶ
948 2495 1177 2582 αἶθριασθέντα]
1198 2499 1264 2563 Pro
1278 2499 1390 2564 ultimo
1405 2499 1501 2563 verbo

401 2600 501 2665 habet
523 2597 759 2680 θριαμβενθὲντα
779 2600 856 2663 MS.
876 2600 1015 2682 Norfelo.
1061 2600 1120 2663 Ait
1145 2601 1307 2665 strothius
1328 2600 1500 2684 Christepln

402 2703 495 2767 Leon.
516 2703 565 2766 καὶ
585 2698 832 2782 δειγματισθέντα
851 2701 980 2780 eddone,
994 2701 1100 2787 idque,
1117 2700 1193 2785 quid
1214 2701 1274 2765 sibi
1289 2701 1375 2777 velit,
1392 2724 1426 2765 se
1441 2723 1500 2764 ne·

403 2804 491 2870 seire.
536 2803 607 2889 Ego
621 2826 660 2867 ex
676 2803 956 2887 christophorsoni
974 2802 1130 2868 Versione
1144 2801 1269 2888 colligo,
1283 2802 1330 2867 ite
1344 2825 1379 2866 se
1399 2802 1499 2865 habu-

401 2906 563 2975 isseillnm
578 2905 721 2970 lectionis
736 2905 935 2982 varietatem,
952 2904 1162 2987 αἰθριασθέντα
1177 2907 1225 2969 καὶ
1245 2901 1499 2986 δειγματισθέντα.

447 3008 530 3072 Ibid.
545 3007 565 3070 l.
582 3008 612 3071 6.
629 3009 677 3070 ἐπὶ
691 3008 802 3087 ἡμέρας
817 3008 860 3092 ἓξ]
877 3007 985 3071 Deudi
1000 3029 1114 3072 essum
1133 3006 1255 3089 ἡμέραις
1276 3011 1411 3091 praestnt
1425 3005 1500 3068 MS.

402 3110 494 3174 Bodl.
510 3109 543 3171 in
558 3130 621 3192 quo
636 3107 764 3172 καθέντα
777 3131 836 3194 pro
851 3107 969 3173 καέντα.

446 3211 528 3275 Ibid.
551 3211 571 3274 l.
596 3230 627 3291 7.
652 3214 841 3291 κατεσαρῶθη
864 3214 906 3278 εἰς
927 3211 981 3275 τὸν
1002 3209 1160 3295 Ῥοδανὸν]
1182 3208 1363 3290 κατεῤῥάνθη
1385 3211 1427 3276 εἷς
1448 3208 1501 3272 τὸν

400 3311 553 3375 Ῥοδανόν.
599 3310 680 3375 Haee
698 3317 748 3375 est
767 3311 883 3375 oodieis
898 3311 990 3396 Regii
1010 3310 1177 3395 scripture,
1194 3310 1243 3374 eui
1264 3310 1422 3375 consentit
1443 3311 1499 3374 Ni-

401 3413 565 3497 eephorus.
610 3413 673 3475 Sed
688 3412 799 3496 reliqui
820 3413 944 3477 eodiees
959 3413 1045 3477 Mas,
1063 3414 1151 3476 Med.
1169 3412 1252 3476 Fuk.
1269 3418 1303 3476 et
1324 3411 1434 3475 Savilii
1453 3413 1503 3477 ita

401 3514 575 3600 praefenmt
590 3517 781 3594 κατεσαρῶθη
798 3517 839 3581 εἰς
858 3516 910 3578 τὸν
924 3513 1077 3579 ‘Potamia
1124 3515 1227 3595 Quam
1250 3514 1418 3578 lectionem
1437 3516 1502 3580 vnl-

400 3623 485 3700 getae
500 3616 593 3700 longe
607 3615 837 3700 praeserendarn
853 3617 945 3681 duco.
991 3615 1089 3681 Certe
1111 3616 1246 3680 Rufinus
1268 3639 1332 3680 non
1351 3617 1445 3681 aliter
1459 3617 1502 3680 vi·

399 3720 496 3783 detur
516 3717 639 3803 legisse,
659 3724 696 3782 ut
718 3740 758 3781 ex
780 3719 1046 3802 interpretatione
1068 3719 1135 3803 ejus
1156 3724 1302 3802 apparet.
1347 3716 1399 3780 Sie
1418 3717 1503 3781 enirn

400 3820 517 3884 vertit:
556 3820 685 3883 Incensa
712 3840 779 3882 orsa
802 3829 976 3902 martyrum
1000 3830 1030 3883 et
1052 3820 1087 3882 in
1105 3819 1256 3901 favillam
1275 3818 1408 3890 retineto,
1436 3840 1502 3880 σννν

400 3920 512 4004 relique
526 3930 617 3983 teme
625 3921 751 4004 pulvere
765 3922 800 3983 ia
815 3921 997 3983 Rhodanum
998 3920 1133 4002 fimum
1142 3919 1320 4002 dispersere.
1338 3917 1500 3980 Vinusrns

401 4020 479 4084 Me.
494 4041 618 4105 quoque
639 4020 777 4104 Nersek.
795 4021 987 4100 mreenpddp
1007 4025 1151 4103 praestet.
1197 4020 1291 4080 Nune
1311 4017 1402 4080 addit
1419 4019 1500 4079 Bur-

399 4129 496 4188 tonus
519 4121 604 4185 codd.
627 4122 768 4185 Veretum
784 4130 817 4185 et
832 4121 1034 4185 Florentiae.
1080 4120 1162 4183 Turn
1183 4120 1281 4182 refert
1300 4120 1339 4185 ὡς
1356 4118 1398 4181 ,ἂν
1421 4120 1499 4184 MS.

399 4222 518 4286 habere
532 4222 671 4305 Norfole.

446 4324 527 4388 Ibid.
545 4325 567 4387 l.
593 4344 641 4406 13.
665 4324 780 4408 καινὴν]
804 4326 892 4403 κενὴν
914 4323 1035 4386 solenni
1057 4322 1235 4386 mutatione
1262 4320 1341 4383 MS.
1362 4319 1501 4401 Norfole.

401 4426 504 4490 Notat
527 4425 698 4500 Burtonus‚
721 4431 890 4509 utramque
912 4425 1080 4489 lectionem
1102 4424 1220 4486 habere
1242 4442 1336 4484 unum
1359 4442 1395 4483 ee
1415 4420 1501 4483 codd

399 4525 586 4591 Flormtinis
610 4534 643 4590 et
668 4527 710 4590 ab
736 4528 847 4590 eadem
873 4546 979 4589 manu.
1033 4523 1114 4587 Mox
1139 4524 1231 4587 abest
1256 4525 1403 4586 salente
1427 4526 1503 4601 μετὰ

394 4635 493 4712 χαρᾶς
507 4629 549 4692 ab
564 4628 661 4691 eodem
675 4630 718 4691 Μ
717 4631 771 4691 Sto
787 4627 928 4711 Norfolo.
943 4626 994 4689 eui
1009 4625 1165 4690 consentit
1179 4625 1380 4709 Nicephorius.

442 4730 527 4794 lbid.
544 4730 564 4795 l.
585 4749 632 4812 17.
650 4732 757 4793 ἐκτῶν
776 4733 885 4812 χειρῶν
904 4728 1012 4809 ἡμῶν]
1036 4729 1118 4791 Haeo
1139 4727 1301 4791 interserit
1321 4725 1417 4790 verbe
1438 4726 1503 4786 Eu-

900 4849 923 4911 3
942 4851 961 4889 A
979 4846 996 4892 ν
