3809 5650
449 635 493 705 96
783 633 1022 715 RELIQUIAE
1046 634 1217 699 SAORAE.

795 805 918 868 Forsan
932 826 969 867 ιο
982 802 1082 868 eodem
1099 804 1204 887 Opere.

487 915 580 989 -,καὶ
594 919 647 979 τοῦ
660 919 710 995 τῆς
725 915 868 980 ἀπονοίας
883 914 981 981 αιἰτοῖς
1003 921 1143 993 (Judaeis)
1161 915 1255 978 αἰτίου
1272 920 1382 997 (inquit
1405 932 1472 997 post
1495 920 1551 977 alin

446 1032 593 1092 Eusebius
607 1033 657 1090 lib.
672 1032 711 1089 iv.
724 1034 800 1089 Hist.
816 1051 878 1109 cap.
895 1033 938 1104 6.)
952 1024 1006 1101 τὴν
1021 1024 1108 1100 ἀξίαν
1123 1024 1294 1089 ἐκτίσοντος
1307 1024 1390 1100 δίκην
1406 1030 1549 1105 (Barcho-

445 1154 567 1228 chebn),
576 1136 617 1215 τὸ
628 1143 701 1216 πᾶν
713 1137 813 1218 ἔθνος
825 1135 1005 1241 ἐξέκείνου
1018 1136 1077 1212 καὶ
1088 1137 1151 1230 τῆς
1163 1136 1244 1234 περὶ
1254 1131 1300 1211 τὰ
1310 1133 1550 1235 Ἱεροσόλυμα

444 1275 511 1372 γῆς
529 1270 682 1369 πάμπαν
695 1272 887 1364 ἐπιβαίνειν
906 1268 1071 1371 εἴργεται·
1093 1266 1203 1364 νόμου
1221 1265 1373 1368 δόγματι
1392 1271 1447 1346 καὶ
1469 1272 1575 1354 δια-5

444 1404 594 1511 τάξεσιν
611 1407 813 1506 Ἀδριανοῦ,
833 1406 881 1486 ὡς
906 1399 951 1479 ἀν
969 1402 1049 1501 μηδ’
1070 1400 1114 1506 ἐξ
1134 1398 1298 1480 ἀπόπτου
1323 1407 1485 1502 θεωροῖεν
1508 1401 1549 1480 τὸ

444 1545 613 1647 πατρῷον
641 1540 784 1644 ἔδαφος,
812 1533 1128 1638 ἐγκελευσαμένου·
1176 1539 1324 1620 Ἀρίστων
1353 1543 1370 1602 ὁ
1393 1545 1550 1607 Πελλαῖος

449 1667 573 1746 ἱστορεῖ.

482 1788 698 1863 Cum—ipseque
734 1790 800 1845 edeo
834 1787 971 1844 seditionis
1021 1798 1052 1846 et
1099 1788 1310 1847 constitutione
1360 1787 1548 1862 Imperatoris

445 1874 537 1920 auctor
561 1867 663 1920 debitas
681 1884 773 1937 poenas
792 1864 918 1929 dedisset,
933 1878 970 1915 ex
1024 1866 1192 1925 Hadriani:
1226 1868 1298 1925 adeo
1322 1880 1356 1927 ut
1379 1888 1415 1925 ne
1434 1867 1546 1945 pruspi.
1561 1884 1597 1922 10

445 1956 481 1995 eo
509 1937 645 2016 deinceps
675 1950 807 2016 tempore
834 1938 970 1995 universa
1021 1966 1085 2004 cere
1114 1948 1231 2023 quidem
1261 1968 1277 2005 e
1306 1948 1465 2024 longinquo
1496 1966 1546 2022 pa.

445 2015 617 2074 Judoeorum
651 2037 723 2094 gens
753 2019 785 2075 in
819 2017 968 2093 regionem
1020 2027 1108 2083 trium
1124 2026 1216 2083 solum
1233 2028 1303 2106 ipsis
1317 2027 1427 2094 liceret,
1441 2039 1471 2083 ut
1481 2029 1545 2083 scri·

445 2095 553 2152 circum
580 2096 785 2175 Hierosolyma
809 2098 893 2154 sitam
917 2116 967 2174 pe·
1018 2102 1059 2158 bit
1070 2104 1162 2158 Aiisto
1176 2104 1297 2160 Pellaeus.

444 2173 511 2233 dem
534 2176 643 2234 inferre
663 2177 809 2255 prohibita
827 2187 881 2242 est,
901 2176 968 2251 lege

891 2333 1098 2364 ...4-

842 2440 894 2502 Ex
908 2439 1007 2503 eodem
1025 2441 1131 2524 Opere.
1559 2461 1593 2518 15

485 2559 641 2644 Ἀνέγνων
652 2567 685 2628 δὲ
697 2569 794 2644 τοῦτο,
812 2549 903 2628 ἑπτὰ
914 2549 1093 2650 οὐρανοὺς,
1108 2574 1216 2649 (inquit
1227 2573 1378 2631 Maximus
1391 2575 1506 2630 Schoiiis
1517 2576 1546 2629 iu

447 2678 499 2750 Op.
509 2679 544 2732 de
554 2674 680 2748 Mystico
695 2676 788 2733 Theol.
802 2675 833 2732 S.
846 2675 989 2751 Dionysio
1000 2673 1111 2751 Areop.
1125 2672 1314 2752 adscriptum,
1330 2695 1392 2752 esp.
1409 2674 1432 2730 1.
1448 2694 1477 2751 p.
1500 2689 1545 2746 17.

444 2778 490 2837 ed.
506 2777 651 2850 Corderii)
669 2773 717 2835 καὶ
739 2772 772 2834 ἐν
792 2771 826 2849 τῇ
848 2768 1062 2851 συγγραμμένη
1076 2767 1235 2849 Ἀρίστωνι
1255 2772 1295 2853 τῷ
1314 2768 1460 2851 Πελλαίιρ
1484 2772 1545 2829 δια-

443 2873 526 2951 λέξει
551 2875 711 2937 Παπίακου
735 2873 783 2935 καὶ
796 2871 940 2946 Ἰάσονος,
962 2870 999 2947 ἣν
1024 2869 1146 2949 Κλήμης
1160 2872 1177 2931 ὁ
1191 2868 1406 2949 Ἀλεξανδρεὺς
1421 2872 1455 2931 ἓν
1471 2869 1544 2952 ἕκτῳ

443 2978 557 3058 βιβλίῳ
573 2981 630 3037 τῶν
644 2972 880 3037 ’Ύποτυποίσεων
895 2973 948 3035 τὸν
964 2972 1050 3053 ἅγιον
1065 2976 1183 3034 Λουκᾶν
1197 2972 1292 3050 φησὶν
1306 2969 1492 3051 ἀναγράψαι.
1556 3009 1596 3048 20

837 3109 992 3183 Interprete
1008 3107 1149 3162 Corderio.

479 3218 545 3288 legi
568 3219 648 3272 etism
672 3219 793 3295 septem
820 3210 916 3274 eoelos
940 3220 970 3272 in
1019 3210 1078 3272 lae0‚
1106 3225 1187 3279 quam
1206 3206 1330 3260 Clemens
1348 3208 1545 3262 Alexandrinus

444 3298 622 3368 disputatione
652 3297 756 3367 Papisci
789 3314 820 3350 ac
849 3295 969 3355 dissonis,
1019 3279 1046 3331 1⁰
1072 3287 1147 3331 ⁸0¹t0
1175 3277 1244 3330 libffl
1274 3277 1485 3358 Hypqtyposeon
1509 3279 1546 3332 ait

443 3384 504 3437 quse
523 3369 622 3437 scripta
641 3376 681 3420 est
701 3366 735 3419 ab
757 3366 883 3420 Axistone
909 3364 968 3418 Pel·
1019 3346 1450 3416 1³²¹¹¹⁰t¹¹¹¹¹Lucamdi³⁸³⁶¹¹p⁸1⁸⁸t=

877 3513 1102 3545 .-..,,.-.-

855 3624 906 3685 De
920 3622 1019 3685 eodem
1037 3622 1133 3705 Opere

560 3721 614 3789 lta
629 3723 782 3808 Origenes
799 3725 916 3788 Contra
932 3721 1065 3798 Cels-tun,
1079 3720 1133 3784 lib.
1150 3721 1190 3784 iv.
1207 3742 1236 3784 ο.
1252 3740 1305 3805 52.
1321 3744 1352 3807 p.
1366 3736 1442 3807 544.

680 3828 730 3889 ed.
747 3826 917 3890 Delaman.
932 3847 964 3909 p.
984 3844 1054 3909 199.
1070 3823 1121 3887 ed.
1138 3822 1298 3907 Speneeri.

485 3937 564 4000 -ἔν
583 3932 606 4023 qi
635 3947 686 4018 (sc.
698 3949 735 4019 τῷ
746 3943 844 4019 βιβλίῳ
857 3944 954 4018 τούτῳ)
972 3933 1196 4014 ἀναγέγραπται
1220 3932 1399 4012 Χριστιανὸς
1412 3934 1543 4019 Ἰουδαίῳ

443 4042 655 4119 διαλεγόμενος
670 4039 729 4101 ἀπὸ
744 4044 803 4101 τῶν
816 4036 987 4100 Ἰουδαϊκῶν
999 4035 1134 4116 γραφῶν,
1153 4036 1202 4098 καὶ
1217 4034 1331 4101 δεικνὺς
1345 4039 1399 4100 τὰς
1414 4037 1481 4115 περὶ
1492 4042 1544 4098 τοῦ

442 4144 574 4220 Χριστοῦ
591 4140 773 4219 προφητείας
788 4140 967 4219 ἐφαρμόζειν
981 4139 1021 4220 τῷ
1036 4134 1148 4213 Ἰησοῦ·
1170 4138 1220 4198 καί
1233 4160 1279 4199 τοι
1293 4161 1330 4216 γε
1345 4137 1396 4198 οὐκ
1412 4138 1544 4216 ἀγεννῶς
1553 4169 1593 4226 30

443 4238 502 4303 οὐδ’
523 4242 661 4319 ἀπρεποῦς
685 4244 726 4325 τῷ
748 4239 898 4324 Ἰουδαικῷ
921 4240 1071 4321 προσώπῳ
1094 4242 1146 4299 τοῦ
1167 4236 1269 4318 ἑτέρου
1293 4238 1454 4318 ἱσταμένου
1471 4238 1545 4318 πρὸς

443 4340 497 4404 τδν
510 4343 617 4420 λόγον.

1556 3669 1591 3726 25

487 4459 559 4512 -ibi
593 4459 664 4512 enim
699 4460 868 4515 Christianus
903 4480 966 4515 cum
1017 4479 1098 4583 quam
1121 4469 1228 4515 strenue
1250 4460 1417 4516 adversaiius
1439 4471 1544 4515 contra-

442 4527 540 4583 Judaeo
570 4526 702 4583 disserens
737 4530 901 4585 demonstrat
934 4549 967 4585 ex
1036 4532 1088 4585 icat
1109 4549 1302 4603 personamque
1320 4532 1463 4587 Judaicam
1483 4532 1543 4600 pul·

442 4596 562 4652 Judsicis
600 4596 743 4666 Scripturis
779 4601 902 4654 vaticinia
934 4600 968 4653 de
1019 4600 1082 4654 chre
1094 4601 1233 4654 sustineat.
1551 4609 1590 4669 35

443 4665 552 4720 Christo
563 4664 598 4718 ad
609 4666 705 4719 desum
716 4669 863 4736 pertinere;
883 4686 968 4738 quan·
