3809 5650
674 686 724 750 IN
747 686 906 750 PAPIAE
930 686 1232 752 FRAGMENTA.
1457 691 1502 753 38

399 846 565 911 Sozomeni
588 847 730 912 historici
752 871 851 926 error,
875 851 934 914 nisi
954 852 980 914 si
999 852 1182 930 μνημονικὸν
1197 859 1323 915 tautum
1345 852 1501 933 ἁμάρτημα

398 957 458 1026 ost,
493 948 547 1032 qui
579 948 716 1034 Philippi
746 950 828 1014 filias
863 951 1031 1035 Hierapoli
1068 960 1232 1015 mortuum
1261 952 1421 1035 quendam
1458 952 1501 1014 ad

400 1048 500 1112 vitum
523 1050 687 1113 reduxisse
706 1051 784 1115 dicit
803 1051 856 1114 lib.
873 1052 924 1115 vii.
948 1074 975 1114 c.
993 1071 1043 1132 27.
1060 1053 1125 1115 ἐπεὶ
1146 1053 1213 1114 οὐδὲ
1235 1055 1327 1130 μόνος
1345 1051 1461 1133 Πέτρος
1483 1056 1499 1115 ὀ

399 1151 571 1216 ἀπόστολος
586 1152 685 1232 ἤγειρε
701 1154 807 1231 νεκρὸν
823 1155 911 1232 (Au.
924 1155 1033 1236 Apost.
1045 1176 1113 1237 cap.
1124 1152 1183 1234 ix.)
1198 1154 1280 1215 ἀλλὰ
1295 1154 1343 1216 καὶ
1357 1152 1500 1231 Ἰωάννης

399 1253 416 1312 ὁ
447 1251 662 1332 εὐαγγελιστὴς
688 1254 722 1314 ἐν
745 1252 879 1336 Ἐφέσῳ,
908 1258 1007 1335 (teste
1030 1253 1200 1336 Apollonio
1225 1254 1311 1337 apud
1336 1251 1500 1316 Eusebium

399 1352 495 1430 Hiar.)
513 1353 561 1414 καὶ
575 1355 727 1417 Φιλίππου
742 1353 900 1434 θυγατέρες
915 1353 1134 1429 ἐνἸεραπόλει,
1151 1354 1198 1416 καὶ
1213 1357 1250 1416 τὰ
1265 1355 1339 1416 αὐτὰ
1353 1352 1501 1420 πολλάκις

402 1452 458 1515 dic.
493 1453 557 1516 Sed
567 1453 700 1516 dehisce
712 1453 893 1516 mulieribus
905 1454 1034 1528 sanctis,
1044 1475 1114 1537 quae
1127 1454 1159 1516 in
1172 1453 1281 1537 Papiae
1294 1454 1368 1517 sede
1380 1453 1498 1517 Hiera·

399 1551 542 1635 politana
559 1551 692 1635 sepultae
707 1559 792 1629 sunt,
804 1553 943 1616 traditur
958 1554 1099 1616 nonnihil
1111 1554 1245 1637 posthac
1260 1555 1293 1617 in
1309 1555 1500 1618 Pourcnurrs

402 1651 616 1736 Fragmentis.

445 1752 529 1815 Ibid.
545 1753 566 1815 l.
583 1772 632 1832 17.
657 1754 720 1817 κατ’
735 1754 825 1818 αὐτὸν
833 1759 1009 1839 γεγονυῖαν]
1028 1756 1169 1819 Dubium
1184 1754 1283 1820 videri
1298 1763 1415 1840 potest,
1432 1755 1500 1838 qui-

400 1854 459 1916 bus
480 1853 677 1937 temporibus
691 1854 751 1917 hoc
773 1855 893 1918 factum
915 1856 1110 1935 miraculum,
1125 1877 1223 1940 quum
1236 1856 1421 1919 obscuriora
1435 1855 1501 1918 siut

401 1954 531 2018 Eusebii
543 1954 648 2032 verba,
665 1959 770 2035 νεκροῦ
779 1958 837 2035 γάρ
853 1954 1023 2018 ἀνάστασιν
1032 1956 1093 2019 κατ’
1104 1957 1195 2019 αὐτὸν
1207 1962 1367 2037 γεγονυῖαν
1377 1958 1499 2034 ἱστορεῖ,

400 2055 518 2117 illudne
547 2055 694 2117 nimirum
722 2054 783 2117 κατ’
807 2056 908 2127 αὐτὸν,
935 2056 978 2118 ad
1005 2056 1197 2141 Philippum,
1224 2079 1267 2119 an
1295 2057 1337 2119 ad
1364 2055 1499 2139 Pupiam

399 2156 515 2240 ipsum,
529 2155 572 2218 sit
591 2155 801 2218 referendum.
848 2157 947 2219 Vetus
963 2157 1090 2240 quidem
1104 2158 1261 2242 interpres
1282 2156 1415 2219 Rufinus
1430 2176 1498 2218 ver·

399 2256 453 2332 tit,
462 2257 620 2318 Mortuum
634 2257 829 2319 resurrexisse
843 2257 1024 2341 temporibus
1038 2259 1103 2322 suis
1117 2260 1204 2323 dicit.
1228 2258 1381 2322 Similiter
1394 2257 1498 2319 locum

400 2357 538 2421 reddunt
564 2357 868 2439 Christophorsonus
891 2357 1111 2442 Valesiusqua,
1134 2367 1171 2423 ut
1201 2359 1306 2431 vides;
1330 2356 1499 2420 Musculus

401 2456 482 2520 male
498 2456 594 2520 vertit
607 2456 682 2519 illic.
727 2457 805 2536 Quae
821 2479 894 2519 vero
915 2459 1002 2520 Hen.
1017 2457 1199 2522 Dodwellus
1215 2457 1408 2521 Praesatioue
1423 2457 1498 2519 Dis-

399 2566 479 2620 scrtt.
495 2556 529 2618 iu
543 2557 699 2618 Ircnaeum
713 2556 773 2619 hac
787 2558 827 2619 de
842 2579 876 2620 re
891 2558 1064 2642 scripserit,
1076 2563 1104 2640 ξ.
1116 2563 1146 2623 8.
1156 2559 1233 2622 mihi
1245 2559 1346 2643 magis
1357 2557 1496 2641 placent,

400 2666 421 2693 “
438 2656 550 2719 Senior
567 2658 691 2720 Irenaeo
706 2657 834 2740 Papius,
854 2680 947 2740 quem
970 2659 1037 2743 ipsc
1058 2661 1186 2740 ἀρχαῖον
1204 2657 1353 2743 appellat,
1369 2656 1497 2720 mirabi-

401 2765 420 2795 ⁸‘
435 2758 508 2835 lem,
523 2756 626 2841 inquit
638 2756 802 2830 Eusebius,
819 2758 1035 2823 narrationem
1049 2780 1070 2822 a
1081 2759 1218 2844 Philippi
1227 2759 1351 2821 filiabus
1362 2756 1496 2842 accepit,

401 2868 422 2897 ‘⁶
437 2864 540 2939 νεκροῦ
555 2858 723 2921 ἀνάστασιν
743 2858 803 2921 κατ’
820 2860 911 2923 αὐτὸν
935 2860 1105 2941 γεγονέναι.
1150 2860 1238 2922 Male
1259 2859 1409 2922 Valesius
1429 2858 1497 2921 haee

402 2969 422 2995 ⁸·
437 2960 477 3023 de
499 2959 597 3043 ipsius
624 2959 732 3043 Papiae
757 2961 956 3044 temporibus
979 2961 1144 3037 intellexit,
1174 2982 1245 3043 quae
1275 2965 1368 3022 erant
1390 2957 1497 3042 potius

402 3068 421 3096 ‘⁴
437 3059 477 3122 de
491 3059 630 3144 Philippi
645 3060 801 3144 virginum
814 3060 957 3144 parentis
972 3061 1170 3146 temporibus
1184 3059 1398 3143 intelligenda.
1430 3060 1497 3120 Cur

401 3169 422 3198 ‘⁸
437 3162 521 3224 enim
535 3162 575 3224 de
597 3162 692 3224 rebus
705 3169 803 3225 aetate
818 3184 877 3224 sua
890 3163 990 3247 gestis
1005 3163 1141 3247 virgines
1166 3160 1235 3224 illas
1249 3167 1350 3223 testes
1364 3159 1496 3222 advoco·

400 3268 487 3324 “ret
503 3261 631 3345 Papias,
646 3261 856 3324 traditionum
870 3270 1014 3325 veterum
1024 3260 1283 3347 diligentissimus
1294 3260 1498 3344 exploraturi

403 3360 573 3445 “Philippi
589 3361 698 3444 itaque
720 3363 916 3446 temporibus
937 3364 1130 3448 assignanda
1150 3362 1212 3425 erit
1234 3362 1351 3424 mortui
1366 3361 1497 3424 resusci-

402 3470 424 3501 “
439 3462 531 3526 tatio.
578 3461 630 3524 Sic
645 3461 733 3535 item,
749 3462 780 3523 ni
802 3462 903 3539 fallor,
920 3471 958 3526 ut
972 3463 1032 3547 ipsi
1047 3463 1144 3526 etiam
1167 3460 1263 3524 suerit
1279 3460 1427 3544 Philippo
1441 3460 1497 3523 tri·

403 3570 424 3601 “
438 3562 593 3625 buenda.”
648 3562 693 3625 Et
722 3583 873 3647 magnum
897 3570 960 3639 est,
992 3585 1063 3627 mea
1089 3563 1215 3647 quidem
1242 3561 1411 3636 sententia,
1437 3583 1497 3644 pro

401 3661 546 3745 apostolo
560 3670 794 3746 argumentum,
817 3664 966 3746 quoniam
985 3665 1127 3747 proxima
1145 3669 1218 3747 post
1233 3671 1498 3726 commemoratur

401 3762 587 3826 miraculum
600 3762 623 3825 J
626 3764 690 3827 usti
713 3786 769 3827 seu
792 3765 955 3838 Bcrsubae,
977 3765 1009 3827 S.
1026 3765 1166 3849 Philippi
1192 3771 1370 3846 temporum
1392 3784 1498 3845 aequa·

400 3861 464 3935 lis3
497 3862 582 3945 quod
611 3863 649 3925 cl.
680 3863 861 3926 Dodwellus
892 3863 1103 3927 verisimiliter
1133 3862 1259 3933 statuit,
1290 3861 1423 3944 Papiam
1457 3882 1496 3922 ex

402 3962 572 4025 earundem
587 3963 753 4026 mulierum
768 3962 941 4027 traditione
956 3963 1125 4046 accepisse.
1171 3960 1309 4025 Grabius
1323 3982 1449 4044 quoque
1465 3959 1497 4021 in

403 4061 520 4125 Latina
540 4062 654 4126 horum
676 4065 844 4127 verborum
865 4063 980 4147 interp.
997 4064 1136 4148 Philippi
1161 4062 1253 4126 aetati
1275 4060 1357 4122 hauc
1379 4059 1498 4122 mortui

402 4163 661 4226 resurrectionem
686 4164 786 4226 dedit.
833 4163 943 4246 Neque
967 4163 1093 4227 silentio
1118 4162 1152 4224 id
1180 4160 1410 4226 transeundum
1437 4167 1497 4233 est,

401 4263 525 4325 Monac
539 4264 723 4327 Graecorum
738 4266 781 4326 ad
801 4284 839 4342 ¹4
853 4262 1035 4327 Nouembris
1049 4283 1191 4339 narrare,
1205 4270 1354 4324 uwrtuum
1374 4260 1498 4322 scrutu-

400 4372 464 4425 tum
477 4384 497 4425 α
513 4363 662 4448 Philippo
675 4364 804 4448 apostolo
817 4363 982 4448 Hierapoli
987 4363 1097 4446 fuisse
1113 4363 1265 4447 aliumque
1281 4359 1429 4445 quendum
1435 4382 1498 4443 ριν·

401 4484 486 4528 onum
499 4464 587 4546 apud
602 4463 776 4527 Gulilaecm.

445 4564 483 4625 P.
498 4582 547 4627 12.
566 4564 587 4626 l.
606 4563 654 4625 18.
678 4566 855 4647 Βαρσαβᾶν]
891 4564 930 4626 In
953 4564 1057 4628 tribus
1080 4561 1199 4627 uostris
1224 4560 1383 4625 codicibus
1410 4559 1495 4621 Μαι.

404 4663 491 4727 Med.
517 4670 551 4727 et
578 4662 695 4727 Fulset.
724 4662 842 4745 legitur
871 4668 1060 4743 Βαρσαββᾶν
1090 4662 1133 4725 H.
1157 4662 1324 4725 Vniusrus.
1383 4658 1497 4729 Addas

445 4785 512 4825 voh.
529 4784 550 4824 Ι.
950 4784 968 4822 1·
