3809 5650
486 1823 622 1897 UREA
640 1823 724 1897 hacc
741 1821 950 1917 primorum
969 1820 1195 1895 saeculorum
1209 1822 1349 1917 scripta
1362 1821 1450 1897 misi

510 1967 560 2039 ad
586 1988 662 2051 vos,
681 1963 895 2038 Venerandi
914 1963 1056 2048 Patres,
1075 1964 1140 2057 qui
1166 1963 1280 2037 lande
1299 1985 1450 2037 morum

399 2106 654 2198 antiquorum,
685 2103 895 2197 disciplinae
925 2104 1163 2198 Apostolicac,
1194 2103 1282 2176 fidoi
1312 2103 1451 2177 Catho-

399 2244 493 2329 licae,
523 2244 675 2318 floretis.
728 2244 827 2318 Sunt
856 2245 918 2318 hae
948 2244 1102 2338 quidem
1133 2244 1319 2338 Reliquiae
1349 2244 1450 2338 frag-

399 2389 531 2456 menta
547 2389 701 2457 tantum
721 2385 858 2458 flebilis
874 2382 1074 2478 naufragii,
1093 2390 1133 2456 et
1153 2383 1311 2455 humilis
1332 2389 1449 2477 atque

399 2522 588 2616 depressas
622 2523 791 2597 ecclesiae
825 2529 1118 2611 monumenta3,
1146 2522 1213 2596 sed
1253 2544 1297 2595 eo
1331 2522 1448 2595 etiam

398 2663 521 2756 magis
538 2663 645 2736 vobis
662 2663 873 2750 offerendae,
888 2664 989 2758 quod
1008 2669 1047 2736 et
1064 2662 1136 2758 ipsi
1148 2662 1304 2735 fortuna
1320 2663 1449 2736 minus

397 2825 579 2897 prospera
599 2802 762 2877 utimini.
815 2802 871 2877 De
891 2804 1005 2878 rebus
1022 2801 1159 2876 vestris
1180 2802 1349 2876 externis
1370 2826 1448 2877 non

398 2943 454 3018 ita
479 2945 590 3018 valde
615 2946 754 3034 laboro,
779 2968 847 3020 seu
872 2946 1018 3040 praedia
1042 2945 1191 3039 perdita
1213 2952 1252 3018 et
1277 2944 1449 3040 dispersa

397 3089 498 3170 sunt,
517 3105 584 3157 seu
610 3083 815 3178 dignitates
839 3091 878 3156 et
903 3106 1043 3178 pompa
1065 3085 1195 3157 saeculi
1220 3085 1381 3172 ablatae3
1408 3085 1447 3158 id

265 3307 271 3314 .
397 3226 499 3298 euim
517 3245 654 3318 parum
672 3230 751 3311 est3
777 3222 1053 3295 nobilissimam
1070 3246 1159 3296 voro
1180 3232 1342 3319 gentem,
1361 3226 1447 3299 reli-

396 3364 519 3458 gionis
544 3363 741 3437 cultricem
767 3362 985 3458 ceteroquin
1011 3364 1210 3459 egregiam,
1234 3386 1258 3436 a
1283 3365 1447 3458 pristina
1529 3393 1532 3398 ·

397 3527 468 3578 sua
484 3504 646 3578 divisam
672 3528 754 3580 esse
780 3506 1001 3592 hierarchia„
1019 3528 1065 3579 ac
1091 3506 1211 3580 scindi
1234 3528 1258 3580 a
1278 3530 1447 3581 commu·

396 3645 509 3719 nione
526 3652 662 3732 vestra
682 3647 815 3720 Patres
829 3646 1052 3733 Venerandi,
1071 3669 1184 3720 nomo
1201 3654 1260 3721 est
1273 3649 1445 3722 omnium

396 3808 483 3859 cum
494 3786 721 3861 Christianis
734 3787 887 3882 quidem
899 3788 1067 3883 antiquis
1081 3788 1337 3871 sentientium,
1352 3788 1444 3881 quin

395 3929 467 4001 hoc
494 3927 630 4003 doleat.
683 3929 752 4002 Est
781 3936 920 4014 autem,
952 3929 1101 4023 dequo
1132 3929 1238 4002 vobis
1264 3930 1443 4023 gratuler,

396 4068 713 4163 vehementerque
730 4068 927 4163 gaudeam.
968 4069 1064 4141 Pace
1082 4069 1253 4141 fruimini
1268 4068 1317 4141 ad
1335 4091 1444 4142 sacra

395 4208 467 4280 rite
493 4209 715 4303 peragenda
734 4231 830 4303 quae,
849 4231 936 4281 cum
956 4210 1023 4302 jus
1049 4209 1218 4281 omnium
1245 4209 1442 4281 hominum

395 4367 595 4419 commune
630 4348 689 4430 sit,
725 4349 881 4433 stabilis,
917 4355 961 4422 ut
996 4372 1113 4443 spero,
1147 4348 1278 4421 futura
1310 4356 1368 4421 est
1398 4371 1443 4421 ac

395 4494 598 4581 perpetua;
624 4511 726 4561 nunc
749 4489 903 4563 demum
927 4497 1037 4576 certe,
1056 4499 1258 4586 postquam
1282 4513 1331 4564 ex
1354 4490 1443 4563 civi-
