3809 5650
396 667 450 740 xii
767 666 1066 738 PRAEFATIO.

395 864 669 960 Collectanea,
689 864 844 973 publici
860 866 967 973 juris
987 865 1150 945 faceret.
1212 863 1361 972 Neque
1382 864 1445 944 in-

396 1000 562 1084 finitum
589 1013 663 1080 aut
683 1000 856 1080 nimium
879 999 967 1078 fore
996 997 1177 1079 laborem
1198 1001 1288 1106 ejus
1315 1026 1446 1105 augu-

397 1138 525 1230 rabar,
545 1135 577 1214 si
599 1132 883 1214 collectionem
904 1131 1117 1213 clauderet
1138 1132 1260 1240 primi
1281 1131 1445 1213 Nicaeni

397 1268 571 1349 Concilii
606 1280 780 1375 tempus
837 1268 1004 1375 Quippe
1039 1280 1203 1375 tempus
1236 1280 1298 1349 est
1332 1268 1446 1347 istud

396 1404 577 1485 ecclesiae
597 1404 782 1511 insigne3
816 1415 859 1482 et
879 1403 920 1481 in
942 1404 1065 1482 rebus
1084 1403 1355 1483 controversis
1375 1429 1447 1509 ap-

396 1538 538 1647 pellari
553 1539 688 1619 solent
700 1536 959 1647 potissimum
974 1534 1203 1646 PatreS,qui
1218 1537 1296 1619 hoc
1309 1566 1445 1618 aevum

396 1673 703 1753 antecesserint.
766 1669 880 1751 lllud
908 1698 1076 1778 quoque
1103 1671 1301 1751 memoria
1331 1684 1447 1753 tene-

396 1807 501 1901 bam,
521 1807 598 1887 etsi
619 1805 732 1887 haud
752 1805 891 1913 exigui
913 1833 1087 1886 numero
1107 1806 1237 1887 sancti
1257 1818 1446 1887 auctores

396 1954 597 2037 extarent,
625 1941 871 2049 quibuscum
902 1939 1037 2021 editor
1067 1950 1308 2034 versaretur,
1336 1938 1447 2021 mole

398 2088 537 2155 tamen
553 2076 717 2156 eosdem
734 2103 820 2156 esse
842 2074 923 2156 heu
942 2075 1118 2157 nimium
1136 2101 1300 2183 parvos3
1320 2075 1447 2156 modo

398 2236 507 2289 unus
540 2221 583 2289 et
620 2208 724 2290 alter
758 2211 1030 2319 exciperetur,
1064 2214 1182 2318 qu'us
1222 2210 1446 2316 integriora

398 2347 581 2425 membra
615 2346 742 2427 totius
778 2360 821 2426 et
860 2345 1032 2454 perfecti
1067 2345 1247 2453 corporis
1280 2345 1442 2426 deside·

398 2479 506 2559 rium
525 2481 748 2560 auxerint³.
803 2480 955 2561 Rarius
973 2481 1155 2588 ipsorum
1175 2478 1297 2583 ῥήσεις
1316 2479 1380 2560 vel
1402 2480 1445 2560 in

397 2615 566 2695 Catenis
595 2615 637 2695 in
668 2617 734 2695 SS.
757 2617 998 2725 Scripturas,
1025 2616 1090 2696 vel
1120 2618 1160 2696 in
1195 2614 1365 2724 reliquis
1394 2644 1446 2698 ex

398 2750 584 2859 patribus
603 2747 886 2845 Collectaneis,
910 2750 1086 2834 inveniri
1108 2778 1315 2831 noveram.
1357 2749 1446 2833 Nec

399 2887 594 2992 putabam
608 2885 651 2970 in
664 2883 1009 2965 bibliothecarum
1022 2883 1229 2993 Catalogis
1242 2887 1300 2969 ita
1313 2885 1447 2968 multa

398 3021 580 3101 indicata
610 3048 696 3101 esse
725 3018 933 3128 opuscula,
963 3046 1059 3129 quae
1089 3020 1276 3104 nondum
1310 3019 1445 3104 lucem

398 3158 700 3266 conspexerint.
759 3158 840 3235 Sed
859 3156 912 3236 de
932 3156 996 3236 his
1017 3154 1125 3235 alibi.

455 3291 674 3397 Sperabam
699 3289 838 3396 igitur,
866 3290 897 3367 si
928 3287 1053 3370 telem
1084 3289 1277 3399 Syllogen
1307 3292 1350 3371 in
1381 3319 1447 3372 me

399 3425 601 3505 edendam
622 3424 883 3529 susciperem,
900 3451 981 3502 non
999 3423 1087 3505 l'ore
1103 3441 1150 3505 ut
1171 3424 1299 3506 moles
1320 3426 1447 3508 nimia

399 3560 452 3638 de
470 3555 653 3637 utilitate
676 3560 765 3664 ejus
786 3556 1064 3638 imminueret.
1112 3560 1301 3657 GrabiuS,
1321 3564 1447 3670 probe

400 3694 492 3786 scio,
514 3693 557 3771 in
587 3693 806 3801 Spicilegio
832 3721 907 3773 suo
936 3698 1013 3774 SS.
1030 3698 1222 3785 Petrum,
1243 3711 1313 3778 cet.
1335 3698 1448 3805 quod

400 3825 569 3934 quidem
610 3854 714 3933 opus
752 3854 968 3935 nunquam
1003 3826 1241 3909 absolutum
1272 3842 1345 3924 est,
1378 3830 1447 3910 vix

400 3965 632 4046 vicesimam
681 3977 841 4073 partem
887 3964 1168 4074 reliquiarum,
1207 3994 1309 4074 quas
1358 3967 1448 4061 ede,

442 4160 454 4187 ¹
477 4150 526 4213 At
549 4148 581 4213 S.
599 4148 771 4232 Dionysius
796 4147 1041 4224 Alexandrinus,
1060 4148 1197 4231 scriptor
1217 4149 1330 4212 doetus
1351 4155 1448 4234 atquo

400 4248 537 4329 elegans,
549 4249 639 4331 eujus
654 4248 802 4332 reliquias
817 4249 909 4312 edere
925 4255 1113 4322 statueram,
1125 4247 1271 4331 notisque
1282 4249 1350 4331 jam
1365 4247 1447 4310 illus

400 4355 570 4424 traveram,
586 4349 696 4413 lbomae
718 4350 805 4415 haud
828 4350 874 4413 ita
896 4349 1018 4433 pridem
1041 4347 1158 4433 prodiit
1180 4348 1292 4420 forma,
1312 4369 1382 4431 quae
1403 4347 1447 4410 di-

401 4448 485 4512 citur
500 4448 531 4510 in
546 4448 629 4511 folio.
671 4451 763 4512 Nunc
779 4473 903 4533 quoquc
919 4450 1014 4512 aliam
1029 4449 1200 4512 editionem
1215 4471 1347 4532 eamque
1360 4471 1447 4533 egre·

401 4549 486 4632 giam
500 4549 587 4613 brevi
603 4559 783 4614 secuturam
798 4574 865 4613 csse
881 4551 935 4613 eod
952 4552 1071 4614 frustra
1087 4551 1219 4634 speravi.
