3809 5650
523 710 571 773 IN
595 709 863 774 FRAGMENT.
887 710 1073 778 INOERTI
1097 710 1373 777 SCRIPTORIS.
1444 712 1506 774 421

399 887 424 925 ‘⁴
438 878 607 962 epistolam
622 878 664 942 ad
680 879 838 943 Hebraeos
854 878 983 954 attinet,
998 900 1070 943 eam
1088 880 1130 944 ab
1150 879 1283 953 Irenaeo.
1299 887 1333 944 et
1354 878 1509 964 discipulo

400 989 423 1016 ‘⁴
438 981 507 1062 ejus
530 979 718 1063 Hippolyto,
740 1001 803 1042 non
825 979 997 1064 genuinum
1017 981 1111 1044 Pauli
1133 1003 1213 1065 opus
1234 981 1378 1044 habitam
1401 980 1510 1056 fuisse,

400 1088 419 1115 ‘⁴
435 1086 576 1143 testatur
590 1080 772 1164 Stephanus
787 1081 935 1144 Gobarus
949 1081 1035 1164 apud
1053 1081 1213 1145 Photium.
1246 1080 1329 1144 Bibl.
1341 1080 1419 1144 eod.
1436 1098 1508 1165 232.

400 1189 420 1218 “
437 1183 483 1243 ὅτι
506 1179 685 1247 Ἱππόλυτος
710 1182 758 1243 καὶ
785 1184 942 1262 Εἰρηναῖος
967 1183 1023 1259 ripa
1050 1182 1125 1261 πρὸς
1153 1180 1315 1262 Ἐβραίους
1344 1181 1510 1259 ἐπιστολὴν

400 1289 419 1316 “
436 1283 572 1353 Παύλου,
588 1281 640 1344 οὐκ
656 1283 772 1345 ἐκείνου
793 1281 870 1345 εἶναι
889 1283 996 1362 φασίυ.
1042 1281 1232 1366 Hippolytus
1246 1292 1273 1345 et
1290 1284 1432 1345 Ireaaeus
1445 1280 1510 1367 epi·

400 1391 421 1420 ⁴⁴
435 1381 541 1445 dolam
561 1382 659 1444 Pauli
677 1382 723 1445 ad
739 1382 898 1457 Ηοὸπωος,
914 1381 979 1464 ejas
996 1403 1055 1446 esse
1075 1392 1193 1466 nepam.
1234 1383 1319 1446 Ibid.
1336 1383 1414 1447 cod.
1434 1400 1504 1445 121.

400 1491 421 1520 ⁴⁴
437 1504 477 1545 ex
502 1480 674 1566 Hippolyti
694 1482 777 1545 libro
798 1491 911 1546 eontra
933 1480 1101 1546 Haereses:
1126 1483 1211 1562 λέγει
1232 1486 1265 1546 δὲ
1285 1484 1368 1546 ἄλλα
1388 1481 1423 1546 τέ
1442 1507 1510 1545 πιυα

398 1591 421 1621 “
436 1587 487 1660 τῆς
501 1584 654 1661 ἀκριβείας
669 1580 842 1662 λειπόμενα,
861 1583 908 1646 καὶ
923 1584 1001 1661 aaa
1021 1583 1095 1663 πρὸς
1108 1581 1270 1662 Ἑβραίους
1291 1582 1436 1661 ἐπιστολὴ
1456 1584 1509 1646 οὔκ

400 1691 420 1720 “
436 1686 502 1746 ἐστι
527 1688 579 1745 τοῦ
602 1685 772 1746 ἀποστόλου
799 1686 933 1747 Παύλου.
978 1684 1067 1747 Dicit
1089 1693 1116 1746 et
1139 1683 1208 1747 alia
1232 1683 1373 1767 quoedam
1390 1703 1510 1766 parum

400 1793 420 1824 ⁴⁴
434 1794 590 1861 deaurata,
605 1793 634 1848 et
647 1784 728 1868 quod
744 1784 870 1870 epistola
889 1783 935 1846 ed
947 1783 1102 1861 Hebraea,
1118 1805 1177 1847 που
1194 1785 1235 1847 eit
1253 1783 1379 1868 apodoii
1398 1782 1509 1846 Padi.

400 1894 420 1922 ⁴⁴
436 1885 486 1949 De
501 1885 582 1949 Caio
603 1884 789 1968 presbytero
811 1885 966 1961 Romano,
982 1885 1031 1949 uti
1053 1885 1084 1947 id
1104 1886 1173 1968 jam
1194 1884 1374 1948 observavit
1398 1884 1510 1946 Mura-

401 1996 422 2024 ⁴‘
437 1987 549 2062 torius,
574 1985 732 2048 Eusebius
756 1985 843 2049 Hist.
868 1985 954 2048 Eeel.
975 1985 1028 2048 lib.
1039 1984 1079 2048 vi.
1095 2008 1166 2069 cap.
1179 2004 1230 2050 2ο.
1254 1984 1375 2069 pariter
1397 1983 1508 2060 refert,

402 2095 424 2126 “
440 2087 557 2149 eumin
572 2085 789 2169 disputatione
807 2087 959 2149 adversus
979 2085 1138 2162 Proelum‚
1154 2085 1430 2169 Gataphrygarum
1445 2083 1509 2148 hae·

402 2194 423 2223 ‘⁴
437 2185 516 2249 resis
538 2192 816 2270 propugnatorem,
837 2186 978 2249 tredecim
1000 2186 1095 2248 solum
1118 2186 1221 2249 dioiai
1242 2185 1369 2270 apostoli
1390 2205 1510 2247 οουυυυ·

401 2295 424 2326 “
437 2308 556 2349 morere
577 2285 726 2369 episteme,
749 2307 820 2349 eam
842 2308 912 2369 quae
934 2284 977 2350 ad
1000 2287 1158 2351 Hebraeos
1180 2286 1333 2370 inscripta
1355 2292 1413 2361 est,
1437 2305 1509 2348 eum

401 2393 423 2424 ⁴‘
439 2386 567 2468 reliquis
592 2407 657 2448 non
682 2386 906 2450 adnumerans.
951 2387 1036 2466 Quid
1062 2388 1218 2473 Origenes
1245 2389 1285 2451 de
1310 2409 1349 2451 ea
1375 2386 1511 2450 senserit

403 2487 508 2550 “vide
531 2508 628 2570 supra
650 2488 680 2569 ξ.
693 2486 808 2550 xlviii?
831 2487 900 2569 (ubi
926 2488 966 2550 de
989 2487 1053 2551 ista
1078 2489 1213 2572 epistola
1235 2495 1388 2572 tanquam
1414 2508 1510 2572 opere

402 2585 593 2649 senteutiam
613 2584 708 2647 Pauli
728 2584 893 2661 referente,
910 2587 965 2649 sed
987 2587 1030 2650 ab
1047 2574 1159 2670 'aliquo
1173 2588 1327 2671 discipulo
1347 2588 1415 2670 ejus
1437 2609 1510 2650 oon·

403 2686 531 2769 scripto,
548 2683 700 2747 statuisse
715 2683 894 2768 origenem,
912 2686 1077 2748 Stosohius
1092 2687 1257 2768 ostendit.)
1295 2695 1315 2724 “
1328 2684 1510 2770 Epistolam

404 2795 423 2822 “
440 2808 514 2850 vero
535 2784 660 2863 Jaeobi‚
677 2784 765 2870 eirea,
782 2784 866 2847 idem
881 2792 1008 2868 tempus
1030 2806 1094 2848 non
1115 2787 1157 2850 ab
1172 2785 1318 2849 omnibus
1338 2784 1371 2847 in
1389 2806 1509 2849 eanone

402 2896 424 2924 ‘⁴
439 2887 573 2951 relatam
594 2885 700 2962 fuisse,
716 2885 808 2950 testis
830 2893 879 2950 est
902 2887 1060 2950 Eusebius
1082 2886 1171 2951 Hist.
1193 2886 1280 2950 Eeol.
1300 2887 1353 2949 lib.
1365 2886 1397 2949 ii.
1412 2908 1442 2949 ο.
1458 2905 1508 2969 23.

405 3000 427 3027 “
442 2989 475 3050 in
489 2988 560 3051 fine.
598 2989 684 3051 Sane
705 2987 797 3069 pauci
820 2987 991 3049 admodum
1015 3009 1055 3050 ex
1075 2987 1312 3063 vetustioribus,
1332 2997 1396 3050 cam
1421 2986 1510 3068 iujos

403 3096 425 3127 “
440 3087 581 3171 epistolae,
595 3096 658 3149 tam
677 3086 762 3150 illias
775 3087 882 3163 dudae,
895 3108 964 3170 quae
982 3097 1010 3151 d
1029 3088 1097 3171 ipsa
1117 3089 1153 3151 ia
1165 3097 1274 3172 septam
1293 3086 1510 3149 catholicorum

404 3196 425 3225 ‘⁴
440 3208 563 3250 numero
586 3195 759 3262 moueatur,
781 3188 956 3250 montionem
969 3188 1081 3269 fecero.
1126 3189 1176 3251 De
1201 3186 1299 3251 tertia
1322 3195 1429 3250 autem
1451 3186 1510 3249 Jo-

405 3286 554 3349 “hannis
576 3292 703 3349 constat
717 3305 788 3349 eam
810 3287 931 3369 pariter
950 3309 972 3350 a
991 3287 1180 3371 quibusdam
1201 3287 1331 3350 dubiam
1352 3286 1508 3350 habitam.

406 3394 425 3423 “
441 3386 536 3449 Certe
552 3385 693 3449 Irenaeus
713 3386 849 3470 primam
869 3394 903 3450 et
922 3388 1093 3451 secundam
1107 3387 1131 3450 J
1133 3387 1267 3451 ohannis
1281 3386 1381 3461 eitat;
1403 3385 1509 3450 tertiae

406 3496 426 3524 ‘⁴
441 3495 549 3551 autem
571 3487 762 3551 mentionem
782 3509 845 3550 non
867 3488 977 3574 injioit.
1015 3489 1092 3553 Vid.
1115 3489 1301 3552 Lardnerus
1320 3487 1400 3551 Fide
1421 3487 1509 3549 Hist.

406 3598 428 3627 “
442 3590 562 3673 Eooap.
587 3588 677 3651 Part.
689 3589 738 3651 11.
759 3596 837 3651 tom.
849 3589 869 3653 i.
887 3611 913 3653 ο.
929 3590 1003 3654 xvii.
1024 3613 1096 3676 pag.
1107 3609 1182 3675 301,
1193 3589 1288 3674 302.”
1334 3587 1416 3651 Haee
1437 3587 1510 3651 Sto-

406 3688 522 3751 sehius.
548 3690 576 3752 1.
602 3688 652 3751 De
677 3688 802 3772 opi'stoia
824 3712 899 3753 vero
924 3690 970 3752 ad
988 3690 1131 3754 Hebraea
1160 3691 1220 3754 hoe
1244 3690 1337 3754 velim
1360 3689 1509 3773 adjicere,

408 3788 565 3851 Barnabae
587 3810 651 3851 non
677 3788 779 3852 Paulo
805 3811 876 3853 ea1n
901 3790 1107 3874 adscripsisse
1135 3789 1370 3853 Tertullianum
1396 3789 1430 3850 in
1454 3788 1509 3850 lib.

406 3891 456 3954 Do
471 3891 645 3967 Pudicitia,
661 3913 689 3954 e.
703 3911 752 3955 20.
769 3893 853 3975 quod
869 3899 903 3955 et
924 3890 1139 3976 Hieronymus
1158 3897 1315 3954 memorat
1330 3890 1370 3952 de
1385 3888 1510 3951 Tertii]-

405 3989 491 4053 liano
505 3990 536 4052 in
548 3991 628 4054 libro
640 3991 690 4052 De
706 3992 797 4054 Viris
804 3991 859 4054 ld.
872 4012 940 4074 eap.
951 4009 983 4074 5.
999 4012 1056 4054 neo
1071 3998 1194 4075 patere,
1209 3990 1241 4051 in
1256 4009 1409 4052 canonem
1422 3987 1511 4052 Lati·

407 4113 520 4153 norum
534 4098 695 4175 receptam
715 4091 848 4153 eandem
868 4090 964 4153 fuisse
979 4090 1076 4153 etiam
1100 4090 1288 4173 Hieronymi
1303 4088 1509 4172 temporibus.

408 4189 557 4254 Videuda
571 4192 655 4255 enim
669 4189 753 4253 inter
767 4190 846 4253 alios
860 4188 946 4252 locos
960 4190 1061 4273 Epist.
1077 4190 1144 4274 ejus
1158 4189 1203 4251 ad
1214 4189 1401 4252 Dardanum
1413 4210 1445 4271 p.
1456 4193 1510 4272 69.
1632 4245 1636 4251 .

407 4291 457 4353 ed.
480 4290 639 4354 Frobenii.
686 4291 788 4374 idque
808 4297 973 4354 narratum
1000 4311 1068 4353 esse
1089 4312 1110 4353 a
1131 4289 1288 4352 nonnullis
1313 4289 1353 4351 de
1379 4286 1511 4351 ecelesia

409 4387 555 4452 Romana
575 4397 673 4453 antea
686 4395 825 4453 testatus
845 4397 916 4453 erat
936 4388 1093 4452 Eusebius
1113 4389 1200 4451 Hid.
1214 4388 1298 4451 uod.
1314 4386 1357 4449 iii.
1372 4406 1404 4470 3.
1448 4387 1510 4450 At-

408 4493 517 4551 tamen
531 4489 617 4551 haud
633 4497 771 4565 constat,
789 4491 947 4553 Irenaeum
963 4487 1214 4571 Hippolytumve
1229 4485 1415 4570 discipulum
1429 4486 1508 4569 ejus,

408 4607 487 4669 quos
512 4610 608 4671 supra
633 4587 777 4652 nominat
807 4587 980 4663 Stosehius‚
1007 4587 1089 4650 hano
1115 4586 1282 4669 epistolam
1311 4608 1328 4648 e
1356 4584 1509 4648 librorum

407 4703 568 4747 sacrorum
593 4709 723 4749 numero
744 4688 883 4770 ejecisse,
907 4686 1024 4784 quippe
1046 4709 1127 4764 eum,
1147 4692 1230 4749 teste
1252 4683 1392 4748 Eusebio
1412 4684 1465 4747 lib.
1480 4706 1508 4746 υ.

407 4783 493 4846 Hist.
508 4806 578 4868 eap.
593 4788 642 4849 26.
658 4808 698 4849 ex
713 4786 783 4870 ipsa
796 4786 1140 4871 sententiasquasdam
1154 4786 1239 4851 idem
1253 4785 1305 4850 ille
1321 4784 1462 4849 Irenaeus
1476 4782 1514 4861 iu
