3809 5650
511 660 597 729 xxvi
880 659 1187 730 PRAEFATIO.

512 856 703 935 buuntur
724 853 906 951 Catenis
925 855 991 937 vel
1009 859 1062 937 ab
1089 855 1275 965 antiquis
1294 857 1564 965 scriptor-ibus

513 1015 565 1069 ex
601 988 908 1096 antiquioribus
940 991 1042 1071 meis
1076 989 1357 1099 proferuntur,
1394 1003 1444 1071 ut
1477 1018 1565 1072 sus-

514 1122 741 1231 picer‚ante
754 1119 886 1203 multa
900 1121 1051 1203 saecula
1063 1122 1261 1232 pleraque
1273 1124 1426 1206 horum
1440 1153 1564 1234 opera

511 1267 682 1363 propter
700 1255 832 1336 varias
852 1283 994 1337 causas
1013 1258 1182 1365 penitus
1202 1258 1471 1355 intercidisse,
1489 1271 1565 1341 aut

513 1399 625 1471 certe
653 1390 707 1470 ad
736 1417 867 1498 pauca
901 1391 1129 1472 admodum
1157 1390 1409 1499 exemplaria
1438 1392 1566 1475 fuisse

513 1525 692 1606 redacta.
752 1524 909 1606 Verum
942 1523 1090 1621 hercle,
1121 1538 1171 1606 ut
1199 1526 1335 1606 dicam
1360 1526 1475 1635 quod
1500 1553 1565 1606 res

513 1670 587 1754 est,
608 1657 731 1739 nimis
752 1658 899 1739 incerti
923 1658 1088 1767 generis
1112 1658 1326 1740 interdum
1350 1671 1450 1739 sunt
1471 1686 1563 1740 sen-

513 1791 669 1889 tentiae,
688 1821 784 1900 quae
804 1793 848 1873 in
871 1790 1042 1874 Catenis
1067 1806 1196 1901 atque
1224 1792 1429 1902 ejusmodi
1448 1791 1565 1873 libris

513 1925 657 2034 positar
686 1926 892 2021 videntur,
922 1955 1050 2034 quam
1079 1940 1128 2007 ut
1156 1939 1373 2009 auctorum
1403 1954 1565 2035 semper

513 2088 610 2155 esse,
639 2089 817 2168 quorum
847 2060 1043 2143 feruntur
1072 2062 1322 2157 nominibus
1352 2061 1463 2142 credi
1493 2061 1566 2142 de-

514 2196 651 2276 beant.
710 2193 823 2290 Esse,
843 2222 917 2275 cur
937 2195 1244 2277 dubitationem
1261 2222 1564 2303 nonnunquam

514 2327 592 2409 hoc
622 2327 782 2425 babeat,
809 2327 957 2409 harum
987 2358 1128 2410 rerum
1154 2330 1276 2439 periti
1300 2330 1448 2426 sciunt,
1468 2326 1564 2412 curn

514 2476 683 2571 propter
711 2461 811 2544 alias
840 2491 991 2560 causas,
1013 2477 1104 2544 tum
1124 2465 1224 2572 quia
1251 2464 1316 2544 hac
1343 2466 1467 2568 ῥήσεις
1494 2467 1566 2547 ad-

513 2597 603 2679 dito
636 2596 722 2679 solo
757 2600 937 2680 auctoris
972 2627 1056 2679 non
1090 2600 1191 2681 item
1225 2600 1359 2709 operis
1395 2601 1564 2683 nomine

513 2733 694 2814 maxime
713 2747 933 2843 ponantur,
954 2735 1068 2815 unde
1083 2734 1172 2816 fieri
1194 2736 1332 2846 possit„
1349 2747 1397 2816 ut
1416 2764 1439 2817 e
1458 2734 1565 2816 libro

514 2867 797 2975 devbarrypaeidp
815 2870 1009 2978 primitus
1028 2870 1165 2951 ductae
1185 2870 1353 2952 fuerint.
1414 2872 1565 2979 ltaque

514 3030 602 3084 rem
621 3003 815 3084 cecidisse
833 3005 1046 3085 interdum
1062 3004 1332 3113 deprehendi.
1368 3006 1449 3088 Sed
1463 3034 1567 3114 qua-

513 3128 681 3245 cunque
715 3139 768 3218 de
801 3166 922 3220 causa
956 3137 1106 3221 falsum
1138 3167 1290 3222 nomen
1325 3141 1564 3249 irrepsisset,

513 3270 628 3377 quod
646 3270 781 3351 aliena
806 3274 884 3351 sub
901 3272 1081 3379 glorioso
1100 3272 1227 3354 titulo
1254 3272 1429 3356 latentia
1448 3275 1565 3357 dete-

513 3430 611 3509 gere
649 3404 889 3510 potuissem‚
928 3402 1109 3500 laetabar‚
1147 3434 1223 3488 nco
1253 3407 1356 3488 mibi
1395 3436 1564 3517 operam

513 3535 785 3642 studiumque
814 3537 982 3645 periisse
1014 3539 1311 3623 existimabam.
1369 3544 1473 3633 Quis
1502 3557 1566 3625 est

514 3669 714 3765 omnium,
747 3670 927 3779 exempli
958 3674 1103 3780 gratia,
1128 3676 1230 3782 quin
1268 3677 1405 3783 magni
1440 3677 1566 3757 faciat

513 3817 747 3884 accuratam
777 3807 1104 3914 praestantissimi
1136 3805 1449 3914 Wyttenbachii
1476 3809 1561 3890 dis·

514 3940 773 4049 putationem
803 3940 855 4020 de
886 3938 994 4021 libro
1025 3944 1106 4041 περὶ
1133 3942 1271 4020 παίδων
1298 3944 1453 4042 ἀγωγῆς,
1480 3971 1565 4051 qua

513 4073 749 4155 ostenditur
786 4070 857 4154 ille
896 4070 1121 4154 Plutarcho
1159 4072 1428 4155 Chaeroneusi
1461 4073 1565 4156 falso

514 4206 674 4287 tribui?

570 4339 647 4419 Ast
673 4341 857 4448 profecto
884 4343 998 4423 subit
1026 4343 1128 4423 mihi
1155 4354 1273 4449 grata
1291 4344 1480 4449 quaedam
1502 4373 1564 4425 re-

513 4473 708 4569 cordatio,
737 4476 801 4554 uti
831 4488 939 4571 ante,
968 4478 1025 4556 sic
1050 4491 1189 4559 nostra
1216 4478 1353 4571 etiam,
1379 4488 1564 4583 patrum-
