3809 5650
372 425 437 491 soe
720 425 958 508 RELIQUIAE
981 425 1153 491 suasu.

372 589 638 691 στρεβλώσεως
657 589 778 669 ἱκανὸν
796 590 841 690 ἧν
858 589 950 694 πρὸς
967 588 1010 669 τὸ
1028 591 1219 696 ἐξαγαγεῖν
1243 589 1310 688 τὴν
1334 591 1470 698 ψυχὴν,

371 725 438 827 οὐχ
465 722 520 803 ὅτι
545 757 588 826 γε
613 732 759 802 τοιαῦτα
780 727 840 804 καὶ
861 732 1037 804 τοσαῦτα.
1070 726 1156 803 ἀλλ’
1187 725 1210 823 ἡ
1237 726 1395 829 μακαρία
1421 730 1471 810 ὡς

370 864 530 961 γενναῖος·
561 856 722 955 ἀθλητὴς
751 854 929 956 ἁνενέαζεν
961 860 999 936 ἐν
1026 861 1071 962 τῇ
1104 859 1292 962 ὁμολογίᾳ.
1335 860 1394 937 καὶ
1426 857 1470 958 ἦν

370 995 479 1091 αὐτῆς
497 990 681 1098 ἀνάληψις
699 994 757 1069 καὶ
775 988 978 1075 ἀνάπαυσις
991 993 1050 1070 καῖ
1062 993 1272 1092 ἀναλγησία
1289 998 1362 1071 τῶν
1375 1026 1471 1091 συμ-

370 1127 578 1224 βαινόντων,
596 1125 638 1206 τὸ
658 1126 777 1226 λε’γειν
797 1125 852 1205 ότι
870 1125 1074 1229 Χριστιανή
1094 1130 1176 1224 εἰμι·
1205 1129 1264 1205 καῖ
1281 1128 1366 1231 παρ’
1387 1129 1497 1226 ἡμῖν5

370 1260 471 1342 οὐδὲν
490 1267 633 1368 φαῦλον
651 1261 795 1359 γίνεται.

425 1393 473 1481 ς’.
502 1395 551 1473 ‘O
582 1391 620 1472 δὲ
644 1391 807 1494 Σάγκτος
833 1394 892 1470 καὶ
922 1389 1028 1474 αὐτὸς
1058 1392 1379 1493 ὑπερβεβλημένος
1410 1397 1470 1472 καὶ

371 1528 458 1633 ὑπὲρ
475 1527 595 1609 πάντα
613 1527 803 1630 ἄνθρωπον
824 1526 949 1610 πόσας
973 1525 1038 1610 τὰς
1061 1526 1105 1633 ἐξ
1130 1527 1329 1629 ἀνθρώπων
1356 1530 1470 1613 αἰκίας

368 1664 538 1766 γενναίως
568 1662 762 1759 ὑπομένων,
790 1666 864 1739 τῶν
896 1658 1039 1759 ἀνόμων
1071 1659 1288 1762 ε’λπιῷντων
1315 1659 1373 1739 διὰ
1404 1660 1470 1760 τὴν

368 1795 538 1896 ἐπιμονὴν
560 1799 619 1875 καὶ
642 1795 685 1873 τὸ
710 1793 859 1893 με’γεθος
885 1802 959 1873 τῶν
987 1793 1161 1889 βασάνων
1188 1794 1413 1874 ἀκούσεσθαί
1434 1831 1518 1876 τιιο

368 1933 453 2035 παρ’
472 1932 581 2010 αι’ποιῖ
598 1935 669 2008 τῶν
694 1927 744 2028 μὴ
771 1928 932 2025 δεόντων,
950 1927 1111 2034 τοσαύτῃ
1136 1927 1337 2009 ὑποστάσει
1366 1934 1465 2011 ἀντι·

367 2061 594 2169 παρετάξατο
613 2063 741 2158 αὐτοῖς,
760 2061 854 2140 ὥστε
873 2060 963 2160 μηδὲ
980 2061 1022 2140 τὸ
1040 2062 1130 2141 ἰ’διον
1148 2070 1323 2143 κατειπεῖν
1345 2063 1469 2163 ὄνομα,

368 2196 458 2298 μήτε
476 2196 598 2279 ἔθνους
614 2194 704 2295 μήτε
722 2193 863 2278 πόλεως
887 2194 969 2274 ὅθεν
992 2193 1048 2293 ἦν,
1067 2195 1155 2294 μήτε
1179 2203 1209 2275 εἰ
1233 2200 1363 2282 δοῦλος
1386 2197 1410 2298 ἢ
1434 2202 1469 2278 ε’-

368 2330 536 2434 λειῖθερος
547 2330 613 2430 εἴη·
640 2328 740 2408 ἀλλὰ
754 2328 845 2431 πρὸς
858 2328 978 2409 πάντα
991 2329 1037 2409 τὰ
1050 2330 1304 2433 ἑπερωτῶμενα
1318 2335 1463 2436 ἀπεκρί-

369 2500 456 2546 νατο
473 2467 711 2570 τῇῬωμαῖκῇ
725 2469 840 2571 φωνῇ,
854 2464 1073 2568 Χριστιανός
1092 2471 1171 2563 εἰμι.
1187 2475 1294 2545 τοῦτο
1312 2471 1370 2545 καὶ
1389 2471 1468 2548 ἀντὶ
1480 2503 1491 2541 ι
1498 2500 1514 2560 5

369 2597 551 2697 ὀνόματος,
580 2600 638 2676 καὶ
665 2601 745 2676 ἀντὶ
772 2597 922 2694 πόλεως,
950 2602 1009 2676 καὶ
1036 2600 1115 2677 ἀντὶ
1141 2599 1275 2701 γε’νους,
1303 2604 1363 2679 καὶ
1389 2604 1469 2680 ἀντὶ

368 2732 503 2817 παντὸς
517 2730 736 2832 ἐπαλλήλως
754 2731 942 2834 ὡμολόγει·
963 2732 1084 2833 ἄλλην
1097 2731 1135 2812 δὲ
1149 2732 1274 2839 φωνὴν
1286 2736 1350 2813 οὐκ
1362 2736 1467 2836 ἤκου-

369 2902 443 2947 σαν
456 2869 564 2948 αιῖτοιῖ
582 2865 629 2945 τὰ
646 2866 741 2965 ἔθνη.
758 2865 840 2945 ὅθεν
853 2866 897 2965 δὴ
912 2872 971 2946 καὶ
985 2869 1183 2972 φιλονεικία
1196 2868 1339 2971 μεγάλη
1352 2879 1416 2949 τοῦ
1429 2905 1468 2950 τε

368 3001 540 3105 ἡγεμόνος
558 3004 702 3080 καὶτῶν
721 3008 959 3094 βασανιστῶν
972 3001 1110 3103 ἐγένετο
1122 3000 1214 3106 πρὸς
1232 3001 1352 3082 αὐτόν·
1373 3003 1468 3083 ὥστε

368 3185 543 3248 enecandam
589 3184 743 3250 suffecisse,
783 3184 890 3242 nedum
941 3186 1055 3243 licitum
1076 3207 1112 3244 ex
1132 3209 1167 3246 eo
1185 3188 1346 3254 audituros.
1361 3189 1399 3247 ub
1420 3190 1516 3250 ni-ao

369 3277 414 3326 tot
434 3285 467 3323 aa
485 3275 568 3323 tanta
585 3272 740 3320 tormenta.
778 3263 891 3321 Verum
941 3266 1028 3322 mium
1039 3266 1096 3323 vim
1112 3279 1142 3326 et
1156 3267 1387 3345 magnitudinem
1399 3290 1465 3327 cru-

367 3347 453 3406 beata
470 3343 522 3402 illa
542 3344 633 3400 instar
646 3343 778 3419 generosi
793 3342 892 3417 cujus-
941 3344 1088 3402 ciatuum:
1112 3358 1193 3404 tanta
1213 3347 1350 3405 firmitate
1364 3349 1406 3406 eis
1420 3369 1466 3407 re·

368 3426 434 3485 dam
449 3423 575 3490 athleta,
590 3422 621 3479 in
635 3422 698 3499 ipsa
712 3421 892 3480 consessione
941 3424 1028 3490 stitit,
1048 3435 1083 3482 ut
1104 3445 1157 3483 nee
1178 3446 1273 3491 suum,
1296 3447 1350 3485 nec
1371 3429 1467 3503 gentis

368 3507 444 3564 vires
467 3514 555 3581 atque
579 3503 690 3560 animos
716 3501 889 3560 resumebat.
941 3515 993 3561 aut
1007 3503 1134 3562 civitatis
1148 3524 1184 3561 ex
1200 3525 1257 3582 qua
1271 3517 1347 3564 esset
1366 3511 1466 3567 οιίιιιι.

369 3587 502 3662 Eratque
532 3583 559 3642 ei
587 3581 708 3641 refectio
734 3592 765 3639 et
797 3581 890 3658 quies,
941 3582 997 3641 dus
1024 3603 1139 3652 nomen,
1163 3604 1216 3642 nec
1241 3596 1339 3642 utrum
1365 3596 1511 3658 servus25

368 3684 542 3741 sensumque
582 3682 698 3722 omnem
741 3661 891 3737 prasentia
940 3674 1016 3721 esset
1027 3683 1064 3720 an
1072 3664 1225 3741 ingenuus,
1235 3664 1405 3743 prolocutus
1414 3670 1464 3726 sit:

368 3745 476 3805 doloris
506 3743 651 3803 adimebat
682 3741 807 3821 prolatio
839 3741 891 3798 ho.
941 3742 992 3801 sed
1001 3742 1037 3800 ad
1046 3764 1146 3803 omnes
1155 3744 1396 3822 interrogationes
1407 3748 1464 3805 Ro-

368 3845 433 3883 rum
489 3825 661 3884 verborum:
726 3822 892 3880 Christiana
941 3842 1026 3881 mana
1042 3823 1142 3902 lingua
1155 3824 1348 3903 responderit,
1365 3827 1464 3884 Chris·

368 3925 442 3973 sum,
452 3915 483 3964 et
493 3903 566 3962 nihil
581 3902 658 3981 apud
669 3922 722 3960 nos
732 3901 800 3960 mali
814 3901 890 3979 geri.
941 3903 1039 3962 tianus
1062 3924 1135 3962 aum.
1179 3905 1247 3963 Hoc
1270 3905 1325 3963 sibi
1347 3925 1463 3972 nomen,

368 3995 426 4044 tur.
941 3984 1074 4060 patriam,
1096 4004 1197 4061 genus,
1219 3984 1316 4043 omnia
1339 3985 1513 4061 denique30

408 4065 438 4122 6.
462 4063 586 4123 Sanetus
604 4082 682 4128 vero,
697 4081 762 4121 eum
779 4070 809 4120 et
828 4060 890 4139 ipse
940 4082 1003 4120 esse
1012 4063 1135 4121 subinde
1146 4063 1354 4142 profitebatur3
1369 4083 1464 4141 neque

367 4164 454 4222 supra
478 4142 637 4201 humanum
663 4141 779 4198 modum
803 4160 889 4198 cuae-
940 4142 1025 4199 aliam
1041 4163 1139 4201 vocem
1154 4146 1191 4203 ab
1210 4164 1245 4202 eo
1262 4143 1394 4203 Gentiles
1411 4163 1463 4202 ex·

368 4233 399 4282 ta
412 4242 476 4299 quae
495 4223 531 4281 ab
549 4221 715 4280 hominibus
732 4220 888 4297 excogitari
940 4231 1077 4298 torquere
1095 4223 1258 4282 valuerunt.
1301 4225 1396 4295 Quam
1419 4234 1463 4282 et·

367 4310 524 4381 potuerant
537 4311 682 4359 tormenta
696 4301 812 4358 sortiter
826 4320 888 4357 sus·
940 4299 996 4357 iam
1012 4302 1050 4360 0b
1064 4322 1178 4360 causam
1190 4303 1315 4361 maxima
1325 4302 1462 4362 adversus

367 4381 485 4446 tineret,
503 4379 687 4458 sperantibus
707 4379 767 4456 jam
793 4378 890 4458 impiis
940 4378 1023 4437 illum
1048 4392 1079 4439 et
1103 4382 1240 4440 Praeaidia
1264 4394 1294 4441 et
1318 4393 1460 4441 tortorum
1471 4395 1508 4456 35

367 4459 478 4538 aliquid
501 4479 532 4518 se
552 4458 719 4517 indecorum
743 4468 830 4535 atque
851 4457 887 4516 il·
941 4460 1099 4534 pertinacia
1112 4462 1219 4520 frueris
1233 4468 1346 4521 exarsit.
1376 4461 1462 4521 Adeo
