3809 5650
478 711 655 776 AUCTT.
679 712 869 776 ECCLES.
896 712 1092 775 llIEltON.
1117 710 1374 774 RECENSUS.
1407 708 1450 773 xli

399 904 491 947 orum
524 881 681 966 episeopo,
711 888 744 946 et
774 883 806 945 T
808 882 927 959 atiano,
958 888 992 946 et
1026 881 1220 958 Bardesane,
1250 882 1290 944 de
1324 878 1446 944 Irenaeo

401 991 533 1056 Photini
555 991 706 1077 martyris
720 1014 920 1068 sueoessore;
944 993 998 1076 qui
1014 992 1152 1076 origines
1171 991 1325 1056 hereseon
1344 990 1450 1075 singu-

400 1102 511 1178 larum,
537 1107 570 1165 et
598 1124 638 1164 ex
667 1101 781 1185 quibus
809 1100 1070 1186 philosophorum
1094 1101 1236 1166 fontibus
1261 1100 1449 1176 emanarint,

400 1211 509 1276 multis
534 1209 742 1274 voluminibus
767 1211 983 1295 explicarentl
1018 1213 1189 1275 Pantanus
1214 1210 1327 1274 Stoieae
1353 1216 1450 1274 seetae

401 1319 607 1405 philosophus
626 1321 667 1383 ob
691 1319 860 1404 praeoipuae
881 1319 1069 1384 eruditionis
1083 1319 1229 1404 gloriam,
1243 1342 1265 1384 a
1285 1320 1452 1383 Demetrio

402 1430 607 1495 Alexandriae
630 1430 778 1514 episeopo
803 1430 916 1493 missus
939 1437 988 1494 est
1010 1430 1042 1492 in
1067 1429 1203 1505 Indiam,
1228 1436 1264 1494 ut
1288 1427 1451 1493 Christum

399 1541 485 1625 apud
502 1539 719 1604 Brachmanae
740 1549 773 1605 et
796 1541 878 1604 illius
898 1541 1004 1625 gentis
1025 1539 1229 1626 philosophos
1251 1539 1451 1625 praediearet.

402 1648 549 1713 Clemens
565 1648 791 1713 Alexandrinae
812 1648 951 1713 oeelesiae
970 1649 1145 1733 presbyter,
1162 1671 1232 1712 meo
1249 1648 1369 1733 judieio
1384 1669 1450 1711 om·

401 1760 487 1823 nium
517 1760 757 1836 eruditissimus,
789 1766 863 1823 oeto
893 1759 1020 1844 seripsit
1050 1759 1249 1823 Stromatum
1278 1759 1387 1837 libros,
1417 1767 1452 1822 et

401 1869 536 1933 totidem
557 1868 805 1942 ‘Troumdoeea
822 1877 856 1932 et
878 1868 975 1931 alium
997 1875 1110 1932 eontra
1131 1868 1263 1944 Gentes,
1279 1868 1451 1952 Paedagogi

401 1998 526 2060 quoque
541 1976 605 2041 tria
619 1977 786 2041 volumina.
832 1978 915 2058 Quid
936 1978 969 2040 in
990 1977 1050 2040 illis
1069 1977 1245 2053 indoctum,
1260 1977 1356 2039 immo
1375 1975 1451 2061 quid

402 2107 465 2149 non
489 2087 529 2149 de
555 2087 659 2150 media
683 2086 882 2171 philosophia
906 2089 976 2151 esti
1006 2086 1103 2150 Hune
1128 2087 1272 2151 imitatus
1298 2086 1452 2170 Origenes

401 2197 510 2260 decem
522 2196 648 2281 seripsit
661 2199 871 2275 stromateas,
882 2197 1138 2262 Christianorum
1149 2205 1182 2262 et
1194 2197 1453 2281 philosophorum

400 2306 485 2370 inter
503 2328 537 2369 se
557 2307 733 2370 sententias
755 2329 955 2392 comparans,
970 2315 1003 2371 et
1026 2307 1132 2371 omnia
1152 2315 1270 2371 nostrae
1291 2306 1453 2391 religionis

400 2416 553 2501 dogmata
577 2416 617 2479 do
641 2416 776 2480 Platone
799 2425 833 2480 et
857 2415 1044 2492 Aristotele,
1071 2416 1227 2480 Numenio
1248 2417 1452 2501 Cornutoque

400 2525 599 2589 eonfirmans.
645 2524 779 2609 Scripsit
797 2534 831 2588 et
853 2525 1020 2589 Miltiades
1040 2534 1152 2590 eontra
1170 2528 1290 2590 Gentes
1305 2527 1450 2590 volumen

399 2635 580 2719 egregium3
616 2634 814 2719 Hippolytus
843 2656 978 2719 quoque,
1007 2644 1040 2698 ot
1067 2634 1266 2718 Apollonius,
1294 2636 1450 2699 Romanae

401 2744 489 2807 urbis
513 2752 652 2821 senator,
677 2743 804 2829 propria
830 2743 981 2828 opuscula
1006 2742 1224 2805 condiderunt.
1269 2743 1395 2807 Extant
1418 2753 1452 2808 et

400 2852 486 2916 lolii
511 2853 662 2935 African-i
685 2851 768 2929 libri,
793 2854 846 2936 qui
874 2860 1053 2936 temporum
1082 2852 1206 2935 scripsit
1235 2853 1394 2928 historias,
1419 2861 1452 2916 et

400 2960 566 3025 Theodori
582 2962 636 3046 qui
658 2969 771 3045 postea
788 2961 951 3045 &reperi-rar
970 2959 1149 3043 appellatus
1169 2967 1229 3032 est,
1246 2959 1303 3020 viri
1322 2967 1450 3043 aposto-

399 3070 531 3133 licorum
547 3071 708 3155 signorum
728 3077 825 3154 atque
846 3069 1011 3145 virtutum,
1028 3078 1061 3132 et
1081 3069 1227 3150 Dionysii
1241 3067 1451 3132 Alexandrini

400 3181 560 3266 episeopi;
585 3182 730 3246 Anatolii
753 3204 879 3266 quoque
901 3181 1089 3244 Laodicena
1108 3179 1246 3243 eeelesiae
1266 3179 1450 3256 sacerdotis,

400 3313 521 3355 neenon
550 3293 808 3377 presbytororum
840 3291 1007 3376 Pamphili,
1041 3291 1157 3368 Pierii,
1189 3290 1333 3364 Lucani,
1364 3289 1452 3353 Mal-

399 3400 534 3474 chionis,-
560 3401 690 3465 Eusohii
710 3401 913 3466 Caesariensis
933 3400 1081 3486 episcopi,
1096 3401 1153 3465 &a
1169 3402 1226 3465 &a
1257 3401 1358 3486 Epor.
1375 3423 1450 3464 nxx.

400 3532 430 3593 p.
441 3515 515 3591 426.
533 3511 643 3575 tomi.
660 3510 736 3574 odit.
754 3510 964 3576 Vallarsianae
982 3512 1112 3595 Operam
1128 3512 1161 3574 S.
1173 3511 1301 3574 Hieron.
