3809 5650
397 686 461 746 420
579 687 595 713 ’·
773 676 1129 742 ANNOTATIONES

396 849 428 912 J.
449 847 490 911 D.
517 844 684 911 Michaelis
720 844 909 908 collocatam
941 843 1076 906 eandem
1112 865 1181 908 esse
1215 844 1248 907 in
1282 843 1402 909 nette
1444 845 1508 911 Vel.

398 947 588 1012 aemorum
620 945 705 1008 circa
737 965 789 1007 au.
824 950 916 1023 1462.
948 942 1034 1027 typis
1067 943 1239 1028 impressis.
1298 945 1434 1022 Verum,
1470 953 1510 1010 ut

396 1050 460 1112 duo
475 1045 670 1131 exemplaria
689 1044 814 1108 MSSta
835 1044 930 1127 hujus
949 1043 1093 1127 epistolae
1108 1045 1194 1129 apud
1213 1067 1273 1109 nos
1292 1045 1508 1122 Oxouieuses,

396 1149 453 1226 ita,
477 1148 509 1210 ni
535 1147 637 1222 fallor,
662 1153 730 1209 tres
754 1144 848 1209 alteri
872 1146 966 1208 modo
990 1144 1068 1209 dicti
1097 1144 1180 1223 libri,
1205 1148 1390 1230 opusculum
1419 1146 1509 1212 idem

397 1270 528 1334 prorsus
541 1247 593 1310 vix
608 1253 730 1310 tenent.

441 1350 479 1413 P.
491 1350 564 1433 39⁶·
580 1347 601 1410 l.
612 1368 644 1429 9.
665 1346 707 1409 ad
722 1345 867 1409 haeresim
885 1343 1076 1430 Marcionis]
1094 1349 1215 1425 Graece,
1232 1352 1307 1413 κατὰ
1324 1374 1378 1427 την
1388 1349 1510 1428 αἵρεσιν

397 1456 450 1514 τοῦ
472 1449 659 1530 Μαρκίωνος.
683 1447 759 1510 Vere.
778 1446 871 1510 Gloas
895 1447 1075 1525 secudum,
1090 1449 1143 1525 ad,
1160 1449 1292 1514 κατά.ι
1294 1449 1434 1513 ‘Altera
1454 1449 1509 1512 hie

398 1550 623 1636 ‘praetereass'
651 1548 756 1633 inquit
786 1548 1030 1625 Freindallerp
1033 1550 1248 1634 ‘subreptitia
1273 1572 1345 1614 oum
1373 1550 1509 1667 inscrip-

399 1660 418 1688 “
433 1652 531 1725 tione,
546 1650 589 1715 ad
605 1648 853 1726 Alexandrinos,
869 1650 1007 1713 occurrit
1028 1649 1121 1713 Pauli
1138 1650 1284 1734 epistola,
1298 1651 1338 1714 de
1358 1671 1422 1735 qua
1437 1651 1509 1734 qui-

396 1759 419 1791 “
434 1753 516 1829 dem,
533 1750 610 1835 quid
624 1750 865 1825 statuendum,
856 1773 916 1833 ipsi
907 1750 1115 1814 Muratorio
1134 1751 1334 1835 exploratum
1353 1772 1418 1814 nou
1433 1759 1508 1827 est;

398 1863 420 1893 “
438 1854 513 1938 quin
529 1875 586 1916 uec
600 1874 660 1937 ego
675 1852 811 1927 memini,
827 1852 867 1913 dc
882 1851 974 1914 simili
990 1851 1126 1934 epistola
1141 1873 1280 1935 uuquam
1292 1851 1412 1935 aliquid
1425 1852 1507 1916 mihi

397 1964 419 1993 “
434 1955 555 2019 venisse
570 1954 611 2016 ad
626 1974 749 2016 manua.
780 1952 926 2015 Litteras
940 1973 1037 2035 porro
1048 1952 1143 2016 hasce
1153 1961 1224 2015 tum
1237 1953 1280 2016 ad
1293 1952 1507 2030 Laodicenos,

398 2065 505 2121 “tum
532 2054 778 2129 Alexandrinos,
805 2053 1030 2116 confirmandae
1055 2052 1212 2116 haereseos
1238 2053 1508 2116 Marcionitarum

398 2167 420 2196 ‘⁶
436 2156 542 2242 gratia
562 2155 717 2218 conflatas
731 2154 828 2216 fuisse
852 2160 966 2217 auctor
980 2159 1090 2216 noster
1109 2161 1355 2227 commemorat3
1377 2174 1441 2238 quo
1456 2154 1505 2230 fit,

398 2266 420 2294 ‘⁶
435 2263 472 2319 ut
487 2255 601 2339 origini
615 2275 725 2318 earum
740 2263 829 2317 certa
843 2255 965 2339 epocha
980 2253 1034 2338 figi
1050 2252 1161 2337 possit.
1199 2254 1303 2334 Quid!
1324 2255 1409 2338 quod
1425 2254 1509 2339 Epi-

400 2364 420 2392 “
434 2354 544 2440 phanii
566 2375 691 2438 quoque
714 2354 931 2418 testimouium
953 2355 1039 2418 hisee
1061 2362 1223 2431 consonet,
1239 2355 1352 2419 haeresi
1370 2355 1436 2419 xlii.
1460 2355 1509 2418 di-

401 2462 420 2492 ⁸‘
436 2460 521 2517 serte
543 2453 710 2518 scribentis
716 2479 726 2531 ;
758 2455 956 2518 Marcionem
983 2455 1171 2519 roborandis
1194 2454 1259 2518 suis
1281 2454 1441 2519 erroribus
1462 2454 1507 2519 ab

401 2564 420 2593 “
437 2554 583 2638 Epistola
597 2556 639 2619 ad
651 2555 847 2619 Laodicenos
861 2555 1003 2619 subsidia
1013 2556 1205 2619 mutuasse.”

444 2656 528 2721 Ibid.
543 2657 564 2718 l.
579 2676 630 2719 10.
652 2656 749 2741 recipi
769 2678 832 2719 non
853 2656 972 2740 potest]
996 2657 1052 2718 Ad
1066 2657 1198 2720 formam
1214 2657 1319 2721 Graeci
1341 2656 1508 2734 sermonis,

400 2756 695 2838 παραλαμβάνεσθαι
709 2757 744 2820 οὔ
759 2758 886 2820 δυνατόν
901 2759 975 2820 ἔστι.
1015 2756 1079 2821 Sed
1092 2765 1220 2843 peterent
1232 2780 1291 2843 pro
1304 2767 1402 2844 polest
1415 2778 1508 2843 repo-

401 2880 476 2921 nere
490 2858 559 2921 vult
574 2857 780 2922 Freiudaller.

446 2959 527 3022 Ibid.
543 2960 564 3022 l.
580 2979 630 3021 11.
648 2959 706 3022 Fel
720 2960 805 3022 enim
820 2980 891 3022 cum
906 2960 997 3023 melle
1012 2960 1135 3024 misceri
1151 2983 1214 3024 nou
1224 2959 1384 3045 congruit]
1405 2958 1508 3023 Simili

401 3083 477 3125 usus
486 3068 536 3124 cst
547 3060 736 3144 metaphora
747 3058 913 3124 SENIOR
922 3061 974 3124 ille
985 3062 1070 3144 apud
1080 3062 1233 3125 Ireeaeum
1245 3083 1317 3145 pag.
1326 3063 1379 3140 48.
1392 3061 1507 3125 harum

402 3163 575 3246 Reliquiae.
620 3163 662 3224 Ιιι
677 3161 738 3224 Dei
753 3161 828 3225 lacte
839 3183 967 3246 cyprum
986 3162 1063 3225 escle
1076 3164 1224 3227 miscetur.
1269 3164 1379 3227 Verba
1397 3169 1508 3227 autem

403 3263 528 3346 aptiora
559 3284 642 3325 nuno
675 3261 766 3324 video
796 3262 981 3346 apposuisse
1011 3263 1170 3327 Simonem
1200 3264 1239 3327 de
1271 3263 1442 3347 Magistris
1467 3285 1508 3327 ex

404 3362 535 3426 Hermae
551 3364 675 3425 Pastore
693 3363 873 3447 desumpta,
895 3362 971 3426 Ἐὰν
985 3366 1043 3443 γὰρ
1060 3366 1168 3444 λαβὼν
1184 3367 1327 3446 &picotus
1339 3364 1445 3445 μικρὸν
1465 3366 1508 3431 εἰς

405 3463 544 3543 κεράμιον
558 3462 678 3540 μέλιτος
693 3464 829 3547 ἐπιχέῃς,
843 3465 911 3545 αιἰχὶ
926 3466 1001 3527 ὅλον
1015 3464 1049 3527 τὸ
1063 3465 1134 3542 μέλι
1149 3467 1322 3546 ἀφανίζεται
1330 3489 1341 3542 3
1362 3465 1394 3529 ii.
1405 3487 1435 3528 v.
1451 3484 1478 3527 1.

450 3562 534 3624 Ibid.
548 3561 569 3625 l.
585 3580 634 3623 12.
651 3568 684 3624 et
699 3563 902 3646 superscripti
918 3564 1077 3628 Johannis
1091 3566 1186 3649 duas]
1210 3565 1246 3628 L.
1262 3564 1344 3643 ὠιιαι,
1359 3571 1509 3647 utsupra

403 3663 457 3726 lin.
473 3680 504 3744 5.
536 3661 711 3739 Stoschius‚
734 3663 783 3725 De
806 3665 928 3727 Cceoae
949 3664 1037 3728 hiet.
1052 3668 1098 3731 N.
1116 3667 1151 3730 Τ.
1169 3666 1265 3747 §.liii
1288 3666 1356 3729 haec
1378 3666 1508 3729 scribit:

404 3772 426 3802 “
441 3765 599 3826 Autorem
621 3763 715 3846 hujus
736 3763 905 3848 fragmenti
928 3766 970 3829 ad
985 3765 1098 3830 ultima
1120 3766 1215 3830 seculi
1230 3790 1263 3830 ιι.
1279 3766 1327 3830 vel
1346 3766 1439 3830 initia
1460 3787 1508 3830 sc-

405 3872 425 3904 “
441 3864 502 3932 culi
518 3888 563 3927 ιιι.
579 3864 778 3928 referendum
793 3887 872 3941 csso,
887 3887 927 3927 ex
947 3887 985 3929 eo
1006 3866 1130 3951 colligo,
1147 3869 1231 3952 quod
1242 3855 1337 3932 lraud
1357 3888 1460 3951 pauca
1474 3866 1509 3930 in

407 3975 427 4005 “
442 3989 480 4030 eo
504 3968 544 4030 de
566 3966 655 4029 libris
677 3965 762 4029 Novi
785 3967 983 4031 Testamenti
1009 3976 1188 4043 occurrant,
1211 3990 1281 4053 quae
1309 3967 1510 4052 opinionibus

407 4073 427 4104 ‘⁴
444 4067 642 4150 quorundam
654 4067 906 4131 Christianorum
922 4067 1004 4131 illius
1012 4068 1120 4133 aetatis
1134 4069 1226 4153 plane
1238 4069 1412 4133 conformia
1422 4074 1510 4134 sunt.

407 4175 427 4206 “
445 4166 571 4230 Scilicet
590 4186 616 4229 ι.
647 4167 851 4231 Omittuntur
864 4168 897 4230 in
911 4167 1008 4232 hocce
1024 4170 1175 4233 librorum
1187 4170 1357 4234 Sacrorum
1368 4168 1509 4245 canone,

407 4268 581 4353 “epistola
598 4268 641 4331 ad
662 4267 829 4344 Hebraeos,
842 4268 978 4352 epistola
995 4269 1020 4332 J
1021 4270 1124 4347 acobi,
1145 4277 1179 4334 et
1195 4270 1220 4333 J
1221 4269 1355 4334 ohannis
1371 4266 1510 4353 apostoli

409 4376 430 4407 ‘⁸
445 4391 509 4431 non
538 4369 598 4432 nisi
627 4369 698 4432 dum
721 4376 1020 4433 commemorantur.
1062 4369 1140 4433 Jam
1163 4392 1238 4435 vero
1260 4359 1439 4453 utramque,
1465 4369 1510 4432 ad

407 4475 429 4505 ‘⁶
444 4467 601 4532 chraeos
616 4477 649 4532 et
663 4469 687 4530 J
687 4469 778 4533 acobi
793 4469 972 4553 epistolam,
987 4468 1062 4553 quin
1077 4469 1174 4533 etiam
1190 4470 1320 4533 tertiam
1337 4470 1359 4530 J
1363 4466 1508 4543 ohannis,

408 4575 428 4604 “
444 4588 552 4630 versus
566 4570 661 4632 seculi
681 4570 809 4634 secundi
828 4570 933 4646 finem,
948 4592 969 4633 a
984 4564 1172 4654 quibusdam
1186 4571 1219 4633 in
1241 4591 1361 4634 canone
1380 4590 1443 4631 non
1459 4589 1509 4631 re·

408 4671 430 4705 “
446 4666 529 4730 latas
543 4668 647 4745 luisse,
663 4669 843 4751 clanssimis
863 4670 1053 4735 testimoniis
1072 4678 1209 4736 constat.
1255 4670 1347 4750 Quod
1367 4667 1451 4733 euim
1464 4667 1509 4730 ad
