3809 5650
464 667 530 734 276
836 665 1189 730 ANNOTATIONES

511 835 594 899 lbid.
610 836 731 916 καὶγὰρ
751 838 800 898 καὶ
818 837 908 898 πόλιν
928 836 1060 917 ἔκτισεν]
1084 836 1248 898 Posterius
1270 835 1318 897 καὶ
1334 836 1424 899 deest
1445 836 1479 897 ln
1501 835 1564 899 cod.

467 937 605 1020 Norsolc.
627 937 681 999 nbi
696 935 844 999 scribitur
868 938 994 1001 ἐκτίσας.
1041 936 1134 999 Nunc
1157 935 1248 999 addit
1269 936 1433 1001 Burtonus
1455 937 1567 999 codices

467 1040 653 1103 omittentes
667 1040 742 1123 Ray.
757 1039 863 1100 Paris.
879 1037 900 1099 i.
916 1044 950 1100 et
963 1036 1164 1101 Florentiam.

514 1139 594 1201 Ibid.
610 1139 631 1202 l.
644 1160 675 1217 4.
692 1141 740 1201 καὶ
762 1137 926 1222 προφήτας]
943 1137 1158 1223 Hieronymus
1180 1138 1213 1201 in
1235 1137 1382 1222 catalogo
1401 1138 1508 1214 vertit,
1524 1139 1566 1201 ci·

468 1242 644 1324 adstantque
657 1261 693 1302 aa
705 1239 768 1323 cJ'ua
781 1240 897 1302 nemine
910 1239 1056 1317 condidit,
1070 1240 1268 1324 adpropians
1281 1241 1388 1303 statuit
1402 1241 1437 1302 ιἰι
1452 1241 1567 1325 inopi).

469 1340 604 1404 Rufinus
626 1363 701 1404 vero
726 1341 830 1405 adhue
854 1341 964 1404 fusius.
1010 1343 1096 1406 Nom
1121 1351 1148 1405 et
1172 1342 1323 1405 modulam
1346 1342 1483 1405 condidit
1505 1343 1568 1424 ορ-ἰιι

468 1443 585 1509 nom-im
603 1442 780 1515 Antinoum,
796 1450 823 1503 et
844 1442 984 1525 terminon
1006 1443 1034 1504 ei
1054 1451 1081 1505 at
1102 1443 1262 1506 suendum
1285 1443 1416 1505 irmtituit
1439 1465 1476 1504 cc
1493 1464 1567 1525 pro·

464 1543 580 1629 platus.
626 1543 710 1606 Sane
735 1543 768 1606 in
793 1544 913 1607 Groecis
928 1544 1105 1628 Hegesippi
1120 1545 1225 1608 verbis
1248 1544 1367 1628 aliquid
1390 1545 1568 1608 necessario

470 1643 678 1725 supplendum
694 1650 751 1706 est.
791 1644 874 1707 Nam
889 1646 988 1708 ἔκτισε
1003 1645 1166 1727 προφήτας,
1180 1647 1290 1711 Graeoo
1305 1646 1357 1708 vix
1372 1646 1433 1709 dici
1449 1652 1566 1728 potest.

471 1741 536 1805 Sed
559 1744 737 1808 meminisse
761 1746 920 1822 debemus,
937 1745 1154 1831 Hegesippum
1179 1747 1313 1831 simplici
1336 1747 1507 1811 admodum
1530 1767 1568 1808 ac

471 1844 593 1927 plebeio
623 1868 766 1909 sermone
792 1846 938 1920 seribere,
965 1853 1002 1910 ut
1027 1847 1078 1909 hie
1107 1847 1205 1911 etiam
1235 1854 1374 1911 testatur
1400 1845 1567 1909 Eusebius.

472 1944 589 2030 ltaque
619 1948 735 2010 Graeca
763 1948 831 2030 ejus
856 1948 954 2010 verba
982 1947 1246 2030 interpretatione
1276 1947 1458 2031 adjuvanda
1483 1952 1566 2009 sunt.

473 2044 610 2112 Frustra
623 2049 721 2132 igitur
736 2048 909 2112 Salmasius
924 2047 1093 2111 emendare
1107 2068 1275 2130 aggressus
1296 2054 1345 2111 est
1365 2047 1398 2109 in
1420 2047 1504 2110 notis
1526 2047 1568 2109 ad

472 2147 638 2212 historiam
658 2151 840 2233 Augustam
861 2170 935 2233 pag.
951 2168 1005 2226 41.
1051 2147 1118 2210 Ubi
1140 2147 1237 2211 etiam
1261 2148 1389 2232 quinam
1411 2147 1461 2210 hic
1484 2148 1566 2211 dice·

471 2255 583 2312 rentur
607 2249 773 2332 prophetas
798 2269 861 2311 non
883 2247 1050 2311 intellexit.
1101 2246 1270 2310 Sciendum
1293 2254 1342 2310 est
1364 2247 1462 2332 igitur
1483 2248 1569 2332 opud

471 2347 647 2433 AEgyptios
669 2371 825 2412 summum
847 2349 1046 2413 sacerdotem
1068 2348 1121 2432 qui
1143 2347 1271 2431 reliquis
1293 2348 1512 2412 sacerdotibus
1536 2359 1569 2411 et

471 2449 674 2536 pastophoris
698 2456 860 2534 praeesset,
883 2457 917 2513 et
939 2450 993 2534 qui
1015 2448 1205 2534 templorum
1228 2448 1350 2512 reditus
1371 2449 1486 2513 ceteris
1508 2450 1571 2512 dis-

472 2550 641 2628 tribueret,
657 2551 777 2615 dictum
798 2573 867 2615 esse
889 2551 1089 2635 prophetam.
1135 2550 1262 2614 Primus
1287 2549 1371 2613 enim
1394 2550 1427 2612 in
1450 2551 1570 2634 templo

472 2652 665 2738 procedebat
685 2659 806 2730 cantor,
830 2653 943 2716 deinde
966 2652 1167 2736 horoscopus,
1190 2658 1260 2718 tum
1284 2651 1389 2714 scriba
1414 2672 1470 2713 seu
1497 2653 1571 2731 tepo-

473 2754 669 2835 γραμματεὺς,
685 2761 797 2838 postea
811 2753 945 2819 vestitor
959 2776 1015 2817 sen
1030 2752 1200 2832 οτολιστής.
1244 2752 1367 2816 Deinde
1385 2752 1572 2815 novissimus

473 2856 641 2920 incedebat
655 2857 812 2940 propheta
827 2856 972 2940 hydriam
987 2855 1021 2918 in
1035 2855 1106 2918 sinu
1115 2862 1255 2939 gestans,
1267 2861 1305 2921 ut
1319 2855 1413 2918 docet
1428 2854 1572 2918 Clemens

478 2957 713 3028 Alexandrinus
727 2958 760 3020 in
772 2957 829 3021 lib.
845 2957 885 3021 vi.
900 2978 972 3041 pag.
991 2958 1063 3041 269.
1108 2955 1305 3040 Epiphanius
1318 2956 1352 3019 in
1362 2956 1443 3019 libro
1457 2955 1500 3019 iii.
1517 2956 1573 3018 ad-

474 3080 582 3123 versus
608 3058 754 3133 haereses,
778 3060 859 3139 πορῖι
880 3061 912 3121 δὲ
935 3059 1107 3139 Αἰγυπτίοις
1130 3063 1278 3139 προφῆται
1300 3060 1486 3140 καλούμενοι,
1513 3063 1573 3121 τῶν

475 3160 590 3230 ἀδύτων
603 3184 636 3222 τε
649 3160 697 3222 καὶ
713 3161 799 3239 ἱερῶν
810 3161 945 3241 ἂρχηγοί.
983 3158 1179 3222 Eorumdem
1192 3158 1421 3243 prophetarum
1429 3158 1572 3224 meminit

476 3260 692 3323 Philostratus
714 3260 747 3322 in
767 3259 849 3322 libro
869 3260 896 3321 Ι.
918 3261 958 3324 de
978 3260 1043 3323 vita
1058 3259 1221 3344 Apollonii
1243 3281 1311 3343 cap.
1327 3259 1348 3323 i.
1365 3267 1398 3323 et
1413 3259 1573 3343 Diogenes

476 3359 623 3424 Laertius
637 3360 670 3423 in
684 3361 838 3444 prooemio
852 3360 957 3443 operis
971 3360 1029 3424 sui.
1075 3360 1267 3424 Themistius
1281 3359 1314 3422 in
1331 3359 1476 3423 oratione
1493 3378 1522 3423 2.
1538 3367 1572 3424 et

476 3459 634 3523 Firmieus
649 3460 681 3524 in
695 3459 783 3524 libris
798 3459 986 3524 Methoseos
1000 3482 1064 3523 non
1079 3461 1183 3524 semel.
1228 3460 1371 3525 Clemens
1390 3460 1525 3548 deniquo
1539 3460 1572 3522 in

474 3561 557 3624 libro
572 3560 599 3625 Ι.
617 3560 881 3646 Recognitionnm
895 3561 982 3624 haud
996 3562 1105 3652 procul
1119 3563 1161 3625 ab
1181 3561 1281 3626 initio.
1325 3564 1509 3648 ΛΕρρριιιοι,
1523 3562 1571 3625 in-

476 3670 556 3757 quit,
565 3679 680 3754 petam,
695 3679 782 3754 etqua
796 3667 841 3733 iti
854 3670 894 3733 H
891 3668 1074 3754 inopinatis
1087 3669 1133 3733 nel
1140 3669 1294 3754 prophetis
1307 3670 1361 3753 qni
1379 3669 1480 3751 adytis
1488 3690 1574 3753 prae-

475 3777 685 3853 anatomicos
705 3778 841 3861 efficiam
866 3779 1033 3866 apamenis
1054 3779 1216 3842 intimum
1234 3798 1354 3862 magum
1368 3776 1527 3868 precator,
1541 3786 1576 3839 ut

476 3880 584 3944 educat
598 3879 674 3946 miti
693 3880 830 3943 oninium
847 3879 884 3943 da
904 3880 1047 3963 infernis.
1093 3877 1239 3942 Fuerunt
1261 3877 1359 3941 etiam
1383 3877 1461 3940 Idaei
1482 3877 1506 3939 J
1508 3877 1575 3940 ovis

478 3981 642 4066 propheta
665 3980 698 4044 in
722 3983 832 4057 Creta,
845 3982 885 4045 de
900 3982 1013 4065 quibus
1029 3980 1225 4064 Porphyrius
1244 3979 1277 4042 in
1296 3979 1377 4042 libro
1399 3979 1442 4042 iii.
1457 3979 1497 4042 de
1518 3978 1574 4041 ab

478 4082 639 4148 atinentia.
678 4083 780 4145 Porro
794 4083 834 4145 de
849 4080 1014 4165 prophetis
1029 4079 1164 4144 Antinoi
1178 4081 1220 4144 ab
1236 4079 1403 4143 Hadriano
1417 4078 1575 4143 institutis

477 4185 598 4249 mentio
613 4190 662 4247 est
681 4183 714 4246 in
726 4182 826 4247 veteri
845 4182 1048 4267 inscriptione
1068 4182 1182 4246 uraca
1204 4202 1299 4267 quam
1321 4179 1435 4244 citavit
1456 4180 1575 4245 Gasan-

478 4286 580 4350 bonus
602 4286 635 4349 in
655 4285 740 4349 notis
761 4286 804 4350 ad
826 4283 1043 4369 Spartianum.
1088 4283 1183 4347 Adde
1208 4282 1259 4345 hie
1281 4289 1419 4346 veterem
1445 4282 1576 4367 inserip-

478 4387 600 4452 tionem
621 4409 716 4472 quam
738 4387 835 4451 refert
858 4387 1018 4450 Gruterus
1040 4407 1113 4475 pag.
1130 4404 1204 4469 3¹4·
1226 4384 1280 4447 ubi
1302 4383 1421 4447 Embes
1447 4384 1575 4468 quidam

481 4490 655 4573 AEgyptius
668 4488 821 4567 προφήτης
835 4487 960 4557 dicitur,
976 4488 1010 4551 id
1024 4495 1074 4551 est
1088 4486 1235 4551 sacerdos
1254 4484 1424 4570 Serapidis.
1469 4486 1576 4566 Quare

480 4608 544 4651 non
565 4589 679 4651 mirum
704 4596 754 4654 est
779 4589 806 4653 si
829 4591 992 4653 Antinous
1016 4592 1058 4655 ab
1083 4589 1250 4653 Hadriano
1276 4595 1479 4653 consecratus
1504 4610 1575 4672 pro-

480 4688 593 4779 phetas
614 4688 739 4765 habuit,
753 4691 868 4774 quippe
889 4712 961 4760 cum
982 4693 1024 4757 ab
1039 4690 1206 4777 AEgyptiis
1227 4691 1385 4782 principue
1406 4691 1573 4758 coleretur.
