3809 5650
482 671 546 736 456
865 671 1216 740 ANNOTATIONES

482 844 571 927 cujus
593 842 815 926 interpretatio
837 843 884 907 ita
905 865 939 906 se
962 842 1069 920 habet,
1085 842 1124 907 cd
1146 846 1226 908 cami
1242 845 1445 927 fratmritatc
1459 866 1535 930 qaae
1559 848 1600 911 in

481 947 617 1008 ccccmo
636 943 747 1006 accam
762 953 813 1007 cst.
851 944 931 1008 (lum
945 945 1080 1009 lectione
1097 945 1269 1010 Valcsiana
1283 947 1461 1011 consentire
1477 968 1598 1013 omnes

484 1047 580 1110 MSS.
595 1052 712 1130 praeter
726 1046 857 1129 Raptam
872 1054 905 1110 et
920 1047 1079 1111 Pariaiaos
1092 1069 1175 1112 nunc
1190 1047 1331 1111 ostendit
1347 1048 1522 1113 Burtonns.

525 1150 563 1212 P.
574 1166 648 1233 451.
663 1148 684 1211 l.
701 1169 749 1210 11.
759 1148 930 1231 γράμματα]
945 1150 1098 1212 Fortasse
1112 1150 1227 1233 scripta
1242 1149 1453 1234 potiusquam
1465 1151 1593 1216 litteras

482 1249 677 1314 vertendum.
734 1249 806 1313 Vid.
836 1271 933 1333 supra
962 1256 1029 1314 not.
1056 1251 1099 1314 ad
1131 1251 1339 1314 Arcnnmsnu
1374 1250 1588 1336 Fragmenta,

484 1374 516 1436 p.
532 1367 604 1432 172.

526 1451 610 1516 lbid.
626 1452 647 1513 l.
662 1469 712 1529 14.
736 1454 929 1538 ὑπισημῇνατο]
944 1455 1184 1533 monteamiato
1199 1454 1274 1540 (sic)
1291 1456 1368 1521 MS.
1389 1454 1530 1538 Narycia.
1552 1455 1588 1519 in

483 1576 546 1638 quo
568 1554 675 1618 codice
696 1574 772 1616 mox
795 1553 904 1618 ταύτὸν
930 1574 989 1638 pro
1015 1558 1129 1618 τοῦτον·
1150 1558 1408 1635 ὑποσεσημείωται
1429 1556 1586 1641 Stephani

481 1655 649 1719 lectionem
678 1653 820 1739 pluribus
842 1655 1003 1718 codicibus
1024 1654 1186 1720 firmatam
1210 1678 1294 1720 nunc
1316 1657 1477 1722 revocavit
1501 1659 1585 1721 Bur·

482 1767 586 1837 tonus,
602 1760 658 1824 sed
673 1780 744 1822 cum
762 1758 883 1823 Valesii
900 1759 1006 1824 MStis
1019 1760 1097 1825 lacit
1112 1761 1323 1847 Nicephorus.

524 1861 607 1927 Ibid.
623 1861 645 1925 l.
657 1863 704 1924 16.
726 1859 785 1923 ἀπὸ
806 1866 964 1938 Δεβελτοῦ
986 1864 1157 1929 Κολωνείας
1177 1868 1227 1942 τῆς
1247 1862 1384 1950 Θρᾴκης]
1413 1864 1465 1929 Sic
1484 1887 1585 1951 supra

481 1963 696 2028 innominatus
716 1969 830 2026 auctor
848 1962 888 2026 da
908 1963 1022 2027 Zotico
1041 1964 1188 2050 episcopo
1203 1965 1285 2031 dixit
1299 1966 1359 2029 ἀπὸ
1381 1965 1528 2045 Κομάνης.
1549 1975 1584 2032 et

483 2066 668 2149 Polycrates
682 2064 715 2127 in
729 2063 864 2148 epistola
877 2064 920 2127 ad
939 2063 1102 2128 Victorem
1117 2067 1240 2149 Papam
1256 2064 1400 2145 Θρασέας
1414 2066 1473 2129 ἀπὸ
1486 2067 1584 2145 Εὐμε-

483 2168 572 2232 retas.
616 2165 726 2228 Multa
743 2165 924 2249 hujusmodi
943 2167 1045 2229 ἐθυικὰ
1064 2166 1239 2230 efferuntur
1252 2187 1325 2229 cum
1344 2166 1582 2250 praepositione,

482 2274 519 2330 ut
545 2266 670 2330 notavit
697 2266 876 2350 Stephanus
902 2266 935 2329 in
964 2265 1045 2329 libro
1069 2266 1110 2330 de
1138 2267 1279 2330 urbibus.
1324 2266 1498 2331 Debeltum
1526 2289 1583 2332 seu

482 2367 651 2432 Develtum
665 2367 788 2431 colonia
811 2367 843 2429 in
866 2367 1003 2431 Thracia
1025 2375 1221 2432 memoratur
1239 2389 1260 2431 a
1273 2368 1473 2452 geographis,
1495 2375 1530 2432 et
1548 2369 1583 2432 in

482 2471 619 2533 nummis
633 2468 792 2533 veteribus
807 2490 886 2553 quos
900 2470 1001 2533 edidit
1019 2469 1042 2532 J
1044 2491 1163 2534 oannes
1183 2470 1359 2534 Tristanus.
1404 2469 1583 2534 Anchialus

482 2593 608 2656 quoque
622 2593 692 2655 quae
716 2578 829 2656 postea
849 2571 1041 2649 nominatur,
1056 2572 1133 2635 urbs
1150 2579 1201 2635 est
1225 2570 1375 2635 Thraciae
1395 2571 1474 2635 satis
1493 2578 1582 2636 nota.

483 2673 546 2738 Sed
560 2694 623 2736 non
638 2673 706 2736 sine
720 2694 817 2737 causa
831 2672 940 2735 mirari
955 2672 1051 2750 subit,
1063 2694 1120 2736 cur
1133 2672 1165 2735 in
1181 2673 1241 2736 hac
1253 2672 1386 2756 epistole
1399 2672 1584 2757 Serapionis

482 2775 675 2841 Antiocheni
689 2775 837 2861 episcopi,
854 2773 1101 2858 subscriptiones
1116 2773 1333 2858 cpiscoporum
1354 2773 1499 2839 Thraciae
1514 2773 1583 2839 luc·

481 2879 547 2942 rint
569 2878 713 2961 adjecta.
760 2876 917 2960 Equidem
942 2876 971 2938 si
995 2877 1184 2960 conjecturas
1207 2875 1372 2960 indulgere
1396 2876 1480 2953 licet,
1501 2876 1584 2940 exis·
1677 2953 1681 2959 Δ

481 2981 560 3044 timo
575 2979 737 3062 episcopos
753 2977 895 3041 Thraciae
910 2976 1077 3061 epistolam
1092 2977 1253 3061 scripsisse
1268 2978 1311 3042 ad
1325 2977 1474 3041 ccclesias
1489 2977 1584 3041 Asiae

481 3087 515 3145 et
544 3080 693 3165 Phrygiae
721 3080 872 3143 adversus
900 3079 1100 3163 prophetiam
1132 3078 1293 3142 Montani.
1336 3078 1460 3142 Eodem
1486 3078 1583 3162 plane

480 3184 585 3259 modo,
616 3204 679 3266 quo
704 3181 881 3265 presbyteri
909 3180 1100 3244 Viennensis
1128 3202 1167 3244 ac
1194 3180 1415 3265 Lugdunensis
1441 3180 1582 3244 ecclesiae

481 3305 576 3368 super
597 3283 708 3347 codem
723 3282 852 3366 negotio
866 3282 907 3345 ad
923 3281 993 3344 illas
1008 3280 1210 3365 scripserant,
1227 3281 1420 3345 sententiam
1433 3300 1526 3343 snam
1540 3281 1583 3344 de

481 3407 563 3448 nova
590 3383 644 3446 illa
667 3382 834 3466 prophetia
859 3389 1065 3466 exponentes,
1087 3396 1124 3445 ut
1149 3403 1247 3466 supra
1272 3381 1384 3445 retulit
1411 3380 1581 3445 Eusebius.

481 3485 575 3549 Certo
594 3484 653 3545 has
668 3483 913 3566 subscriptiones
929 3483 973 3546 ad
988 3482 1104 3546 calcem
1119 3482 1252 3567 alicujus
1274 3481 1417 3566 epistolae
1436 3481 1583 3564 adjectas

480 3586 575 3648 fuisse
590 3584 684 3646 docet
698 3582 747 3646 vel
760 3584 829 3646 haec
844 3605 907 3646 una
925 3583 1050 3647 Aurelii
1069 3583 1195 3668 Oyrcnii
1214 3583 1416 3667 subscriptio,
1432 3582 1583 3647 Aureliae

482 3686 631 3770 Cyretias
644 3693 772 3766 martyr,
788 3693 854 3767 mato
868 3705 917 3746 cos
931 3682 1000 3747 dccc
1013 3684 1123 3747 calere.
1167 3686 1269 3747 Porro
1283 3684 1381 3768 ipsius
1398 3683 1582 3767 Serapionis

480 3787 623 3873 epistolae
650 3785 811 3870 episcopos
833 3784 904 3847 illos
929 3784 1160 3869 subscripsisse,
1187 3805 1387 3869 nequaquam
1412 3784 1581 3848 verisimile

479 3898 539 3954 ast.
584 3889 693 3951 Primo
708 3888 783 3972 quia
797 3887 955 3960 Eusebius
969 3886 1002 3949 id
1017 3909 1081 3950 nou
1095 3887 1185 3962 dicit,
1200 3886 1256 3949 sed
1275 3893 1403 3950 tantum
1420 3886 1581 3972 subscrip-

479 3992 582 4056 tiones
597 3990 733 4075 plurium
754 3990 972 4075 cpiscoporum
994 3989 1027 4050 iu
1049 3988 1104 4052 illa
1123 3987 1304 4072 Serapionis
1324 3987 1460 4071 epistola
1478 3988 1581 4052 conti·

478 4094 556 4170 neri,
572 4093 653 4156 sicut
669 4091 862 4175 Apollinaris
877 4090 1113 4175 Hierapolitani
1128 4089 1263 4173 epistola
1277 4090 1379 4153 eidem
1397 4089 1581 4174 Serapionis

479 4194 621 4280 epistolae
636 4193 781 4276 subjecta
795 4192 910 4256 luerat.
955 4194 1028 4256 Hoc
1042 4192 1126 4256 enim
1141 4191 1285 4255 consulto
1298 4191 1419 4255 fecerat
1434 4190 1579 4274 Serapio,

479 4304 515 4361 ut
530 4297 666 4381 plurium
687 4294 905 4379 episcoporum
927 4294 1120 4358 auctoritate
1142 4293 1291 4356 Montani
1312 4299 1432 4356 sectam
1452 4292 1579 4355 convin-

479 4404 574 4461 ceret.
620 4397 783 4459 Praeterea
797 4417 861 4478 qua
874 4395 999 4458 ratione
1013 4395 1080 4458 fieri
1096 4402 1213 4480 posset,
1229 4400 1267 4457 ut
1282 4394 1420 4478 episcopi
1432 4392 1578 4456 Thraciae

478 4497 713 4561 subscriberent
734 4497 835 4561 literis
856 4497 994 4581 episcopi
1019 4496 1232 4561 Antiochenil
1258 4494 1449 4559 Credibilius
1468 4494 1578 4577 itaque

479 4603 530 4660 est
543 4596 576 4658 id
589 4598 674 4680 quod
694 4596 771 4675 dixi,
785 4597 947 4684 episcopos
967 4598 1086 4682 scilicet
1107 4597 1251 4662 Thraciae
1269 4595 1427 4659 communi
1449 4593 1578 4658 nomine

479 4697 640 4780 scripsisse
654 4698 696 4760 aa
711 4697 858 4763 ecelesias
878 4700 966 4763 Asis
981 4677 1015 4764 ei
1036 4700 1192 4784 Phryne.
1237 4698 1331 4775 cusu
1348 4704 1458 4761 auam
1477 4695 1579 4759 aare
