3809 5650
641 700 688 762 lN
713 698 978 762 ARISTONEM
1004 699 1254 764 PELLAEUM.
1433 705 1496 768 103

398 872 722 951 ἐξανδραποδιζόμενος.
760 871 935 949 ἐστρατήγει
962 872 994 932 δέ
1019 869 1170 933 Ἰουδαίων
1196 877 1353 948 τηνικαῦτα
1378 880 1498 957 Βαρχω-

398 976 493 1054 χεβάς
508 974 613 1048 ὄνομα,
631 971 648 1032 δ
663 970 698 1046 δὴ
713 971 826 1048 ἀστέρα
841 974 936 1048 δηλοῖ·
961 973 998 1032 τά
1011 971 1068 1048 μέν
1082 970 1164 1034 ἀλλα
1178 972 1303 1049 φονικὸς
1318 973 1366 1036 καὶ
1377 981 1499 1054 λῃστρι-

398 1076 448 1139 κός
461 1098 505 1138 τις
520 1073 606 1151 ἀνήρ·
632 1072 681 1133 ἐπὶ
701 1075 783 1156 δέτῇ
804 1072 988 1155 προσηγορία
1004 1072 1052 1133 ola
1076 1071 1120 1135 ἐπ’
1137 1073 1341 1152 ἀνδραπόδων,
1356 1076 1395 1141 ὡς
1416 1075 1451 1153 δὴ
1467 1077 1498 1153 ἐξ

398 1176 525 1254 ούρανοῦ
547 1173 670 1253 φωστὴρ
694 1174 794 1237 αὐτοῖς
817 1173 1033 1248 κατεληλυθὼς,
1061 1172 1251 1251 κακουμένοις
1272 1200 1303 1239 τε
1329 1175 1500 1257 ἐπιλάμψαι

398 1274 636 1354 τερατευόμενος.
659 1271 867 1349 Ἀκμάσαντας
881 1274 913 1334 δέ
929 1278 981 1334 τοῦ
996 1272 1129 1352 πολέμου
1150 1274 1234 1339 ἔτους
1253 1273 1501 1337 ὀκτωκαιδεκάτου

398 1378 449 1454 τῆς
462 1375 620 1454 ἡγεμονίας
633 1372 791 1452 Ἀδριανοῦ
813 1376 888 1436 κατά
907 1375 1039 1453 Βίθθηρα
1053 1376 1152 1447 πόλιν,
1169 1374 1189 1451 ἥ
1210 1399 1252 1440 τις
1266 1374 1304 1453 ἦν
1318 1375 1500 1457 ὀχυρωτάτη,

399 1482 458 1540 τῦν
471 1475 690 1555 Ἱεροσολύμων
711 1475 746 1536 ού
768 1475 888 1553 σφόδρα
902 1477 1001 1555 πόρρω
1023 1480 1180 1538 διεστῶσα·
1203 1479 1254 1553 τῆς
1271 1501 1305 1539 τε
1326 1477 1435 1553 ἔξωθεν
1450 1501 1502 1539 πα-

398 1580 531 1658 λιορκίας
544 1579 667 1658 χρονίου
688 1575 859 1657 γενομένης·
882 1579 959 1660 λιμῷ
979 1602 1012 1639 τε
1033 1578 1080 1640 καὶ
1100 1579 1184 1658 δίψει
1203 1582 1261 1639 τῶν
1283 1583 1502 1657 νεωτεροποιῶν

400 1681 442 1746 είς
457 1680 588 1760 ἔσχατον
608 1676 735 1757 ὀλέθρου
756 1676 1006 1756 περιελαθέντων·
1032 1679 1079 1741 καὶ
1100 1683 1153 1742 τοῦ
1170 1682 1222 1757 τῆς
1240 1681 1382 1744 ἀπουσίας
1404 1680 1503 1746 αὐτοῖς

400 1781 494 1844 αίτίου
508 1779 563 1857 τὴν
578 1776 666 1855 ἀξίαν
682 1778 853 1844 ἐκτίσαντας
872 1780 965 1856 δίκην,
981 1785 1037 1843 ΤΟ
1054 1785 1143 1844 ΠΑΝ
1158 1781 1243 1848 ἔθνος
1264 1783 1295 1858 ἐξ
1318 1781 1432 1844 ἐκείνου
1454 1782 1502 1843 καὶ

400 1885 450 1959 τῆς
470 1882 538 1960 περὶ
560 1882 598 1942 τά
611 1877 809 1958 Ἱεροσόλυμα
830 1883 886 1960 γῆς
906 1879 1031 1959 πάμπαν
1053 1883 1222 1961 ἐπιβαίνειν
1245 1886 1384 1964 εἴργεται·
1410 1883 1502 1960 νόμου

401 1983 524 2062 δόγματι
539 1980 587 2044 καὶ
605 1977 775 2056 διατόξεσιν
788 1978 956 2060 Ἀδριανοῦ,
973 1982 1013 2049 ὥς
1027 1980 1065 2045 ὀν
1079 1983 1145 2062 μηδ’
1161 1986 1192 2061 ἐξ
1208 1985 1341 2048 ἀπόπτου
1361 1987 1501 2062 θεωραῖεν

401 2083 434 2144 τὸ
448 2086 585 2161 πατρῶαν
601 2081 721 2161 ἔδαφος,
738 2081 1007 2161 ἐγκελευσαμένου·
1022 2082 1171 2164 Ἀρίστων
1186 2086 1367 2149 όΠελλαῦας
1380 2085 1501 2163 ἱστορεῖ.

401 2172 475 2246 ούτῶ
491 2183 526 2260 δὴ
541 2186 592 2259 τῆς
605 2183 723 2249 πόλεως
740 2185 783 2248 είς
797 2185 921 2262 ἐρημίαν
936 2188 988 2247 τοῦ
1001 2182 1153 2248 Ἰουδαίων
1169 2185 1283 2261 ἔθνους,
1300 2186 1347 2247 καί
1367 2188 1502 2263 παντελῆ

401 2287 518 2365 φθορὰν
540 2289 599 2346 τῶν
620 2282 714 2346 πάλαι
736 2286 892 2364 οἰκητόρων
915 2285 1072 2363 ἐλθούσης,
1090 2287 1121 2362 ἐξ
1141 2286 1319 2367 ἀλλοφύλου
1341 2310 1373 2349 τε
1395 2284 1502 2366 γένους

403 2384 683 2462 συνοικισθείσης,ἥ
705 2384 863 2462 μετέπειτα
885 2383 1184 2465 συστάσαῬωμαϊκὴ
1205 2389 1292 2453 πόλις
1314 2387 1368 2465 τὴν
1391 2388 1501 2451 ἐπωνυ-

401 2487 472 2565 μίαν
494 2486 661 2566 ἀμείψασα,
686 2488 727 2550 εἰς
748 2485 803 2563 τὴν
826 2492 878 2549 τοῦ
901 2492 1077 2566 κρατοῦντας
1100 2489 1205 2551 Αἰλίου
1224 2487 1383 2568 Ἀδριανοῦ
1404 2488 1500 2567 τιμὴν,

403 2588 494 2649 Αίλία
523 2587 785 2666 προσαγορεύεται.
822 2587 869 2650 καὶ
895 2586 930 2665 δὴ
956 2591 1006 2665 τῆς
1031 2588 1133 2651 αὐτόθι
1160 2589 1318 2665 ἐκκλησίας
1349 2591 1381 2666 ἐξ
1407 2591 1503 2653 ἐθνῶν

403 2691 660 2768 αυγκρατηθείσης,
682 2693 797 2767 πρῶτος
818 2691 893 2766 μετὰ
914 2689 983 2754 τοὺς
1005 2691 1038 2751 ἐκ
1059 2693 1215 2768 περιτομῆς
1240 2691 1426 2762 ἐπισκόπους,
1448 2691 1502 2768 τὴν

402 2794 460 2853 τῶν
475 2791 574 2853 ἐκεῖσε
588 2790 778 2870 λειτουργίαν
794 2791 987 2871 ἐγχειρίζεται
1002 2787 1134 2870 Μάρκος.

446 2890 635 2954 Gallandius
657 2890 794 2973 quidem,
819 2900 856 2954 ut
882 2898 956 2975 post
982 2890 1057 2967 vidi,
1083 2891 1117 2953 in
1141 2890 1287 2975 Prolegg.
1314 2892 1368 2954 ubi
1394 2914 1502 2976 supra,

403 3015 435 3077 p.
446 2992 542 3054 lxxvi.
557 2991 619 3055 etsi
634 2991 738 3054 Mosis
754 2989 808 3054 illa
822 2992 909 3054 haud
930 2991 1052 3067 attulit,
1069 2998 1177 3055 tamen
1194 2992 1317 3076 opinari
1337 3013 1371 3055 se
1390 3000 1500 3056 aucto-

402 3094 499 3159 ritate
525 3094 696 3157 eorundem
726 3094 891 3157 inductum
919 3093 976 3171 ait,
1002 3093 1204 3177 desumptum
1233 3092 1394 3156 Aristonis
1419 3093 1502 3178 frag-

402 3202 544 3259 mentum
559 3217 628 3259 esse
642 3218 682 3258 cx
702 3195 836 3258 historia
857 3194 1003 3258 orientali
1022 3194 1064 3257 ab
1085 3216 1123 3258 eo
1138 3194 1336 3279 conscripta3
1363 3216 1421 3258 nee
1440 3195 1502 3258 dis-

403 3298 501 3360 sentit
523 3296 561 3359 cl.
579 3296 701 3359 Keilius
723 3296 756 3358 in
779 3296 875 3359 Notis
897 3297 940 3359 ad
960 3295 1186 3359 Harlesianam
1205 3296 1281 3359 edit.
1302 3295 1503 3360 Fabriciuaae

402 3398 595 3462 Bibliotlaecae
615 3398 672 3461 Gr.
688 3406 765 3461 tom.
779 3397 830 3461 vii.
847 3421 876 3483 p.
891 3415 962 3482 157.
1008 3397 1072 3461 Sed
1091 3405 1169 3461 nata
1187 3398 1264 3461 mihi
1285 3404 1335 3462 est
1355 3399 1501 3483 suspicio,

402 3500 488 3565 haud
511 3506 640 3583 sumpta
660 3521 729 3562 esse
753 3500 854 3562 Mosis
877 3500 940 3563 ista
962 3521 1002 3562 ex
1024 3498 1089 3563 ulla
1110 3498 1143 3561 id
1165 3520 1265 3583 genus
1285 3499 1431 3577 historia,
1447 3502 1503 3565 sed

404 3601 505 3665 solum
526 3623 566 3664 ex
588 3600 724 3664 historia
746 3601 937 3676 Eusebiana,
963 3622 1034 3684 quae
1059 3601 1187 3684 quidem
1206 3601 1330 3665 auctori
1352 3602 1432 3666 bene
1453 3603 1501 3666 in·

403 3710 564 3779 notuerat,
575 3704 650 3766 dum
666 3711 784 3766 caetera
797 3704 840 3766 ad
850 3724 902 3767 res
912 3702 1084 3766 orientales
1099 3704 1280 3786 spectantia
1288 3724 1309 3767 a
1319 3703 1411 3768 Mose
1423 3705 1501 3788 ipso,

403 3804 452 3868 vel
469 3806 510 3868 ab
525 3805 588 3868 alio
604 3803 762 3888 quopiam,
779 3804 919 3868 admista
938 3812 1023 3867 sunt.
1071 3804 1125 3865 En
1140 3803 1300 3867 consimile
1318 3805 1403 3888 apud
1420 3806 1503 3869 hune

403 3914 567 3971 auctorem
587 3906 715 3978 fraudis,
741 3928 797 3969 seu
817 3906 978 3981 vanitatis,
1000 3905 1187 3988 exemplum,
1212 3906 1296 3988 quod
1319 3907 1504 3990 suspicionis

403 4029 482 4071 meae
494 4009 657 4071 firmandae
673 4030 778 4083 causa,
795 4008 974 4080 adducam3
991 4008 1019 4070 is
1030 4007 1114 4069 onim
1124 4007 1229 4089 capite
1239 4024 1289 4086 72.
1306 4005 1405 4090 ejusd.
1421 4007 1502 4085 libri,

405 4108 591 4171 Firmiliano
608 4107 719 4171 celebri
737 4108 962 4192 Cappadocum
978 4106 1124 4190 episcopo
1140 4126 1219 4188 opus
1231 4105 1270 4167 de
1281 4103 1418 4169 ecclesiae
1434 4129 1504 4191 per-

403 4210 618 4273 secutionibus
633 4210 792 4285 attribuit,
808 4209 918 4292 inquo
938 4228 1048 4290 regum
1065 4227 1189 4289 quoque
1210 4211 1284 4267 acta
1303 4204 1330 4266 F
1332 4204 1505 4272 irmilianue

404 4312 603 4375 subtexuisse
629 4311 756 4375 dicitur.
803 4312 844 4373 ln
870 4310 931 4373 hac
961 4314 1070 4372 autem
1092 4305 1235 4381 historia,
1263 4306 1406 4370 omnibus
1433 4309 1506 4374 hac·

403 4418 507 4485 tenus,
537 4434 627 4494 aeque
656 4418 753 4494 atque
779 4412 833 4474 illa
863 4409 1037 4486 Aristonis,
1062 4408 1182 4491 ignota,
1218 4413 1381 4470 auctorem
1412 4410 1507 4476 fuisse

405 4511 625 4576 Firmilianum
641 4513 774 4575 Petrum
794 4520 921 4576 sextum
935 4510 1091 4574 decimum
1107 4508 1310 4571 Alexandriae
1326 4511 1508 4596 episcopum

404 4635 488 4677 anuo
524 4635 608 4677 nono
641 4612 818 4676 vexationis
856 4611 1044 4694 martyrium
1079 4610 1221 4686 subiisse,
1257 4608 1367 4673 Moses
1397 4615 1505 4678 refert.

407 4715 614 4779 Verissimum
634 4715 667 4777 id
690 4721 749 4791 ost,
765 4723 800 4777 et
821 4714 863 4777 ab
887 4713 1026 4776 Eusebio
1052 4712 1178 4795 quidem
1198 4719 1419 4784 memoratum,
1436 4717 1508 4778 sub.
