3809 5650
635 682 685 746 IN
708 678 981 745 ARISTONEM
1006 676 1261 741 PELLAEUM.
1437 676 1500 737 105

399 851 501 914 citata
521 850 618 913 verba
637 849 678 912 ab
701 871 738 912 co
758 848 922 932 allegatae:
949 845 1038 909 Oculi
1061 845 1150 907 cetri
1171 840 1311 906 wdone
1332 851 1445 905 terrum
1464 842 1502 904 de

399 951 567 1036 macieque.
613 952 684 1032 Qua
699 950 730 1013 in
746 970 781 1013 re
795 949 847 1012 ille
861 969 925 1011 non
941 947 1043 1010 solum
1063 945 1192 1008 decreto
1210 941 1380 1015 Hadriani,
1396 943 1451 1005 scd
1466 951 1500 1006 ot

400 1052 459 1115 sibi
483 1051 544 1135 ipsi
567 1050 744 1114 contrarius
766 1055 825 1124 est,
849 1047 924 1131 quia
950 1045 1045 1130 poulo
1074 1051 1150 1109 ante
1179 1044 1290 1107 eodem
1320 1042 1425 1126 capite
1451 1061 1499 1125 ¹3·

398 1151 546 1236 scripsit:
570 1150 774 1214 Interdictum
797 1159 847 1225 est,
873 1170 910 1212 ue
929 1148 965 1211 irs
987 1147 1112 1229 cortfiuio
1133 1146 1230 1229 ipsius
1252 1143 1381 1228 requeis
1402 1143 1500 1206 demo·

397 1262 484 1317 retur
503 1252 661 1336 quicquum
675 1251 865 1327 Judaeum,
884 1258 918 1312 ut
939 1248 1121 1332 torqueque
1140 1255 1211 1309 esset
1228 1244 1425 1328 adimpletum
1439 1265 1501 1327 por

399 1352 584 1436 Pruplrctom
610 1351 754 1432 (Esaiam
782 1353 809 1414 1.
836 1372 866 1412 v.
893 1353 935 1432 7.)
967 1350 1066 1413 Terra
1091 1356 1190 1412 cedro
1214 1346 1341 1422 dmm,
1368 1346 1502 1408 ciuitates

399 1462 505 1517 coerce
518 1453 585 1537 ipsi
598 1461 716 1516 eruum
761 1450 796 1514 Si
818 1450 917 1534 igitur
936 1448 1142 1512 interdictum
1161 1448 1223 1512 luit
1236 1447 1260 1510 J
1262 1446 1360 1510 udeeis
1380 1446 1413 1508 in
1428 1467 1500 1509 con·

398 1555 474 1617 finio
499 1553 681 1617 Palaestinae
707 1552 866 1626 habitare,
892 1550 977 1613 haud
1008 1548 1097 1612 licuit
1123 1548 1200 1632 ipsis
1226 1547 1353 1610 omnino
1380 1554 1500 1611 ternam

398 1662 543 1720 sanctam
558 1654 656 1718 oculis
671 1673 834 1736 usurpare.
879 1650 942 1714 Sed
958 1650 1026 1714 haec
1042 1650 1156 1713 obiter.
1180 1649 1330 1713 (inimus.
1377 1651 1500 1713 Totum

399 1755 530 1819 Eusebii
559 1761 665 1839 caput,
696 1760 852 1837 tanquam
881 1752 908 1814 si
938 1751 1035 1814 verbo
1064 1750 1134 1834 ipsc
1162 1749 1297 1813 luissent
1327 1749 1500 1825 Aristonis,

398 1856 547 1920 Historiae
568 1877 634 1919 suae
656 1854 790 1918 inseruit
813 1853 1011 1937 Nicephorus
1033 1851 1087 1914 lib.
1102 1851 1145 1914 iii.
1162 1873 1187 1913 c.
1206 1870 1257 1931 24.
1273 1851 1359 1934 quod
1374 1850 1501 1934 quidem

398 1978 566 2041 perperam
585 1957 715 2029 sactum,
736 1954 792 2018 sed
813 1954 905 2038 plura
924 1952 1049 2016 interea
1072 1954 1114 2017 ad
1134 1952 1320 2016 Aristonem
1341 1951 1500 2036 portinere

399 2078 502 2140 posse,
518 2076 614 2139 quom
636 2077 674 2119 ec
696 2075 767 2138 quae
783 2053 922 2117 Grcbius
943 2053 1084 2137 agnovit,
1099 2052 1152 2116 vix
1170 2053 1358 2137 negandum.
1404 2051 1500 2117 Certe

399 2155 501 2220 multo
515 2155 606 2239 plura
621 2156 664 2219 ad
678 2177 750 2219 eum
765 2154 925 2238 pertinere
943 2154 1135 2217 censendum
1148 2153 1241 2227 soret,
1253 2153 1279 2216 si
1295 2174 1391 2217 verax
1406 2159 1500 2229 esset,

400 2278 493 2339 quem
505 2258 599 2320 modo
607 2257 736 2332 adduxi,
751 2256 860 2320 Moses
869 2254 1088 2320 Chorenensis.
1105 2255 1167 2320 Ait
1178 2255 1216 2320 cl.
1227 2254 1503 2319 HankiusinDis·

399 2367 469 2422 serr.
485 2357 522 2420 de
534 2358 667 2422 Escidio
679 2358 873 2433 Jodaeoum,
896 2379 934 2420 co
946 2356 1069 2420 Hieros.
1089 2355 1142 2420 sul
1155 2356 1323 2421 Hadriano
1346 2354 1501 2439 Princeps,

402 2466 424 2498 “
437 2458 561 2523 —satis
574 2459 666 2522 nobis
680 2464 731 2522 est
745 2457 841 2522 edicti
856 2458 953 2522 verba
970 2457 1133 2521 Aristonis
1148 2478 1228 2535 esse,
1249 2458 1335 2540 quod
1356 2456 1502 2521 concedit

402 2565 423 2597 “
440 2557 599 2633 Valesius,
615 2565 649 2622 et
670 2558 874 2622 manifestum
896 2565 946 2622 est
968 2579 1009 2621 ex
1027 2557 1166 2622 Eusebio
1176 2582 1186 2633 ;
1210 2557 1332 2641 reliqua
1353 2557 1393 2620 de
1418 2557 1500 2620 bello

403 2665 424 2696 “
440 2658 483 2721 ad
504 2657 663 2722 Bitteram
685 2664 777 2742 gesto
802 2656 943 2734 Eusebii,
964 2657 1018 2741 qui
1038 2657 1239 2720 nihilominus
1259 2679 1300 2721 ex
1319 2657 1383 2722 alio
1403 2657 1502 2721 veteri

401 2766 425 2798 ‘⁴
440 2757 606 2843 scriptore,
621 2758 647 2822 si
668 2780 732 2821 non
743 2779 784 2821 ex
797 2758 924 2837 Pellaeo,
940 2758 1038 2822 verba
1052 2766 1111 2823 aut
1122 2780 1249 2822 sensum
1264 2779 1372 2822 eorum
1384 2759 1501 2822 exhau-

402 2867 424 2898 “
438 2860 545 2924 serit.''
559 2882 590 2943 p.
603 2859 655 2924 81.
688 2858 850 2923 Aristonis
867 2867 986 2937 autem,
1004 2859 1057 2943 qui
1080 2859 1148 2943 ipsc
1170 2859 1246 2922 civis
1269 2859 1404 2923 Pcllaeus
1429 2859 1500 2935 suit,

401 2959 619 3024 narrationem
630 2959 670 3021 de
681 2959 704 3020 J
707 2958 806 3022 udaeis
818 2958 949 3023 firmant
964 2957 1136 3042 scriptores
1149 2958 1215 3035 alii,
1227 2979 1362 3042 quorum
1375 2958 1504 3022 nomina

401 3060 489 3144 opud
515 3058 729 3122 Mosheminm
758 3057 874 3133 videas,
901 3059 950 3121 De
978 3057 1078 3123 meu
1104 3059 1305 3122 Olmdmnor.
1331 3067 1400 3122 oute
1426 3058 1504 3121 Core-

400 3159 527 3223 mutin.
542 3160 591 3221 M.
605 3160 689 3222 Soet.
705 3158 738 3220 ii.
755 3160 785 3239 ξ.
806 3178 899 3242 ¹3·P·
914 3177 987 3243 239.
1034 3158 1088 3236 Et,
1110 3180 1182 3223 cum
1204 3158 1291 3222 haud
1313 3157 1361 3222 ita
1381 3157 1505 3242 pridem

401 3258 548 3343 Gregorii
571 3258 805 3343 Abulpharagii
822 3258 1002 3323 curulem
1024 3259 1189 3342 Syriacum
1210 3259 1383 3324 edidissent
1407 3266 1506 3342 atque

404 3358 520 3423 Latine
533 3358 703 3423 vertissent
718 3358 756 3422 cl.
768 3359 836 3436 viri,
855 3358 975 3423 Paulus
989 3358 1012 3421 J
1014 3382 1061 3423 ao.
1074 3359 1229 3424 Brunsius
1243 3368 1277 3425 et
1288 3361 1406 3446 Georg.
1416 3360 1500 3426 Guil.

404 3458 583 3535 Kirschius,
599 3465 763 3522 auctorem
778 3458 864 3542 apud
878 3459 1016 3542 Dynast.
1032 3460 1095 3524 viii.
1112 3483 1144 3544 p.
1159 3476 1212 3545 54„
1228 3460 1291 3525 vidi
1311 3462 1504 3537 tradentem,

402 3560 628 3642 imperatorem
656 3559 845 3637 Romanum,
875 3566 1046 3643 postquam
1074 3560 1177 3625 urbem
1206 3562 1334 3626 AElium
1362 3563 1504 3626 Adricui

403 3657 592 3741 appelatione
617 3658 807 3740 oedffiomsot,
829 3660 959 3743 populos
981 3663 1159 3746 peregrinos
1187 3662 1353 3739 dammare,
1381 3662 1504 3725 Jedoee

403 3779 493 3821 muco
510 3758 647 3840 praeoidi
666 3758 799 3840 piorum,
823 3759 944 3844 illisque
966 3762 1155 3827 maclorius
1174 3773 1208 3827 ul
1228 3785 1267 3827 ue
1286 3785 1323 3826 ee
1345 3764 1506 3846 locuplesque

403 3854 525 3936 quidem
543 3855 589 3917 od
606 3855 702 3919 lomus
721 3858 812 3919 istum
827 3860 1019 3941 respicere-ut.
1064 3859 1181 3923 Confer
1194 3860 1335 3944 Abulph.
1351 3862 1435 3943 Dyn.
1452 3858 1504 3922 vii.

402 3972 476 4036 pag.
494 3956 544 4035 76.
563 3955 724 4018 Versionis
748 3956 884 4020 Pocoolr.
942 3957 1066 4022 Verum
1092 3960 1188 4023 semel
1218 3960 1251 4021 in
1278 3980 1362 4023 anno
1392 3958 1502 4021 urbem

403 4052 493 4115 adire
508 4074 599 4116 suam
613 4055 636 4115 J
638 4054 738 4118 udaeis
752 4077 936 4120 concessum
958 4057 1063 4134 fuisse,
1081 4081 1144 4141 quo
1159 4058 1307 4122 nimirum
1322 4058 1374 4121 die
1389 4058 1506 4120 Hiero-

403 4160 525 4243 solyma
546 4182 568 4224 a
583 4161 657 4226 'l'ito
680 4163 788 4228 diruta
809 4165 914 4242 fuerit,
931 4186 1109 4250 magnoque
1130 4168 1234 4251 pretio
1249 4167 1330 4231 hanc
1346 4165 1506 4229 licentiam

403 4259 446 4323 ab
469 4260 530 4324 illis
552 4262 751 4348 redemptam
773 4265 877 4343 fuisse,
901 4266 1044 4330 ostendit
1060 4266 1221 4351 «Iosephus
1238 4267 1386 4352 Scaliger,
1402 4268 1471 4331 loco
1485 4289 1507 4331 a

405 4359 526 4423 Grabio
536 4362 605 4444 jam
620 4362 773 4442 indicato,
788 4387 828 4429 ex
840 4366 1012 4429 Itinerorio
1022 4367 1252 4452 Ruminalem,
1264 4374 1298 4431 et
1310 4367 1507 4452 Hieronymo

404 4460 439 4523 in
454 4481 521 4545 cap.
539 4480 569 4526 2.
586 4463 756 4547 Soplouiae.
800 4466 882 4529 Rem
905 4466 1014 4531 firmat
1032 4489 1071 4530 ex
1087 4467 1241 4552 Gregorio
1266 4490 1390 4553 quoque
1414 4469 1507 4533 Nazi-

403 4580 525 4626 anzeno
553 4564 641 4628 Orat.
670 4584 719 4630 12.
743 4566 889 4631 Valesius
914 4566 948 4630 in
977 4567 1063 4632 notis
1092 4569 1134 4632 ud
1157 4567 1286 4632 uorem
1309 4569 1370 4634 hoe
1399 4579 1506 4655 caput.

404 4660 551 4746 Denique
581 4685 710 4730 oausam
739 4666 784 4730 rei
810 4667 929 4731 addam
958 4690 998 4730 ex
1031 4668 1231 4753 philostorgii
1253 4670 1424 4755 decerptis,
1451 4693 1508 4734 our

449 4783 517 4826 vot.
533 4786 553 4825 1.
966 4790 985 4829 r
