3809 5650
544 698 591 760 IN
615 696 863 762 HEGESIPPI
889 695 1190 761 FRAGMENTA.
1353 698 1420 765 239

312 868 335 929 J
337 889 434 942 esum,
451 867 503 951 qui
519 869 588 951 ejus
603 890 764 932 semones
779 868 962 953 captabant.
997 867 1121 931 Matth.
1138 866 1213 929 xxii.
1235 868 1281 927 16.
1305 865 1420 929 Faeni·

312 991 389 1044 crus,
407 969 460 1031 ubi
476 992 583 1054 supra.

357 1072 394 1132 P.
410 1090 481 1133 210.
497 1070 517 1132 l.
531 1074 561 1134 6.
575 1073 623 1134 καὶ
632 1072 741 1139 πάντες
751 1071 914 1150 πειθόμεθά
924 1072 990 1154 σοι]
1006 1069 1107 1134 Addit
1124 1071 1208 1151 ἡμεῖς
1221 1078 1296 1154 post
1310 1071 1421 1138 πάντες

317 1171 476 1254 Gauro-ius.

357 1271 440 1333 lbid.
457 1271 476 1333 l.
490 1292 519 1350 o.
536 1277 630 1335 πᾶσαν
642 1276 672 1336 αἱ
687 1273 797 1359 φυλαὶ]
816 1274 880 1336 Pro
897 1272 1082 1356 Hegesippo
1097 1280 1211 1335 eontra
1223 1271 1418 1357 Scaligerum

312 1393 384 1433 cum
395 1374 668 1439 advocatuesseut
685 1383 720 1440 ut
735 1384 834 1441 tentes
849 1399 869 1440 a
884 1376 960 1439 viris
974 1376 1078 1439 doctis
1085 1373 1195 1438 Jaeoti
1209 1376 1310 1458 Epist.
1321 1376 1418 1459 capi.

311 1493 424 1535 comm.
447 1494 474 1535 r.
491 1482 525 1537 et
540 1479 623 1538 Acta
638 1482 743 1560 Apcet.
759 1499 828 1560 cap.
846 1477 929 1539 xxvi.
946 1498 1025 1539 corn.
1043 1479 1073 1538 6.
1090 1475 1243 1558 relegavit
1262 1486 1419 1560 praeterea

312 1573 462 1636 lectorem
498 1575 686 1639 Gallandius
712 1577 744 1640 h.
772 1578 792 1640 l.
829 1578 871 1640 ad
906 1577 1042 1642 Oalrneti
1078 1575 1347 1640 Dissertatiouem
1376 1578 1418 1642 ed

313 1674 521 1751 Ezechielem,
538 1677 574 1739 de
588 1678 691 1740 reditu
706 1679 804 1742 ἄνοσον
823 1679 982 1742 Talaum.

359 1777 440 1840 Ibid.
456 1782 532 1857 μετὰ
544 1781 591 1842 καὶ
602 1785 662 1842 τῶν
674 1780 780 1864 ἐθνῶν]
798 1780 920 1844 Merito
935 1779 1130 1863 Scaligerum
1147 1778 1198 1842 liic
1213 1780 1418 1862 reprehendit

314 1880 484 1964 Dionysius
511 1881 674 1957 Petavius,
700 1883 785 1965 quod
809 1890 959 1966 negasset
984 1882 1107 1944 licuisse
1133 1880 1188 1943 ulli
1215 1881 1348 1956 GentiIi,
1371 1881 1417 1944 iu-

312 1990 430 2045 teresse
456 1983 545 2047 festis
568 1983 679 2047 diebus
700 1984 897 2048 Judaeorum.
943 1982 1032 2047 Nam
1057 1991 1176 2066 praeter
1200 1983 1302 2046 locum
1329 1983 1417 2047 illum

313 2105 406 2168 quem
427 2085 508 2149 citat
531 2085 682 2149 Petnvius
703 2108 743 2149 ex
767 2085 940 2169 Evangelio
960 2084 1097 2148 Jcannis
1117 2084 1258 2169 capitii.
1283 2084 1418 2169 plurima

313 2195 487 2270 suppetunt
516 2186 649 2271 Josephi
678 2186 874 2263 testimonia,
903 2209 922 2251 e
952 2186 1067 2271 quibus
1098 2186 1243 2262 dicimus,
1274 2188 1418 2252 Gentiles

312 2308 493 2370 azymorum
530 2288 723 2353 solemnitati
754 2289 869 2373 saepius
898 2286 1091 2351 interfuisse.
1147 2287 1242 2351 Oerte
1271 2287 1417 2352 Vitellius

314 2388 458 2472 Legatue
482 2389 591 2473 Syriae,
610 2390 692 2455 festo
716 2390 849 2453 Paechae
871 2390 1032 2473 ingressus
1054 2395 1104 2452 est
1131 2387 1364 2473 Hierosolyma,
1383 2397 1417 2453 et

312 2510 333 2552 a
348 2490 369 2552 J
372 2491 469 2553 udaeis
488 2492 658 2554 honorifico
678 2498 838 2576 exceptus,
856 2499 893 2554 ut
907 2491 1025 2574 legitur
1042 2490 1075 2552 in
1093 2489 1147 2552 lib.
1159 2490 1244 2564 xviii,
1260 2490 1416 2574 originum

314 2589 523 2654 Judaicarum
552 2614 620 2676 cap.
645 2595 675 2656 6.
727 2593 819 2656 Idem
845 2594 885 2657 de
912 2593 1079 2674 Quadrato
1106 2591 1230 2676 Legato
1257 2592 1357 2676 Syrioe
1383 2594 1416 2658 in

313 2692 365 2755 lib.
386 2716 437 2755 xx.
454 2694 573 2758 scribit.
600 2696 761 2757 Vsansiue.

358 2796 542 2860 Ibid.l.11.
567 2797 616 2859 ἐπὶ
638 2796 672 2858 τὸ
695 2797 854 2876 πτερύγων
876 2800 928 2859 τοῦ
951 2797 1039 2882 ναοῦ]
1063 2801 1116 2859 τοῦ
1139 2798 1219 2876 ἱεροῦ
1239 2795 1284 2858 ed.
1308 2796 1414 2881 Steple.

313 2898 375 2961 Sed
391 2899 493 2962 altera
507 2897 601 2961 lectio
616 2906 708 2962 extat
723 2898 756 2960 in
770 2897 902 2981 Nicepli.
919 2905 952 2960 et
967 2898 1014 2960 ed.
1031 2896 1099 2960 Vol.
1125 2896 1258 2960 S'reorn.
1303 2901 1416 2980 Πτερῦ-

312 3025 380 3079 γιον
405 3005 457 3061 τοῦ
483 3005 568 3074 ναοῦ,
593 2999 658 3062 sive
685 2999 828 3062 circuitio
854 2999 887 3061 in
913 3006 1007 3082 parte
1036 2998 1149 3062 altiore
1179 2998 1298 3083 templi,
1326 3001 1416 3084 cujus

312 3099 432 3162 mentio
457 3099 576 3162 lllutth.
599 3101 638 3162 iv.
661 3121 689 3181 5.
715 3099 769 3162 ubi
795 3099 865 3162 vide
888 3100 1090 3183 interpretes.
1136 3099 1186 3164 De
1210 3107 1328 3179 πτεροῖς
1352 3100 1417 3163 sive

312 3202 483 3280 πτερώμααι
506 3200 696 3284 templorum
719 3209 820 3283 agunt
835 3200 919 3264 Guil.
939 3200 1111 3263 Philander
1126 3200 1167 3262 ad
1184 3198 1312 3262 Vitruv.
1329 3200 1371 3263 iii.
1388 3221 1415 3263 1.

313 3303 336 3362 J
338 3311 429 3364 uetus
451 3302 612 3385 Ryequiue
633 3302 682 3364 De
703 3301 861 3386 Capitolio
884 3302 1029 3365 Romane
1050 3324 1123 3386 pag.
1142 3321 1211 3381 170.
1237 3302 1413 3366 Francius.

313 3409 375 3465 Τοῦ
391 3406 470 3483 ἱεροῦ
486 3402 652 3467 lectionem
669 3403 917 3488 Stepliunianam
933 3411 1089 3487 praestent
1104 3403 1174 3466 Ood.
1189 3404 1262 3466 MS.
1276 3405 1413 3486 Norsok.

315 3504 472 3587 Syimllue
494 3506 713 3589 Cedreouaque,
736 3514 769 3569 et
785 3505 855 3589 jum
877 3506 1034 3569 referente
1058 3505 1202 3569 Burtono
1226 3505 1322 3569 codd.
1340 3507 1415 3591 Καρ.

312 3614 346 3668 ot
362 3607 469 3668 Parte.
491 3617 622 3690 uterque,
640 3614 674 3671 et
696 3609 820 3686 ἵστησεν
842 3606 932 3669 αὐτὸν
952 3606 1001 3669 ἐπὶ
1023 3605 1057 3669 τὸ
1080 3609 1240 3687 πτερύγιον
1261 3614 1313 3670 τοῦ
1335 3611 1416 3689 ἱεροῦ

312 3706 397 3787 apud
408 3711 440 3769 δ’.
452 3707 633 3770 oratricem
646 3707 792 3772 habetur.
828 3708 875 3770 At
890 3706 985 3790 paulo
1000 3713 1076 3769 ante
1091 3707 1261 3790 scripserat
1276 3713 1327 3770 τοῦ
1343 3714 1417 3772 ναοῦ

314 3805 524 3890 Ilogeaippua.
572 3809 652 3871 lllox
675 3808 763 3872 εἶπαν
785 3830 843 3894 pro
866 3807 952 3870 εἶπον
973 3808 1048 3870 MS.
1066 3807 1159 3869 Bodl.
1182 3830 1237 3870 eeu
1260 3808 1359 3870 Socii.
1382 3825 1416 3873 et

313 3906 468 3969 referente
493 3908 645 3983 llurtono,
672 3909 770 3972 codd.
786 3910 875 3971 Μαι.
898 3916 926 3970 et
950 3908 1058 3970 Paria.
1084 3916 1117 3970 et
1139 3909 1246 3972 forsan
1269 3910 1357 3972 Med.
1381 3919 1416 3975 et

314 4009 418 4069 Falci.
431 4016 464 4070 et
481 4009 529 4069 ool
544 4029 602 4090 pro
618 4006 640 4091 ι]
655 4009 785 4091 Nicepl.

360 4108 441 4171 Ibid.
454 4109 474 4171 l.
489 4130 536 4185 ¹4·
560 4114 604 4175 τίς
618 4112 636 4187 ἡ
652 4113 727 4189 θύρα
740 4117 791 4173 τοῦ
811 4109 927 4190 Ἰησοῦ]
951 4109 1036 4172 Vide
1056 4131 1126 4193 quae
1148 4132 1245 4193 supra
1258 4121 1416 4178 annotata

313 4220 388 4274 sunt
413 4234 485 4295 pag.
512 4234 580 4296 sup.
608 4212 661 4273 lin.
680 4227 709 4292 7.
755 4210 829 4273 Hac
859 4211 998 4274 secunda
1028 4211 1217 4287 tentatione,
1242 4213 1415 4277 dummodo

313 4335 452 4396 unquam
472 4314 518 4376 itu
539 4321 683 4377 tentatus
703 4312 799 4374 fuerit
813 4311 966 4386 lacobus,
983 4333 1053 4396 quae
1075 4312 1212 4395 quidem,
1228 4321 1264 4376 ut
1284 4313 1331 4377 ait
1353 4314 1415 4379 Fa-

313 4414 440 4488 bricius,
456 4414 570 4476 merito
589 4413 728 4497 permira
742 4412 868 4476 videtur
883 4411 958 4475 viris
972 4412 1106 4476 eruditis
1119 4420 1153 4477 et
1168 4436 1268 4498 prope
1282 4414 1415 4479 incredi-

313 4515 394 4587 bilis,
414 4537 489 4577 num
512 4515 543 4577 id
564 4515 687 4577 efficere
705 4513 873 4577 voluerunt
891 4513 1010 4590 Judaei,
1027 4530 1064 4577 ut
1084 4514 1183 4578 etiam
1203 4522 1335 4593 terrore,
1351 4539 1414 4581 non

312 4623 439 4680 tantum
462 4615 656 4691 adulatione,
674 4615 815 4678 animum
834 4614 951 4679 Jaoobi
974 4616 1140 4681 occasione
1161 4617 1339 4682 instruendi
1359 4643 1415 4704 po-

313 4717 421 4801 pulum
446 4718 616 4802 gaudentis
641 4717 893 4802 aggrederentur
921 4724 1021 4801 atque
1046 4717 1252 4804 frangerent!
1287 4719 1414 4786 Faveut
