3809 5650
791 1209 1117 1287 FRAGMENTA

652 1403 897 1502 BEATI
966 1409 1243 1530 PAPIAE,

490 1625 709 1688 ECCLESIAE
731 1629 1107 1695 HIERAPOLITANAE
1130 1638 1179 1696 IN
1201 1639 1399 1699 PHRYGIA

846 1733 1044 1797 EPISCOPI
1056 1764 1065 1809 3

368 1886 386 1947 5
420 1876 484 1939 QUI
503 1877 662 1929 FhORUI'l'
679 1879 849 1929 CIRCITER
866 1879 1018 1930 lNl'rIUM
1035 1883 1170 1934 SAECULI
1190 1886 1277 1937 POST
1294 1887 1480 1937 CHRISTUM

872 1961 1034 2013 SECUNDI.

839 2140 1055 2189 -4-—

734 2311 772 2359 Ex
784 2312 905 2362 Pmmio
915 2313 1047 2364 umorum
1057 2317 1165 2379 quinque

583 2430 747 2495 ΛΟΓΙΩΝ
774 2425 1000 2498 ΚἸῬΙΑΚΩΝ
1027 2433 1308 2515 ΕΞΗΓΗΣΕΩΣ,

911 2595 983 2635 SIVE

349 2725 385 2765 ιο
452 2699 756 2762 ORACULORUM
778 2705 1100 2766 DOMINICORUM
1121 2707 1441 2769 EXPOSITIONIS.

928 2891 958 2959 I.

394 3010 515 3107 ΟΥΚ
529 3024 674 3124 ὀκνήσω
688 3027 731 3104 δέ
737 3060 798 3105 σοι
817 3030 875 3105 καὶ
894 3026 968 3105 ὅσα
984 3026 1072 3105 ποτὲ
1089 3025 1189 3128 παρὰ
1204 3032 1277 3104 τῶν
1294 3029 1493 3128 πρεσβυτέ-

390 3194 465 3262 ρων
492 3167 613 3244 καλῶς
641 3160 773 3258 ἔμαθον
801 3165 859 3239 καὶ
887 3167 1008 3244 καλῶς
1034 3159 1292 3259 ἐμνημόνευσα,
1311 3195 1494 3263 συγκατα-

389 3295 497 3403 τάξοι
515 3304 592 3380 ταῖς
610 3296 814 3399 ἑρμηνείαις,
833 3298 1144 3396 διαβεβαιούμενος
1163 3296 1251 3401 ὑπὲρ
1269 3300 1386 3377 αὐτῶν
1403 3301 1494 3400 ἀλη-

343 3436 499 3533 ιςθειαν.
556 3430 688 3535 οὐγὰρ
712 3439 785 3514 τοῖς
809 3431 855 3510 τὰ
878 3430 1005 3511 πολλὰ
1023 3432 1194 3534 λέγουσιν
1213 3433 1354 3537 ἔχαιρον
1367 3430 1493 3539 ὥσπερ

389 3569 422 3641 οἱ
449 3568 599 3660 πολλοὶ,
631 3563 732 3644 ἀλλὰ
764 3573 838 3649 τοῖς
864 3569 1006 3665 τάληθῆ
1035 3563 1278 3647 διδάσκουσιν·
1311 3568 1391 3649 οὐδὲ
1418 3577 1493 3654 τοῖς

388 3698 453 3782 τὰς
480 3699 677 3803 ἀλλοτρίας
705 3697 854 3782 ἐντολὰς
880 3699 1173 3798 μνημονεύουσιν,
1199 3699 1299 3779 ἀλλὰ
1327 3708 1402 3784 τοῖς
1426 3701 1492 3785 τὰς

746 3909 876 3968 Vertente
889 3910 976 3967 Ηιιςι.
986 3908 1137 3976 Vnum,

412 4012 492 4073 Quem
503 4013 546 4067 Ιιιο
556 4019 582 4067 ιι
593 4011 657 4066 aubi
669 4011 746 4066 habes
757 4011 962 4067 Ειιιοὸἰαιιοηιηι
974 4021 1148 4083 εοοιιριοιιιιη
1160 4015 1323 4082 interpretem
1337 4012 1468 4066 Latinum.

341 4142 380 4182 σο
429 4126 500 4185 Nm
514 4126 634 4204 pigebit,
646 4145 681 4184 ea
691 4144 755 4202 quoe
766 4128 912 4206 quondam
964 4127 1047 4204 rique
1061 4125 1166 4192 solent,
1182 4144 1231 4182 eos
1248 4143 1375 4201 unquam
1395 4137 1487 4183 secta·

387 4227 406 4265 a
425 4206 593 4265 Senioribus
611 4205 699 4264 didici
716 4228 749 4265 ac
767 4206 912 4267 memoriae
964 4218 1013 4264 tus
1023 4225 1086 4264 sum
1097 4205 1147 4280 qui
1158 4204 1253 4262 verbis
1267 4204 1427 4272 affluerent,
1438 4207 1488 4266 sed

387 4286 532 4352 mandavi,
568 4306 633 4345 cum
668 4286 913 4366 interpretationi·
964 4307 1014 4345 eos
1034 4283 1131 4363 potius
1148 4284 1198 4361 qui
1212 4304 1311 4341 verum
1331 4283 1486 4346 docerent:

386 4368 442 4426 bus
456 4367 562 4425 nostris
575 4366 746 4435 adscribere,
758 4378 792 4426 ut
806 4368 913 4427 veritas
965 4366 1031 4424 Nec
1056 4385 1105 4423 eos
1127 4365 1177 4442 qui
1203 4384 1277 4421 nova
1299 4364 1430 4441 quaedam
1459 4378 1489 4426 et

387 4467 488 4506 eorum
503 4456 603 4505 nostra
618 4466 734 4524 quoque
755 4449 913 4508 asssertione
965 4447 1104 4505 inusitata
1117 4454 1270 4524 praeoepta,
1286 4445 1336 4503 sed
1355 4443 1421 4502 illos
1438 4450 1489 4523 qui

341 4546 377 4603 25
388 4527 530 4586 firmetur.
581 4527 651 4585 Non
679 4528 767 4596 enim,
790 4542 825 4587 ut
850 4528 912 4607 ple·
964 4526 1085 4585 Domini
1107 4524 1241 4583 mandata
1258 4526 1288 4583 in
1308 4524 1408 4601 figuris
1430 4538 1488 4584 tra-
