3809 5650
498 694 563 759 256
865 695 1225 761 ANNOTATIONES

497 863 547 925 his
561 862 758 946 temporibus
773 885 832 948 pro
847 862 980 926 Christo
994 865 1078 948 possi
1095 873 1178 942 sunt,
1195 866 1318 951 insigne
1336 872 1387 930 est
1407 866 1484 930 illud
1506 867 1601 931 Beati

499 963 627 1046 Ignatii.
666 964 793 1025 Homm
808 985 934 1047 quoque
948 972 1129 1050 temporum
1143 966 1273 1030 fuerunt
1287 974 1446 1050 martyres
1460 989 1482 1030 n
1497 967 1601 1030 Plinio

498 1063 745 1138 commemorati,
761 1086 895 1146 quorum
915 1066 1051 1129 fortasse
1073 1066 1202 1129 nomina
1223 1067 1352 1130 uentrisi
1369 1067 1402 1129 in
1422 1067 1503 1131 ooelo
1524 1075 1602 1132 notu

498 1171 582 1226 sunt.
625 1164 817 1248 Interropaoi
838 1167 925 1249 ipsos,
941 1167 989 1230 sit
1012 1167 1145 1243 Plinius,
1159 1189 1202 1230 an
1221 1177 1313 1230 essem
1333 1167 1517 1244 Christiani,
1532 1190 1600 1231 oon·

429 1308 432 1316 -
489 1266 609 1346 fitentes
625 1265 735 1328 iterum
752 1288 790 1329 ao
809 1269 895 1330 tatio
914 1269 1108 1352 intorropaui,
1123 1268 1307 1352 suplicium
1326 1272 1482 1341 minatum
1499 1290 1600 1354 parso-

498 1375 631 1430 oorantas
645 1366 717 1429 daei
723 1366 816 1448 jussi,
824 1389 916 1451 nequa
929 1370 1009 1431 enim
1023 1368 1207 1446 dubitabam,
1223 1369 1425 1454 quabounque
1438 1380 1509 1433 asset
1523 1369 1603 1454 qnod

490 1470 674 1551 faterentur,
693 1469 885 1551 pervicacem
903 1479 979 1533 eata
995 1480 1023 1532 et
1042 1469 1240 1552 inflaaibiluen
1258 1469 1482 1534 obstinationem
1501 1471 1601 1534 debere

492 1569 617 1653 pun—iri.
641 1568 710 1631 Lib.
723 1591 754 1631 x.
771 1590 819 1652 ep.
837 1589 887 1650 97.
1359 1633 1365 1643 ‚

544 1672 581 1734 Ρ.
597 1670 700 1749 2141.
716 1687 763 1751 17.
779 1673 830 1733 τοῦ
839 1673 994 1756 ὑπατικοῦ]
1019 1672 1120 1736 Abest
1134 1676 1186 1735 τοῦ
1202 1674 1305 1735 uMS.
1316 1673 1412 1755 Norf.
1421 1674 1566 1735 ὑπατικοῦ
1581 1694 1602 1735 a

499 1773 575 1834 MS.
585 1771 676 1834 Bodl.
693 1772 743 1835 De
752 1773 846 1854 hujus
860 1783 969 1836 nutem
978 1795 1106 1836 munere
1119 1774 1189 1837 vide
1207 1773 1364 1837 Valesium
1379 1795 1478 1856 supro
1491 1790 1600 1856 μνη.

545 1872 626 1934 lbid.
661 1875 709 1935 ἐπὶ
742 1877 859 1939 πολλὰς
891 1873 1012 1957 ἡμέρας]
1052 1877 1101 1938 ἐπὶ
1128 1881 1258 1940 πολλοῖς
1289 1876 1411 1954 inspuit
1440 1875 1603 1957 Marpinot

498 1975 545 2039 ed.
567 1976 675 2037 Gnaeo.
698 1981 732 2037 et
753 1974 934 2057 naemplaris
955 1976 1093 2059 impressi
1108 1997 1198 2059 penes
1218 1977 1317 2038 Joeees.
1340 1982 1374 2038 et
1395 1976 1470 2038 Mu.
1498 1975 1602 2060 stapla.

501 2075 634 2137 Srnoru.
681 2075 839 2137 Fontibus
861 2074 910 2137 his
932 2075 1028 2138 verim
1050 2075 1205 2148 lectionis,
1221 2076 1275 2160 qui
1296 2075 1329 2137 iu
1352 2097 1450 2138 unum
1464 2077 1603 2139 fortasse

499 2176 627 2250 aedunt,
640 2175 759 2258 jungas
780 2176 854 2237 MS.
880 2175 1020 2256 Norfolo.
1037 2182 1071 2238 et
1085 2176 1215 2259 Nicopb.
1261 2176 1383 2255 Quibus
1405 2198 1488 2239 nune
1509 2176 1603 2240 uddit

500 2276 675 2349 Burtouus,
695 2274 748 2357 qui
774 2275 941 2337 lectionem
961 2276 1090 2359 recepit,
1116 2276 1208 2340 Cedet.
1228 2277 1302 2360 Iup.
1332 2277 1428 2339 Vno.
1448 2277 1604 2340 Florenti-

499 2398 616 2459 nosque

545 2478 582 2539 P.
597 2496 667 2558 215.
684 2477 704 2537 l.
716 2498 748 2556 4.
764 2476 853 2558 μέχρι
867 2482 926 2538 τῶν
940 2479 1008 2539 τότε
1023 2479 1140 2559 χρόνων
1154 2475 1315 2561 πάρθενος]
1334 2478 1416 2540 Haeu
1431 2478 1471 2540 de
1486 2476 1604 2541 Hiero-

501 2579 692 2661 solymorum
712 2577 857 2641 Ecclesia
876 2578 1056 2661 specialiter
1075 2578 1202 2641 dixeret
1223 2578 1433 2662 Hegesippus,
1455 2600 1527 2642 enm
1546 2578 1604 2643 eei·

499 2677 574 2740 lieet
596 2697 694 2758 usque
721 2676 763 2738 ad
785 2683 920 2738 mortem
944 2675 1120 2759 symeonis,
1143 2676 1175 2738 id
1199 2684 1259 2751 est,
1282 2697 1381 2759 usque
1406 2675 1449 2737 ed
1472 2674 1605 2758 Trajani

499 2787 655 2862 tempora,
687 2777 839 2863 virginem
868 2777 988 2841 dietum
1018 2799 1095 2841 esse.
1153 2778 1261 2841 Verba
1292 2776 1468 2861 Hegesippi
1503 2775 1604 2841 lmbes

500 2880 584 2943 infra
605 2880 637 2942 in
659 2880 713 2942 lib.
732 2881 772 2942 iv.
795 2902 863 2963 esp.
885 2899 936 2945 22-
986 2880 1119 2943 Videtur
1141 2886 1250 2943 autem
1275 2879 1432 2941 Eusebius
1455 2878 1517 2942 toti
1543 2879 1604 2941 Ee·

501 2981 603 3044 elesiae
625 2981 784 3056 tribuisse,
803 2981 836 3042 id
853 2980 939 3064 quod
962 2981 1001 3043 de
1024 2980 1117 3042 unies
1141 2979 1437 3062 Hierosolymorum
1459 2978 1604 3041 Euolesiu

502 3084 622 3146 dietum
654 3083 759 3145 luerat
788 3082 829 3145 ab
864 3081 1059 3166 Hegesipp0.
1106 3081 1209 3143 Porro
1242 3088 1311 3144 tem
1344 3079 1475 3143 Eusebii
1507 3100 1603 3163 quam

503 3183 677 3268 Hegesippi
707 3182 805 3245 verba
838 3182 973 3266 benigne
1009 3181 1216 3265 intelligendu
1250 3189 1334 3243 sunt.
1388 3180 1520 3244 certum
1554 3186 1604 3243 est

502 3285 586 3348 enim
616 3284 792 3346 Eeelesiam
822 3283 1022 3345 Cat-helicem
1056 3304 1181 3366 semper
1209 3281 1368 3366 integrum
1397 3289 1494 3365 atque
1523 3280 1604 3345 inte-

502 3393 659 3447 meratum
681 3406 874 3468 permanere,
891 3392 924 3447 et
943 3384 1127 3447 uastitatem
1150 3384 1216 3467 ejus
1238 3383 1420 3446 nullomodo
1441 3382 1483 3445 eb
1504 3381 1605 3445 boere-

503 3486 575 3549 tieis
599 3507 691 3567 posse
717 3484 882 3567 eorrumpi.
931 3485 1085 3548 Haeretici
1111 3485 1238 3567 quidem
1261 3491 1374 3568 utpote
1397 3504 1547 3567 proeaees
1571 3489 1605 3546 et

503 3586 618 3669 impuri
643 3592 741 3668 atque
767 3585 904 3647 adulteri
930 3586 1086 3658 veritatis,
1114 3608 1184 3649 eam
1210 3607 1411 3670 eormmpere
1436 3592 1604 3648 sonantur.

505 3689 623 3749 Verum
646 3684 701 3747 ille
725 3685 820 3747 fidem
846 3706 936 3746 suam
963 3686 1092 3750 Christo
1118 3687 1275 3771 integrum
1301 3707 1439 3761 servans,
1466 3685 1605 3748 nefarios

503 3809 612 3851 eorum
627 3794 760 3851 conatus
775 3785 913 3870 depellit.
954 3787 1067 3870 ltaque
1083 3787 1224 3850 haeretiei
1239 3786 1356 3849 similes
1371 3784 1606 3869 quodammodo

503 3898 578 3953 sunt
595 3889 709 3964 lxioni,
724 3889 777 3972 qui
796 3910 867 3950 eum
883 3888 903 3949 J
906 3888 1003 3951 unoni
1021 3896 1169 3972 stuprum
1187 3889 1301 3950 inferre
1316 3886 1475 3962 voluisset,
1491 3885 1607 3948 umbra

503 3992 572 4075 ejus
587 3992 713 4054 delusus
728 3998 788 4053 est.
830 3991 882 4054 lta
897 3990 1119 4074 intelligendus
1133 3998 1183 4053 est
1195 3988 1382 4052 Tertulliani
1398 3988 1486 4050 loeus
1500 3987 1534 4048 in
1548 3987 1605 4049 lib.

504 4093 544 4155 de
568 4092 805 4175 praeseriptione
831 4092 1063 4155 haeretieorum.
1112 4091 1196 4169 Quid
1222 4112 1289 4174 erpo
1314 4089 1414 4152 dicant
1439 4089 1493 4172 qui
1517 4087 1605 4150 illam

502 4194 708 4277 stupraweint
729 4194 881 4256 adulterio
903 4193 1050 4264 boeretioo,
1073 4192 1220 4276 oirpinem
1242 4191 1390 4254 traditam
1411 4211 1432 4252 a
1455 4188 1607 4251 Christo?

504 4300 589 4380 (esp.
605 4295 741 4379 penult.)
785 4296 888 4357 Porro
903 4295 934 4356 in
951 4294 1113 4357 eodieibus
1128 4293 1246 4357 uostris
1263 4293 1347 4355 Man.
1367 4290 1456 4353 Med.
1473 4298 1506 4353 et
1522 4289 1606 4352 Fuk.

504 4398 658 4481 seriptum
681 4396 818 4459 habetur
840 4396 1020 4476 ἀδιάφθορος
1044 4396 1160 4474 ἔμενεν,
1180 4416 1243 4457 non
1265 4400 1373 4456 autem
1396 4398 1433 4454 ut
1455 4391 1487 4453 in
1505 4389 1608 4473 Regio

504 4498 675 4580 exemplari
702 4506 736 4560 et
761 4499 846 4581 apud
870 4497 1084 4580 Nicephorum
1112 4498 1237 4574 ἔμεινεν.
1265 4494 1429 4555 Vsussrus.
1476 4491 1607 4554 Testem

504 4597 584 4659 citat
608 4596 770 4659 Strothius
793 4618 850 4679 pro
874 4598 980 4674 ἔμενεν
1006 4597 1125 4659 Oodiois
1150 4597 1245 4658 Vna.
1269 4596 1364 4657 Leett.
1388 4592 1501 4675 quibus
1523 4592 1607 4655 udde

507 4699 578 4763 eoa.
594 4697 695 4761 Saoil.
718 4719 772 4761 seu
794 4698 883 4761 Bodl.
931 4699 1050 4785 Utrum
1073 4721 1148 4763 vero
1169 4697 1375 4783 intelligendu
1396 4695 1439 4759 sit
1461 4694 1608 4758 universa
