3809 5650
470 672 534 735 174
560 665 754 731 ANNOTT.
780 665 830 729 IN
853 666 886 730 S.
902 666 1063 730 APOLL.
1088 666 1278 731 HIERAP.
1304 666 1481 731 FRAGM.

515 832 554 896 P.
574 850 643 916 152.
660 833 681 894 l.
699 849 730 913 7.
745 832 793 897 ait
809 832 973 916 Socrates]
1005 832 1127 896 Similia
1142 831 1339 917 Nicephorus
1353 833 1452 897 habet
1466 833 1520 897 lib.
1537 856 1568 896 x.

470 954 540 1017 cap.
562 953 608 1013 ¹4·
625 933 802 997 Hieme.

514 1034 597 1097 Ibid.
621 1034 642 1098 Ι.
670 1035 720 1097 28.
747 1033 972 1119 explicarunt]
1008 1033 1224 1118 Hieronymus
1247 1033 1374 1117 quidem
1397 1035 1431 1097 in
1453 1034 1506 1099 lib.
1522 1036 1572 1097 De

477 1134 561 1199 Vin's
590 1135 647 1199 Ill.
671 1157 740 1219 cap.
764 1138 813 1198 18.
839 1134 894 1198 ubi
918 1142 1030 1198 narrat
1054 1135 1189 1219 Papiam
1219 1135 1303 1199 mille
1329 1158 1485 1199 annorum
1510 1136 1533 1197 J
1536 1158 1570 1199 u-

470 1236 594 1300 daicam
616 1237 751 1299 edidisse
772 1236 961 1316 δευτέρωσιν,
976 1234 1076 1309 addit,
1092 1257 1165 1299 eum
1184 1243 1310 1300 secutos
1330 1258 1399 1300 esse
1418 1239 1570 1300 Irennmn

468 1347 496 1401 et
510 1337 731 1421 Apollinarem,
746 1345 774 1399 et
787 1346 914 1412 ceteros,
929 1336 984 1420 qni
990 1345 1061 1420 poet
1075 1337 1315 1400 resurrectionem
1329 1339 1419 1401 olunt
1432 1339 1467 1401 in
1481 1360 1571 1401 corne

406 1506 410 1515 ,
470 1439 641 1502 Dominum
655 1459 722 1501 oum
735 1438 847 1500 sanctis
861 1446 1065 1521 ropncturmn.
1111 1436 1232 1499 Verum
1248 1438 1405 1523 designari
1421 1440 1481 1502 hoc
1501 1439 1569 1502 loco

470 1539 699 1624 Apollinarem,
725 1539 834 1623 Papiae
854 1538 886 1600 in
902 1539 976 1600 sede
1000 1537 1244 1621 Hierapolitana
1258 1561 1481 1616 successorem,
1498 1564 1570 1625 pro·

469 1641 559 1703 hibet
574 1662 624 1703 me
647 1640 775 1704 credere
796 1638 877 1703 nlius
893 1639 1080 1722 Hieronymi
1103 1639 1190 1703 locus
1210 1640 1243 1703 in
1266 1642 1350 1705 notis
1371 1642 1569 1707 Fabricianis

469 1740 588 1804 ibidem
616 1740 791 1814 videndus;
815 1740 868 1803 ubi
890 1747 1015 1815 auctor,
1041 1747 1212 1824 postquam
1237 1740 1370 1805 Latinos
1386 1743 1568 1828 scriptores,

468 1842 558 1927 regni
588 1842 672 1905 mille
700 1862 855 1905 annorum
885 1841 1076 1916 defensores,
1105 1843 1303 1921 memoravit,
1326 1846 1373 1908 El
1392 1855 1425 1908 ut
1449 1847 1569 1909 Groecoe

468 1945 623 2019 nominem,
639 1943 741 2019 addit,
756 1952 790 2005 ut
797 1943 937 2027 pansam
956 1951 1172 2027 extremumque
1189 1944 1377 2028 mnjceipom,
1392 1947 1529 2009 [renen
1542 1955 1568 2009 et

469 2045 673 2131 Apollinaris,
692 2046 747 2106 &a
763 2044 816 2106 lib.
829 2043 870 2106 xi.
885 2045 998 2106 Comm.
1015 2044 1050 2106 in
1065 2044 1173 2108 Eucl.
1189 2067 1260 2130 cap.
1275 2049 1329 2131 36.
1376 2047 1438 2110 His
1459 2056 1568 2111 autem

469 2147 574 2210 verbis
586 2145 803 2229 Apollinarem
817 2144 1031 2208 Laodicenum
1042 2145 1221 2230 significari,
1238 2147 1343 2210 saeculi
1353 2148 1459 2231 quarti
1471 2149 1567 2233 scrip

468 2255 584 2321 torem,
600 2246 686 2309 haud
701 2245 899 2322 dubitabam,
914 2245 963 2309 vel
985 2245 1170 2331 priusquam
1185 2248 1320 2311 eundem
1336 2247 1567 2331 Hieronymum

469 2348 659 2412 referentem
683 2345 824 2410 videram
847 2346 879 2409 in
904 2347 1056 2410 Prooemo'o
1079 2348 1111 2409 in
1135 2347 1190 2410 lib.
1208 2348 1291 2412 xviii.
1318 2348 1428 2411 comm.
1449 2350 1566 2428 Esaia,

469 2448 669 2532 respondisse
684 2447 836 2532 Dionysio
852 2447 1071 2511 Alexandrino
1085 2447 1170 2511 mille
1184 2470 1348 2522 annorum,
1365 2469 1458 2531 quam
1474 2458 1567 2513 vocat

472 2550 697 2632 Hieronymus,
713 2548 853 2612 fabulam
874 2548 1019 2612 irridenti
1035 2548 1262 2632 Apollinarem.
1307 2548 1369 2611 Est
1383 2547 1481 2632 igitur
1495 2570 1566 2633 pro

470 2650 585 2723 babile,
600 2650 695 2714 eximi
707 2650 822 2713 debere
837 2650 920 2714 hunc
936 2649 1042 2713 saeculi
1057 2650 1196 2726 secundi,
1212 2672 1305 2733 quem
1320 2649 1426 2726 attuli,
1442 2657 1567 2734 patrem

471 2751 690 2838 Apollinarem
705 2750 984 2837 Hierapolitanum
998 2772 1016 2814 e
1032 2749 1190 2815 Ohilastis.
