3809 5650
403 679 467 751 196
768 661 1124 729 Auuornrrouus

401 849 481 913 Hirr.
498 843 615 922 Escae.
631 838 699 900 loeo
719 835 812 896 modo
835 832 965 895 laudato
988 853 1060 914 pag.
1079 850 1149 910 194.
1167 839 1204 892 ut
1226 838 1413 893 statuantur
1436 853 1495 913 pro

399 945 493 1011 solita
516 944 679 1002 καθολικῶυ
705 938 873 997 ἐπιστολῶν
897 930 1128 1014 significatione
1151 929 1193 992 ad
1216 930 1322 1014 plures
1345 930 1493 993 ecclesias

398 1046 501 1111 nrissae
516 1059 583 1102 esse
597 1034 728 1118 singulm
741 1033 791 1095 lun
806 1030 950 1113 Dionysii
966 1031 1118 1113 epistolae.
1160 1031 1268 1093 Minus
1283 1038 1391 1093 autem
1405 1046 1494 1094 recte

399 1137 598 1208 Tillemontio
609 1136 707 1198 visum
720 1143 778 1207 est,
792 1131 851 1194 has
862 1130 1015 1216 epistolas
1027 1133 1068 1194 nb
1081 1132 1220 1195 Eusebio
1235 1131 1409 1195 catholicas
1421 1132 1493 1207 dici,

397 1242 471 1327 qnia
492 1239 532 1302 ad
556 1234 702 1299 ecclesias
725 1240 823 1307 totas,
847 1254 909 1293 non
936 1254 1034 1295 unum
1057 1232 1194 1316 aliquem
1224 1233 1336 1307 virum,
1367 1234 1493 1316 scriptae

396 1345 510 1405 essent.
536 1335 605 1398 l'id.
622 1355 694 1397 eum
709 1342 787 1397 tom.
803 1333 834 1396 ii.
851 1334 943 1396 Mem.
960 1333 1125 1397 Ecclesia
1138 1334 1294 1416 Dionysio.
1326 1334 1405 1398 Ourn
1420 1356 1495 1397 vero

395 1440 477 1503 infra
501 1437 626 1499 dicatur
650 1441 780 1497 sanctus
805 1434 972 1519 episcopus
995 1435 1162 1518 epistolam
1188 1435 1350 1518 scripsisse
1376 1436 1418 1498 nd
1442 1457 1495 1497 ec-

394 1540 521 1604 elesiam
536 1535 795 1619 Gortyniensium
809 1543 843 1599 et
857 1536 995 1620 reliquas
1007 1536 1100 1598 sinaut
1114 1536 1219 1601 Gretae
1234 1536 1393 1609 ecclesias,
1404 1543 1437 1599 et
1452 1537 1495 1598 ad

396 1638 632 1705 Amastrienscs
647 1645 680 1701 et
696 1646 829 1700 emtores
848 1638 943 1700 οιύιυῐ
964 1638 1111 1701 ecclesias
1128 1638 1237 1713 Ponti,
1252 1639 1407 1721 ejusmodi
1431 1639 1495 1699 lor·

395 1754 480 1811 tasse
495 1739 636 1823 epistolae
652 1738 762 1801 itidem
777 1739 914 1808 fuerunt.
928 1760 1008 1823 quas
1022 1739 1064 1802 ad
1077 1739 1335 1801 Lacedaemonios
1350 1746 1497 1801 caeteros·

395 1840 598 1929 quemiserit.
636 1839 746 1917 Qualis
757 1847 791 1903 et
802 1839 938 1929 epistola
950 1841 1086 1905 Paulina
1094 1841 1252 1924 posterior
1262 1841 1304 1904 ad
1315 1840 1498 1905 Corinthios

395 1942 540 2007 extitisse
564 1940 701 2016 videtur,
726 1947 761 2003 et
790 1940 845 2003 illa
873 1962 1000 2025 quoque
1028 1942 1070 2005 ed
1101 1942 1316 2017 Colossenses‚
1342 1941 1427 2025 quod
1456 1961 1497 2004 ex

396 2064 508 2111 comm.
531 2043 577 2105 16.
593 2063 662 2125 cap.
678 2041 736 2104 ult.
752 2041 942 2106 ostenditur.

441 2144 478 2206 P.
493 2142 563 2204 181.
579 2140 599 2203 l.
614 2145 663 2206 26.
680 2144 851 2222 ὀρθοδοξίας
866 2143 1057 2228 κατηχηπικὴ]
1074 2145 1111 2209 ln
1121 2144 1225 2207 tribus
1235 2143 1396 2207 codicibus
1409 2143 1496 2204 lllnz.

397 2244 488 2307 Mod.
507 2248 541 2305 et
566 2241 649 2304 Fuk.
666 2242 820 2325 seriptum
843 2250 894 2308 est
919 2250 1120 2328 κατηχηπικῆς.
1167 2245 1230 2307 Sed
1253 2243 1415 2328 vulgatam
1437 2241 1500 2305 lec-

395 2344 513 2407 tionem
528 2342 629 2426 magis
644 2343 753 2426 probo,
770 2365 865 2426 quarn
883 2343 1052 2409 confirmat
1071 2345 1169 2409 etiam
1191 2345 1398 2429 Nicephorus.
1445 2342 1498 2406 Sic

395 2445 479 2508 enim
500 2444 551 2507 ille
570 2445 654 2507 hunc
679 2445 808 2508 Eusebii
834 2444 938 2509 locum
962 2447 1138 2530 expressit:
1165 2450 1208 2510 ὧν
1230 2450 1284 2524 μία
1308 2446 1382 2526 πρὸς
1403 2450 1498 2507 Λακε-

397 2548 563 2623 δαιμονίους
593 2545 670 2621 ἐστὶ,
701 2546 865 2627 κατήχησιν
890 2544 1075 2627 περιέχουσα
1101 2548 1281 2625 ὀρθοδοξίας.
1340 2546 1498 2607 Vsnrsrus.

398 2646 501 2717 Extat
511 2645 605 2708 lectio
617 2652 745 2728 recepta
755 2645 787 2707 in
797 2645 867 2708 cod.
880 2666 1005 2729 quoque
1014 2646 1174 2730 Nessum:
1190 2668 1273 2709 nunc
1282 2645 1405 2709 addidit
1420 2645 1499 2707 Bur·

397 2754 493 2813 tonus
507 2747 590 2810 codd.
606 2749 680 2832 Rep.
696 2747 804 2809 Parae.
829 2747 929 2810 Vener.
944 2747 1201 2833 Florentiuosquc.

443 2852 483 2913 P.
507 2851 577 2916 182.
598 2849 620 2912 l.
643 2869 672 2911 2.
697 2849 732 2927 ἦς
756 2848 999 2929 ὀλιγωρήσαντος
1023 2849 1156 2934 ἔλεγχοι]
1182 2849 1307 2913 Forsan
1331 2852 1412 2914 πιυᾶς
1427 2854 1501 2932 post

398 2949 643 3032 ὀλιγωρήσαντος
657 2948 778 3013 invenit
793 2949 937 3026 Rufinus,
951 2950 1003 3033 qui
1020 2951 1127 3027 vertit,
1141 2950 1235 3013 σι’-οιιιῖ
1248 2961 1276 3013 et
1289 2951 1393 3034 arcuit
1408 2971 1502 3033 quos·

399 3052 474 3115 darn
489 3051 566 3114 'uelut
573 3072 651 3134 pene
659 3050 819 3134 prolapsos
833 3050 936 3131 ofide.
982 3050 1063 3113 Mox
1079 3072 1137 3133 pro
1152 3052 1220 3116 τοὺς
1242 3052 1384 3131 διωγμοὺς
1406 3049 1501 3114 scribi

399 3158 451 3223 τοῦ
466 3157 632 3234 πειρασμοῦ
646 3152 679 3214 in
694 3151 759 3214 cod.
774 3150 916 3235 Norfolc,
933 3173 1016 3214 nuno
1032 3152 1149 3215 certior
1164 3152 1268 3216 sactus
1282 3174 1362 3215 sum.

445 3252 526 3317 lbid.
541 3253 563 3325 l,
577 3274 607 3330 4.
625 3252 777 3333 Κοδράποο
793 3256 825 3315 δὲ
842 3254 912 3335 tro]
931 3252 1037 3316 Extat
1055 3253 1136 3316 bene
1159 3252 1254 3337 longa
1271 3253 1386 3317 Valesii
1410 3259 1498 3324 nota,

400 3353 512 3437 inqua
534 3354 700 3437 episcopus
725 3353 932 3419 Atheniensis
955 3374 975 3415 a
996 3352 1162 3429 Quadrato
1188 3353 1366 3438 apologista
1390 3350 1502 3414 distin-

400 3456 527 3540 guitur;
542 3462 575 3518 et
586 3454 728 3530 Publius,
737 3454 791 3537 qni
801 3454 834 3516 in
843 3455 918 3518 sede
927 3455 1089 3537 praecessit
1098 3455 1299 3532 Quadratum
1309 3455 1512 3538 episcopum.

401 3556 556 3639 Dionysio
572 3555 778 3640 Areopagitas
793 3555 936 3638 proxime
951 3556 1137 3620 successisse
1152 3564 1297 3640 negatur.
1338 3558 1417 3632 Quae
1433 3553 1502 3637 qui·

401 3659 474 3724 dem
489 3657 595 3720 omnia
609 3656 874 3739 interpretatione
888 3656 983 3740 hujus
1001 3657 1062 3719 loci
1082 3657 1240 3732 nituntur,
1262 3679 1325 3740 qua
1348 3657 1503 3720 statuitur

401 3758 573 3844 Dionysius
588 3756 771 3822 Corinthius
785 3758 825 3820 de
840 3758 1006 3834 Quadrato
1026 3758 1150 3822 locutus
1172 3781 1249 3835 esse,
1265 3766 1419 3841 tanquam
1441 3756 1502 3820 sibi

401 3861 527 3945 aequali‚
541 3867 639 3945 atque
649 3859 682 3922 in
695 3859 799 3923 locum
815 3858 919 3922 Publii
934 3881 1044 3923 recens
1058 3859 1242 3924 substituto.
1289 3860 1413 3923 Videsis
1431 3881 1501 3942 quae

404 3962 545 4027 Grabius
559 3969 672 4026 contra
685 3960 779 4024 affert
790 3961 823 4024 in
837 3969 914 4024 tom.
930 3960 963 4023 ii.
979 3960 1089 4045 Spicil.
1102 3983 1133 4045 p.
1149 3981 1219 4044 119.
1232 3963 1274 4025 ad
1291 3962 1500 4040 ρυαᾶναοαυις

403 4071 437 4129 et
453 4063 571 4127 Cavius
589 4062 621 4125 in
637 4063 725 4125 Hor.
740 4062 806 4124 Lu.
823 4070 899 4126 tom.
918 4063 946 4124 Ι.
963 4085 994 4146 p.
1009 4080 1062 4146 52.
1108 4061 1212 4126 Notat
1236 4062 1403 4125 Fabricius
1426 4082 1502 4145 quo-

404 4187 466 4251 que
488 4165 530 4229 ad
555 4163 689 4228 Hieron.
711 4163 761 4226 De
784 4164 871 4227 Viris
893 4163 948 4227 Ill.
968 4185 1039 4247 cap.
1054 4163 1119 4226 xix.
1164 4163 1379 4228 Valesiohac
1403 4163 1502 4225 dere

405 4266 599 4331 consensisse
624 4273 645 4301 ‘⁶
661 4264 835 4348 Dupinum,
863 4265 1070 4340 Lemoinium‚
1095 4264 1341 4341 Tillemontium,
1358 4265 1400 4327 ob
1423 4270 1504 4328 tem-

407 4377 555 4451 “porum
576 4367 727 4443 rationes,
746 4366 802 4428 sed
823 4366 951 4430 minime
973 4366 1171 4450 expeditas.’'
1215 4368 1297 4429 Mox
1320 4366 1352 4428 in
1375 4365 1503 4429 vocibus

406 4468 503 4532 αὐτῶν
527 4468 699 4541 ἐπισκόπου,
715 4487 795 4549 quas
809 4465 958 4530 Valesius
982 4465 1030 4530 ita
1056 4474 1217 4550 posuerat,
1234 4465 1398 4530 Strothius
1420 4464 1504 4549 prio·

405 4588 473 4630 rem
493 4566 633 4651 ipsarum
659 4566 811 4642 ordinem,
836 4567 999 4631 ἐπισκόπου
1023 4567 1128 4642 αὐτῶν,
1147 4567 1180 4630 in
1203 4567 1253 4630 ed.
1269 4587 1360 4630 suam
1377 4586 1503 4629 revoca

405 4667 471 4742 vit;
494 4666 548 4732 sed
572 4688 644 4731 cum
661 4665 790 4732 Valesio
807 4666 928 4732 faciunt
949 4667 1063 4732 codices
1076 4667 1167 4732 Bodl.
1184 4674 1218 4731 et
1232 4666 1372 4751 Norfolc.
1389 4666 1506 4749 aliique

406 4789 524 4845 ornnes,
540 4775 577 4831 ut
592 4788 675 4830 nunc
689 4767 789 4831 refert
803 4766 977 4846 Burtonus,
992 4775 1110 4854 praeter
1124 4768 1265 4854 Repium
