<?xml version="1.0" encoding="UTF-8"?>
<!DOCTYPE html PUBLIC "-//W3C//DTD XHTML 1.0 Transitional//EN"
    "http://www.w3.org/TR/xhtml1/DTD/xhtml1-transitional.dtd">
<html xmlns="http://www.w3.org/1999/xhtml" xml:lang="en" lang="en">
 <head>
  <title>
</title>
<meta http-equiv="Content-Type" content="text/html;charset=utf-8" />
  <meta name='ocr-system' content='tesseract 3.04.00' />
  <meta name='ocr-capabilities' content='ocr_page ocr_carea ocr_par ocr_line ocrx_word'/>
</head>
<body>
  <div class='ocr_page' id='page_1' title='image "./reliquiaesacrae07routgoog_0492.png"; bbox 0 0 3809 5650; ppageno 0'>
   <div class='ocr_carea' id='block_1_1' title="bbox 496 705 1509 786">
    <p class='ocr_par' dir='ltr' id='par_1_1' title="bbox 496 705 1509 786">
     <span class='ocr_line' id='line_1_1' title="bbox 496 705 1509 786; baseline 0.013 -16"><span class='ocrx_word' id='word_1_1' title='bbox 496 705 546 771; x_wconf 88' lang='lat' dir='ltr'><strong>IN</strong></span> <span class='ocrx_word' id='word_1_2' title='bbox 572 705 855 773; x_wconf 86' lang='lat' dir='ltr'><strong>FRAGMENT.</strong></span> <span class='ocrx_word' id='word_1_3' title='bbox 880 712 1082 775; x_wconf 85' lang='lat' dir='ltr'><strong>INCERTI</strong></span> <span class='ocrx_word' id='word_1_4' title='bbox 1108 713 1399 779; x_wconf 84' lang='lat' dir='ltr'><strong>SCRIPTORlS.</strong></span> <span class='ocrx_word' id='word_1_5' title='bbox 1445 721 1509 786; x_wconf 81' lang='lat'><strong>409</strong></span> 
     </span>
    </p>
   </div>
   <div class='ocr_carea' id='block_1_2' title="bbox 408 874 1505 970">
    <p class='ocr_par' dir='ltr' id='par_1_2' title="bbox 408 874 1505 970">
     <span class='ocr_line' id='line_1_2' title="bbox 408 874 1505 970; baseline 0.012 -32"><span class='ocrx_word' id='word_1_6' title='bbox 408 874 561 940; x_wconf 87' lang='lat' dir='ltr'><strong>indictum</strong></span> <span class='ocrx_word' id='word_1_7' title='bbox 571 877 727 961; x_wconf 89' lang='lat' dir='ltr'><strong>jejunium</strong></span> <span class='ocrx_word' id='word_1_8' title='bbox 743 879 826 962; x_wconf 93' lang='lat' dir='ltr'><strong>quod</strong></span> <span class='ocrx_word' id='word_1_9' title='bbox 838 879 966 954; x_wconf 76' lang='lat' dir='ltr'><strong>attinet,</strong></span> <span class='ocrx_word' id='word_1_10' title='bbox 976 882 1061 963; x_wconf 88' lang='lat' dir='ltr'><strong>quod</strong></span> <span class='ocrx_word' id='word_1_11' title='bbox 1075 881 1203 964; x_wconf 92' lang='lat' dir='ltr'><strong>quidem</strong></span> <span class='ocrx_word' id='word_1_12' title='bbox 1216 883 1357 947; x_wconf 88' lang='lat' dir='ltr'><strong>nonnulli</strong></span> <span class='ocrx_word' id='word_1_13' title='bbox 1369 907 1428 970; x_wconf 91' lang='lat' dir='ltr'><strong>pro</strong></span> <span class='ocrx_word' id='word_1_14' title='bbox 1438 908 1505 951; x_wconf 88' lang='lat' dir='ltr'><strong>sus·</strong></span> 
     </span>
    </p>
   </div>
   <div class='ocr_carea' id='block_1_3' title="bbox 407 978 1506 1159">
    <p class='ocr_par' dir='ltr' id='par_1_3' title="bbox 407 978 1506 1159">
     <span class='ocr_line' id='line_1_3' title="bbox 407 978 1504 1068; baseline 0.01 -29"><span class='ocrx_word' id='word_1_15' title='bbox 407 983 501 1059; x_wconf 87' lang='lat' dir='ltr'><strong>pecto</strong></span> <span class='ocrx_word' id='word_1_16' title='bbox 516 978 705 1053; x_wconf 88' lang='lat' dir='ltr'><strong>habuerunt,</strong></span> <span class='ocrx_word' id='word_1_17' title='bbox 722 979 797 1061; x_wconf 89' lang='lat' dir='ltr'><strong>quia</strong></span> <span class='ocrx_word' id='word_1_18' title='bbox 816 1001 909 1043; x_wconf 91' lang='lat' dir='ltr'><strong>nemo</strong></span> <span class='ocrx_word' id='word_1_19' title='bbox 928 990 1005 1044; x_wconf 88' lang='lat' dir='ltr'><strong>ante</strong></span> <span class='ocrx_word' id='word_1_20' title='bbox 1022 980 1252 1065; x_wconf 84' lang='lat' dir='ltr'><strong>Hieronymum</strong></span> <span class='ocrx_word' id='word_1_21' title='bbox 1267 982 1379 1068; x_wconf 88' lang='lat' dir='ltr'><strong>jejunii</strong></span> <span class='ocrx_word' id='word_1_22' title='bbox 1397 986 1504 1049; x_wconf 90' lang='lat' dir='ltr'><strong>memi-</strong></span> 
     </span>
     <span class='ocr_line' id='line_1_4' title="bbox 407 1076 1506 1159; baseline 0.009 -23"><span class='ocrx_word' id='word_1_23' title='bbox 407 1082 510 1151; x_wconf 91' lang='lat' dir='ltr'><strong>nerat,</strong></span> <span class='ocrx_word' id='word_1_24' title='bbox 534 1076 602 1159; x_wconf 88' lang='lat' dir='ltr'><strong>ejus</strong></span> <span class='ocrx_word' id='word_1_25' title='bbox 626 1096 709 1140; x_wconf 88' lang='lat' dir='ltr'><strong>uuna</strong></span> <span class='ocrx_word' id='word_1_26' title='bbox 731 1077 856 1140; x_wconf 92' lang='lat' dir='ltr'><strong>demum</strong></span> <span class='ocrx_word' id='word_1_27' title='bbox 880 1078 971 1141; x_wconf 92' lang='lat' dir='ltr'><strong>uobis</strong></span> <span class='ocrx_word' id='word_1_28' title='bbox 992 1078 1085 1142; x_wconf 90' lang='lat' dir='ltr'><strong>testis</strong></span> <span class='ocrx_word' id='word_1_29' title='bbox 1104 1088 1155 1143; x_wconf 91' lang='lat' dir='ltr'><strong>est</strong></span> <span class='ocrx_word' id='word_1_30' title='bbox 1180 1080 1231 1143; x_wconf 91' lang='lat' dir='ltr'><strong>hio</strong></span> <span class='ocrx_word' id='word_1_31' title='bbox 1256 1091 1369 1145; x_wconf 88' lang='lat' dir='ltr'><strong>auctor</strong></span> <span class='ocrx_word' id='word_1_32' title='bbox 1391 1083 1506 1147; x_wconf 87' lang='lat' dir='ltr'><strong>Hiero-</strong></span> 
     </span>
    </p>
   </div>
   <div class='ocr_carea' id='block_1_4' title="bbox 399 1177 1505 4792">
    <p class='ocr_par' dir='ltr' id='par_1_4' title="bbox 405 1177 1505 1867">
     <span class='ocr_line' id='line_1_5' title="bbox 406 1177 1505 1268; baseline 0.011 -33"><span class='ocrx_word' id='word_1_33' title='bbox 406 1195 536 1258; x_wconf 91' lang='lat' dir='ltr'><strong>nymum</strong></span> <span class='ocrx_word' id='word_1_34' title='bbox 556 1177 679 1239; x_wconf 90' lang='lat' dir='ltr'><strong>duobus</strong></span> <span class='ocrx_word' id='word_1_35' title='bbox 699 1177 763 1241; x_wconf 88' lang='lat' dir='ltr'><strong>lere</strong></span> <span class='ocrx_word' id='word_1_36' title='bbox 784 1177 906 1241; x_wconf 84' lang='lat' dir='ltr'><strong>saeculis</strong></span> <span class='ocrx_word' id='word_1_37' title='bbox 925 1181 1125 1243; x_wconf 75' lang='lat' dir='ltr'><strong>antecedens.</strong></span> <span class='ocrx_word' id='word_1_38' title='bbox 1171 1181 1273 1246; x_wconf 88' lang='lat' dir='ltr'><strong>Immo</strong></span> <span class='ocrx_word' id='word_1_39' title='bbox 1293 1183 1390 1246; x_wconf 90' lang='lat' dir='ltr'><strong>moris</strong></span> <span class='ocrx_word' id='word_1_40' title='bbox 1411 1184 1505 1268; x_wconf 91' lang='lat' dir='ltr'><strong>hujus</strong></span> 
     </span>
     <span class='ocr_line' id='line_1_6' title="bbox 406 1275 1503 1363; baseline 0.009 -25"><span class='ocrx_word' id='word_1_41' title='bbox 406 1275 571 1358; x_wconf 89' lang='lat' dir='ltr'><strong>apostolici</strong></span> <span class='ocrx_word' id='word_1_42' title='bbox 594 1277 627 1339; x_wconf 92' lang='lat' dir='ltr'><strong>in</strong></span> <span class='ocrx_word' id='word_1_43' title='bbox 648 1278 743 1341; x_wconf 91' lang='lat' dir='ltr'><strong>rebus</strong></span> <span class='ocrx_word' id='word_1_44' title='bbox 764 1278 871 1363; x_wconf 89' lang='lat' dir='ltr'><strong>magui</strong></span> <span class='ocrx_word' id='word_1_45' title='bbox 893 1280 1047 1342; x_wconf 85' lang='lat' dir='ltr'><strong>momenti</strong></span> <span class='ocrx_word' id='word_1_46' title='bbox 1070 1281 1229 1345; x_wconf 88' lang='lat' dir='ltr'><strong>observati</strong></span> <span class='ocrx_word' id='word_1_47' title='bbox 1251 1283 1375 1347; x_wconf 88' lang='lat' dir='ltr'><strong>dabunt</strong></span> <span class='ocrx_word' id='word_1_48' title='bbox 1399 1306 1503 1348; x_wconf 88' lang='lat' dir='ltr'><strong>exem·</strong></span> 
     </span>
     <span class='ocr_line' id='line_1_7' title="bbox 406 1376 1505 1463; baseline 0.01 -25"><span class='ocrx_word' id='word_1_49' title='bbox 406 1376 493 1460; x_wconf 89' lang='lat' dir='ltr'><strong>plum</strong></span> <span class='ocrx_word' id='word_1_50' title='bbox 508 1381 605 1440; x_wconf 81' lang='lat' dir='ltr'><strong>Actus</strong></span> <span class='ocrx_word' id='word_1_51' title='bbox 618 1382 724 1462; x_wconf 80' lang='lat' dir='ltr'><strong>Apost.</strong></span> <span class='ocrx_word' id='word_1_52' title='bbox 740 1379 843 1463; x_wconf 88' lang='lat' dir='ltr'><strong>capite</strong></span> <span class='ocrx_word' id='word_1_53' title='bbox 859 1379 920 1443; x_wconf 81' lang='lat' dir='ltr'><strong>xiv.</strong></span> <span class='ocrx_word' id='word_1_54' title='bbox 937 1401 1049 1443; x_wconf 89' lang='lat' dir='ltr'><strong>comm.</strong></span> <span class='ocrx_word' id='word_1_55' title='bbox 1064 1399 1114 1444; x_wconf 91' lang='lat'><strong>22.</strong></span> <span class='ocrx_word' id='word_1_56' title='bbox 1137 1383 1184 1445; x_wconf 80' lang='lat' dir='ltr'><strong>Et</strong></span> <span class='ocrx_word' id='word_1_57' title='bbox 1202 1402 1269 1444; x_wconf 79' lang='lat' dir='ltr'><strong>omn</strong></span> <span class='ocrx_word' id='word_1_58' title='bbox 1288 1384 1505 1448; x_wconf 67' lang='lat' dir='ltr'><strong>amitterent</strong></span> 
     </span>
     <span class='ocr_line' id='line_1_8' title="bbox 405 1478 1504 1568; baseline 0.006 -28"><span class='ocrx_word' id='word_1_59' title='bbox 405 1478 468 1540; x_wconf 71' lang='lat' dir='ltr'><strong>illes</strong></span> <span class='ocrx_word' id='word_1_60' title='bbox 484 1479 699 1563; x_wconf 66' lang='lat' dir='ltr'><strong>persingulas</strong></span> <span class='ocrx_word' id='word_1_61' title='bbox 719 1480 854 1543; x_wconf 63' lang='lat' dir='ltr'><strong>archoas</strong></span> <span class='ocrx_word' id='word_1_62' title='bbox 871 1480 1067 1565; x_wconf 80' lang='lat' dir='ltr'><strong>presbyteros,</strong></span> <span class='ocrx_word' id='word_1_63' title='bbox 1088 1489 1115 1544; x_wconf 77' lang='lat' dir='ltr'><strong>er</strong></span> <span class='ocrx_word' id='word_1_64' title='bbox 1137 1492 1270 1546; x_wconf 68' lang='lat' dir='ltr'><strong>orosam</strong></span> <span class='ocrx_word' id='word_1_65' title='bbox 1291 1505 1363 1546; x_wconf 89' lang='lat' dir='ltr'><strong>cum</strong></span> <span class='ocrx_word' id='word_1_66' title='bbox 1381 1484 1504 1568; x_wconf 89' lang='lat' dir='ltr'><strong>jejuna-</strong></span> 
     </span>
     <span class='ocr_line' id='line_1_9' title="bbox 405 1578 1501 1666; baseline 0.005 -24"><span class='ocrx_word' id='word_1_67' title='bbox 405 1578 553 1655; x_wconf 83' lang='lat' dir='ltr'><strong>tionibus,</strong></span> <span class='ocrx_word' id='word_1_68' title='bbox 569 1580 846 1644; x_wconf 79' lang='lat' dir='ltr'><strong>eommeadueeruut</strong></span> <span class='ocrx_word' id='word_1_69' title='bbox 860 1602 906 1644; x_wconf 82' lang='lat' dir='ltr'><strong>eoa</strong></span> <span class='ocrx_word' id='word_1_70' title='bbox 920 1583 1060 1645; x_wconf 75' lang='lat' dir='ltr'><strong>Dorniao.</strong></span> <span class='ocrx_word' id='word_1_71' title='bbox 1096 1582 1163 1644; x_wconf 89' lang='lat' dir='ltr'><strong>Adi</strong></span> <span class='ocrx_word' id='word_1_72' title='bbox 1178 1590 1212 1646; x_wconf 90' lang='lat' dir='ltr'><strong>et</strong></span> <span class='ocrx_word' id='word_1_73' title='bbox 1227 1604 1294 1666; x_wconf 88' lang='lat' dir='ltr'><strong>cap.</strong></span> <span class='ocrx_word' id='word_1_74' title='bbox 1305 1583 1370 1646; x_wconf 87' lang='lat' dir='ltr'><strong>xiii.</strong></span> <span class='ocrx_word' id='word_1_75' title='bbox 1390 1606 1501 1647; x_wconf 92' lang='lat' dir='ltr'><strong>comm.</strong></span> 
     </span>
     <span class='ocr_line' id='line_1_10' title="bbox 407 1679 1503 1765; baseline 0.007 -24"><span class='ocrx_word' id='word_1_76' title='bbox 407 1697 435 1742; x_wconf 99' lang='lat'><strong>2.</strong></span> <span class='ocrx_word' id='word_1_77' title='bbox 456 1699 488 1763; x_wconf 88' lang='lat'><strong>3.</strong></span> <span class='ocrx_word' id='word_1_78' title='bbox 539 1679 683 1764; x_wconf 91' lang='lat' dir='ltr'><strong>Denique</strong></span> <span class='ocrx_word' id='word_1_79' title='bbox 709 1681 865 1765; x_wconf 91' lang='lat' dir='ltr'><strong>jejunium</strong></span> <span class='ocrx_word' id='word_1_80' title='bbox 896 1703 968 1745; x_wconf 90' lang='lat' dir='ltr'><strong>cum</strong></span> <span class='ocrx_word' id='word_1_81' title='bbox 997 1681 1141 1745; x_wconf 90' lang='lat' dir='ltr'><strong>oratione</strong></span> <span class='ocrx_word' id='word_1_82' title='bbox 1171 1683 1375 1765; x_wconf 89' lang='lat' dir='ltr'><strong>ooujunotum</strong></span> <span class='ocrx_word' id='word_1_83' title='bbox 1404 1685 1503 1748; x_wconf 88' lang='lat' dir='ltr'><strong>habos</strong></span> 
     </span>
     <span class='ocr_line' id='line_1_11' title="bbox 405 1781 935 1867; baseline 0.008 -24"><span class='ocrx_word' id='word_1_84' title='bbox 405 1782 487 1845; x_wconf 78' lang='lat' dir='ltr'><strong>Mat.</strong></span> <span class='ocrx_word' id='word_1_85' title='bbox 505 1781 578 1844; x_wconf 88' lang='lat' dir='ltr'><strong>xvii.</strong></span> <span class='ocrx_word' id='word_1_86' title='bbox 593 1802 643 1847; x_wconf 88' lang='lat'><strong>21.</strong></span> <span class='ocrx_word' id='word_1_87' title='bbox 659 1788 693 1846; x_wconf 91' lang='lat' dir='ltr'><strong>et</strong></span> <span class='ocrx_word' id='word_1_88' title='bbox 711 1785 812 1847; x_wconf 83' lang='lat' dir='ltr'><strong>Marc.</strong></span> <span class='ocrx_word' id='word_1_89' title='bbox 823 1784 867 1849; x_wconf 83' lang='lat' dir='ltr'><strong>ix.</strong></span> <span class='ocrx_word' id='word_1_90' title='bbox 885 1804 935 1867; x_wconf 87' lang='lat'><strong>29.</strong></span> 
     </span>
    </p>

    <p class='ocr_par' dir='ltr' id='par_1_5' title="bbox 403 1882 1501 2067">
     <span class='ocr_line' id='line_1_12' title="bbox 449 1882 1501 1967; baseline 0.004 -23"><span class='ocrx_word' id='word_1_91' title='bbox 449 1882 487 1944; x_wconf 93' lang='lat' dir='ltr'><strong>P.</strong></span> <span class='ocrx_word' id='word_1_92' title='bbox 503 1902 578 1966; x_wconf 85' lang='lat'><strong>394.</strong></span> <span class='ocrx_word' id='word_1_93' title='bbox 603 1883 623 1946; x_wconf 99' lang='lat' dir='ltr'><strong>l.</strong></span> <span class='ocrx_word' id='word_1_94' title='bbox 645 1904 691 1966; x_wconf 89' lang='lat'><strong>19.</strong></span> <span class='ocrx_word' id='word_1_95' title='bbox 713 1884 903 1948; x_wconf 90' lang='lat' dir='ltr'><strong>alterutrum</strong></span> <span class='ocrx_word' id='word_1_96' title='bbox 924 1884 1016 1948; x_wconf 89' lang='lat' dir='ltr'><strong>nobis</strong></span> <span class='ocrx_word' id='word_1_97' title='bbox 1037 1886 1231 1967; x_wconf 87' lang='lat' dir='ltr'><strong>enarremus]</strong></span> <span class='ocrx_word' id='word_1_98' title='bbox 1251 1883 1295 1947; x_wconf 92' lang='lat' dir='ltr'><strong>H.</strong></span> <span class='ocrx_word' id='word_1_99' title='bbox 1307 1906 1333 1947; x_wconf 93' lang='lat' dir='ltr'><strong>e.</strong></span> <span class='ocrx_word' id='word_1_100' title='bbox 1349 1906 1392 1947; x_wconf 90' lang='lat' dir='ltr'><strong>an</strong></span> <span class='ocrx_word' id='word_1_101' title='bbox 1406 1884 1501 1949; x_wconf 84' lang='lat' dir='ltr'><strong>luerit</strong></span> 
     </span>
     <span class='ocr_line' id='line_1_13' title="bbox 403 1982 1277 2067; baseline 0.005 -23"><span class='ocrx_word' id='word_1_102' title='bbox 403 1982 600 2065; x_wconf 84' lang='lat' dir='ltr'><strong>evangelium</strong></span> <span class='ocrx_word' id='word_1_103' title='bbox 615 1992 729 2067; x_wconf 87' lang='lat' dir='ltr'><strong>rogatu</strong></span> <span class='ocrx_word' id='word_1_104' title='bbox 744 2006 852 2048; x_wconf 89' lang='lat' dir='ltr'><strong>eorum</strong></span> <span class='ocrx_word' id='word_1_105' title='bbox 867 1983 1139 2061; x_wconf 84' lang='lat' dir='ltr'><strong>conscribendum,</strong></span> <span class='ocrx_word' id='word_1_106' title='bbox 1155 2005 1213 2046; x_wconf 89' lang='lat' dir='ltr'><strong>nec</strong></span> <span class='ocrx_word' id='word_1_107' title='bbox 1228 2005 1277 2048; x_wconf 92' lang='lat' dir='ltr'><strong>ue.</strong></span> 
     </span>
    </p>

    <p class='ocr_par' dir='ltr' id='par_1_6' title="bbox 399 2083 1502 4591">
     <span class='ocr_line' id='line_1_14' title="bbox 449 2083 1502 2168; baseline 0.001 -23"><span class='ocrx_word' id='word_1_108' title='bbox 449 2083 532 2145; x_wconf 91' lang='lat' dir='ltr'><strong>Ibid.</strong></span> <span class='ocrx_word' id='word_1_109' title='bbox 547 2083 568 2146; x_wconf 94' lang='lat' dir='ltr'><strong>l.</strong></span> <span class='ocrx_word' id='word_1_110' title='bbox 580 2101 632 2147; x_wconf 89' lang='lat'><strong>20.</strong></span> <span class='ocrx_word' id='word_1_111' title='bbox 650 2083 772 2148; x_wconf 87' lang='lat' dir='ltr'><strong>Eadem</strong></span> <span class='ocrx_word' id='word_1_112' title='bbox 787 2096 878 2148; x_wconf 88' lang='lat' dir='ltr'><strong>noete</strong></span> <span class='ocrx_word' id='word_1_113' title='bbox 893 2084 1068 2149; x_wconf 81' lang='lat' dir='ltr'><strong>revelatum</strong></span> <span class='ocrx_word' id='word_1_114' title='bbox 1083 2085 1222 2148; x_wconf 83' lang='lat' dir='ltr'><strong>Andreas</strong></span> <span class='ocrx_word' id='word_1_115' title='bbox 1239 2086 1309 2167; x_wconf 75' lang='lat' dir='ltr'><strong>ire]</strong></span> <span class='ocrx_word' id='word_1_116' title='bbox 1336 2083 1502 2168; x_wconf 80' lang='lat' dir='ltr'><strong>singulare</strong></span> 
     </span>
     <span class='ocr_line' id='line_1_15' title="bbox 403 2184 1502 2270; baseline 0 -21"><span class='ocrx_word' id='word_1_117' title='bbox 403 2185 595 2249; x_wconf 79' lang='lat' dir='ltr'><strong>narrationis</strong></span> <span class='ocrx_word' id='word_1_118' title='bbox 624 2195 854 2270; x_wconf 89' lang='lat' dir='ltr'><strong>argumentum.</strong></span> <span class='ocrx_word' id='word_1_119' title='bbox 903 2184 1015 2250; x_wconf 81' lang='lat' dir='ltr'><strong>Refert</strong></span> <span class='ocrx_word' id='word_1_120' title='bbox 1043 2186 1119 2270; x_wconf 91' lang='lat' dir='ltr'><strong>quid</strong></span> <span class='ocrx_word' id='word_1_121' title='bbox 1148 2184 1247 2249; x_wconf 90' lang='lat' dir='ltr'><strong>simile</strong></span> <span class='ocrx_word' id='word_1_122' title='bbox 1275 2186 1315 2249; x_wconf 90' lang='lat' dir='ltr'><strong>de</strong></span> <span class='ocrx_word' id='word_1_123' title='bbox 1344 2185 1502 2249; x_wconf 90' lang='lat' dir='ltr'><strong>Johannis</strong></span> 
     </span>
     <span class='ocr_line' id='line_1_16' title="bbox 404 2286 1501 2374; baseline 0.004 -25"><span class='ocrx_word' id='word_1_124' title='bbox 404 2286 577 2369; x_wconf 86' lang='lat' dir='ltr'><strong>Evangelio</strong></span> <span class='ocrx_word' id='word_1_125' title='bbox 601 2288 633 2352; x_wconf 91' lang='lat' dir='ltr'><strong>S.</strong></span> <span class='ocrx_word' id='word_1_126' title='bbox 657 2288 890 2373; x_wconf 89' lang='lat' dir='ltr'><strong>Hieronymus;</strong></span> <span class='ocrx_word' id='word_1_127' title='bbox 919 2311 977 2352; x_wconf 88' lang='lat' dir='ltr'><strong>neo</strong></span> <span class='ocrx_word' id='word_1_128' title='bbox 1000 2289 1104 2353; x_wconf 90' lang='lat' dir='ltr'><strong>minus</strong></span> <span class='ocrx_word' id='word_1_129' title='bbox 1128 2289 1212 2353; x_wconf 85' lang='lat' dir='ltr'><strong>lectu</strong></span> <span class='ocrx_word' id='word_1_130' title='bbox 1238 2290 1352 2374; x_wconf 88' lang='lat' dir='ltr'><strong>diguus</strong></span> <span class='ocrx_word' id='word_1_131' title='bbox 1377 2290 1417 2354; x_wconf 91' lang='lat' dir='ltr'><strong>de</strong></span> <span class='ocrx_word' id='word_1_132' title='bbox 1441 2289 1501 2353; x_wconf 92' lang='lat' dir='ltr'><strong>hoc</strong></span> 
     </span>
     <span class='ocr_line' id='line_1_17' title="bbox 405 2382 1502 2470; baseline 0.005 -23"><span class='ocrx_word' id='word_1_133' title='bbox 405 2382 572 2463; x_wconf 87' lang='lat' dir='ltr'><strong>Eusebius,</strong></span> <span class='ocrx_word' id='word_1_134' title='bbox 594 2386 689 2451; x_wconf 84' lang='grc' dir='ltr'><em>Η.Ε.</em></span> <span class='ocrx_word' id='word_1_135' title='bbox 706 2389 814 2452; x_wconf 92' lang='lat' dir='ltr'><strong>lib.iii.</strong></span> <span class='ocrx_word' id='word_1_136' title='bbox 829 2411 856 2453; x_wconf 93' lang='lat' dir='ltr'><strong>o.</strong></span> <span class='ocrx_word' id='word_1_137' title='bbox 872 2408 922 2470; x_wconf 90' lang='lat'><strong>24.</strong></span> <span class='ocrx_word' id='word_1_138' title='bbox 965 2390 1103 2453; x_wconf 81' lang='lat' dir='ltr'><strong>Unicum</strong></span> <span class='ocrx_word' id='word_1_139' title='bbox 1126 2412 1199 2454; x_wconf 89' lang='lat' dir='ltr'><strong>vero</strong></span> <span class='ocrx_word' id='word_1_140' title='bbox 1220 2390 1330 2454; x_wconf 92' lang='lat' dir='ltr'><strong>nullibi</strong></span> <span class='ocrx_word' id='word_1_141' title='bbox 1353 2390 1432 2454; x_wconf 87' lang='lat' dir='ltr'><strong>ulias</strong></span> <span class='ocrx_word' id='word_1_142' title='bbox 1453 2413 1502 2453; x_wconf 87' lang='lat' dir='ltr'><strong>re-</strong></span> 
     </span>
     <span class='ocr_line' id='line_1_18' title="bbox 404 2488 1501 2571; baseline 0.006 -24"><span class='ocrx_word' id='word_1_143' title='bbox 404 2492 539 2568; x_wconf 88' lang='lat' dir='ltr'><strong>pertum,</strong></span> <span class='ocrx_word' id='word_1_144' title='bbox 556 2488 758 2571; x_wconf 90' lang='lat' dir='ltr'><strong>participatio</strong></span> <span class='ocrx_word' id='word_1_145' title='bbox 782 2489 891 2553; x_wconf 88' lang='lat' dir='ltr'><strong>Sancti</strong></span> <span class='ocrx_word' id='word_1_146' title='bbox 915 2490 1053 2554; x_wconf 86' lang='lat' dir='ltr'><strong>Andreae</strong></span> <span class='ocrx_word' id='word_1_147' title='bbox 1074 2497 1123 2553; x_wconf 91' lang='lat' dir='ltr'><strong>est</strong></span> <span class='ocrx_word' id='word_1_148' title='bbox 1138 2491 1170 2552; x_wconf 93' lang='lat' dir='ltr'><strong>in</strong></span> <span class='ocrx_word' id='word_1_149' title='bbox 1192 2491 1252 2554; x_wconf 89' lang='lat' dir='ltr'><strong>hoe</strong></span> <span class='ocrx_word' id='word_1_150' title='bbox 1270 2490 1377 2554; x_wconf 89' lang='lat' dir='ltr'><strong>labore</strong></span> <span class='ocrx_word' id='word_1_151' title='bbox 1397 2492 1501 2554; x_wconf 87' lang='lat' dir='ltr'><strong>Evau-</strong></span> 
     </span>
     <span class='ocr_line' id='line_1_19' title="bbox 402 2584 1500 2674; baseline 0.009 -29"><span class='ocrx_word' id='word_1_152' title='bbox 402 2584 512 2666; x_wconf 87' lang='lat' dir='ltr'><strong>gelioo.</strong></span> <span class='ocrx_word' id='word_1_153' title='bbox 559 2587 739 2651; x_wconf 88' lang='lat' dir='ltr'><strong>Tamdiune</strong></span> <span class='ocrx_word' id='word_1_154' title='bbox 755 2589 904 2651; x_wconf 76' lang='lat' dir='ltr'><strong>Andreas</strong></span> <span class='ocrx_word' id='word_1_155' title='bbox 924 2593 1108 2673; x_wconf 85' lang='lat' dir='ltr'><strong>superstes?</strong></span> <span class='ocrx_word' id='word_1_156' title='bbox 1132 2589 1281 2652; x_wconf 79' lang='lat' dir='ltr'><strong>&#39;Postibus</strong></span> <span class='ocrx_word' id='word_1_157' title='bbox 1299 2590 1414 2674; x_wconf 88' lang='lat' dir='ltr'><strong>quippe</strong></span> <span class='ocrx_word' id='word_1_158' title='bbox 1434 2594 1500 2654; x_wconf 90' lang='lat' dir='ltr'><strong>Eu·</strong></span> 
     </span>
     <span class='ocr_line' id='line_1_20' title="bbox 403 2684 1501 2772; baseline 0.006 -25"><span class='ocrx_word' id='word_1_159' title='bbox 403 2684 501 2761; x_wconf 88' lang='lat' dir='ltr'><strong>sebio,</strong></span> <span class='ocrx_word' id='word_1_160' title='bbox 518 2707 556 2750; x_wconf 89' lang='lat' dir='ltr'><strong>ac</strong></span> <span class='ocrx_word' id='word_1_161' title='bbox 572 2686 780 2772; x_wconf 86' lang='lat' dir='ltr'><strong>Hieronymo,</strong></span> <span class='ocrx_word' id='word_1_162' title='bbox 796 2688 817 2750; x_wconf 90' lang='lat' dir='ltr'><strong>J</strong></span> <span class='ocrx_word' id='word_1_163' title='bbox 819 2710 937 2751; x_wconf 87' lang='lat' dir='ltr'><strong>oannes</strong></span> <span class='ocrx_word' id='word_1_164' title='bbox 952 2711 1023 2753; x_wconf 89' lang='lat' dir='ltr'><strong>sero</strong></span> <span class='ocrx_word' id='word_1_165' title='bbox 1039 2689 1219 2766; x_wconf 89' lang='lat' dir='ltr'><strong>admodum,</strong></span> <span class='ocrx_word' id='word_1_166' title='bbox 1235 2689 1337 2753; x_wconf 84' lang='lat' dir='ltr'><strong>redux</strong></span> <span class='ocrx_word' id='word_1_167' title='bbox 1353 2690 1501 2754; x_wconf 88' lang='lat' dir='ltr'><strong>nimirum</strong></span> 
     </span>
     <span class='ocr_line' id='line_1_21' title="bbox 403 2783 1501 2875; baseline 0.005 -26"><span class='ocrx_word' id='word_1_168' title='bbox 403 2783 445 2850; x_wconf 92' lang='lat' dir='ltr'><strong>ab</strong></span> <span class='ocrx_word' id='word_1_169' title='bbox 478 2785 581 2860; x_wconf 79' lang='lat' dir='ltr'><strong>exilio,</strong></span> <span class='ocrx_word' id='word_1_170' title='bbox 613 2786 734 2866; x_wconf 90' lang='lat' dir='ltr'><strong>Nerva,</strong></span> <span class='ocrx_word' id='word_1_171' title='bbox 765 2788 941 2874; x_wconf 88' lang='lat' dir='ltr'><strong>Trajanove</strong></span> <span class='ocrx_word' id='word_1_172' title='bbox 975 2789 1142 2875; x_wconf 87' lang='lat' dir='ltr'><strong>Augustis,</strong></span> <span class='ocrx_word' id='word_1_173' title='bbox 1172 2788 1379 2874; x_wconf 88' lang='lat' dir='ltr'><strong>Evangelium</strong></span> <span class='ocrx_word' id='word_1_174' title='bbox 1408 2813 1501 2855; x_wconf 92' lang='lat' dir='ltr'><strong>suum</strong></span> 
     </span>
     <span class='ocr_line' id='line_1_22' title="bbox 403 2886 1500 2975; baseline 0.005 -25"><span class='ocrx_word' id='word_1_175' title='bbox 403 2886 541 2973; x_wconf 83' lang='lat' dir='ltr'><strong>scripsit.</strong></span> <span class='ocrx_word' id='word_1_176' title='bbox 586 2888 636 2952; x_wconf 87' lang='lat' dir='ltr'><strong>Ea</strong></span> <span class='ocrx_word' id='word_1_177' title='bbox 657 2896 766 2953; x_wconf 85' lang='lat' dir='ltr'><strong>tamen</strong></span> <span class='ocrx_word' id='word_1_178' title='bbox 788 2890 941 2974; x_wconf 91' lang='lat' dir='ltr'><strong>temporis</strong></span> <span class='ocrx_word' id='word_1_179' title='bbox 967 2889 1144 2975; x_wconf 84' lang='lat' dir='ltr'><strong>designatio</strong></span> <span class='ocrx_word' id='word_1_180' title='bbox 1171 2910 1235 2953; x_wconf 90' lang='lat' dir='ltr'><strong>uon</strong></span> <span class='ocrx_word' id='word_1_181' title='bbox 1259 2891 1394 2955; x_wconf 87' lang='lat' dir='ltr'><strong>firmiter</strong></span> <span class='ocrx_word' id='word_1_182' title='bbox 1419 2894 1500 2956; x_wconf 92' lang='lat' dir='ltr'><strong>adeo</strong></span> 
     </span>
     <span class='ocr_line' id='line_1_23' title="bbox 402 2990 1500 3075; baseline 0.004 -24"><span class='ocrx_word' id='word_1_183' title='bbox 402 2995 584 3053; x_wconf 83' lang='lat' dir='ltr'><strong>contestata</strong></span> <span class='ocrx_word' id='word_1_184' title='bbox 606 2996 665 3066; x_wconf 90' lang='lat' dir='ltr'><strong>est,</strong></span> <span class='ocrx_word' id='word_1_185' title='bbox 691 2997 728 3053; x_wconf 91' lang='lat' dir='ltr'><strong>ut</strong></span> <span class='ocrx_word' id='word_1_186' title='bbox 755 3011 818 3053; x_wconf 92' lang='lat' dir='ltr'><strong>uon</strong></span> <span class='ocrx_word' id='word_1_187' title='bbox 840 2990 934 3054; x_wconf 91' lang='lat' dir='ltr'><strong>alteri</strong></span> <span class='ocrx_word' id='word_1_188' title='bbox 957 2990 1092 3054; x_wconf 86' lang='lat' dir='ltr'><strong>breviori</strong></span> <span class='ocrx_word' id='word_1_189' title='bbox 1111 3011 1132 3054; x_wconf 91' lang='lat' dir='ltr'><strong>a</strong></span> <span class='ocrx_word' id='word_1_190' title='bbox 1151 2990 1344 3075; x_wconf 85' lang='lat' dir='ltr'><strong>relegatione</strong></span> <span class='ocrx_word' id='word_1_191' title='bbox 1365 2990 1446 3055; x_wconf 89' lang='lat' dir='ltr'><strong>illius</strong></span> <span class='ocrx_word' id='word_1_192' title='bbox 1467 2991 1500 3056; x_wconf 92' lang='lat' dir='ltr'><strong>in</strong></span> 
     </span>
     <span class='ocr_line' id='line_1_24' title="bbox 403 3089 1499 3177; baseline 0.004 -25"><span class='ocrx_word' id='word_1_193' title='bbox 403 3089 541 3156; x_wconf 89' lang='lat' dir='ltr'><strong>Patmou</strong></span> <span class='ocrx_word' id='word_1_194' title='bbox 556 3090 691 3155; x_wconf 92' lang='lat' dir='ltr'><strong>insulam</strong></span> <span class='ocrx_word' id='word_1_195' title='bbox 706 3091 765 3156; x_wconf 90' lang='lat' dir='ltr'><strong>sub</strong></span> <span class='ocrx_word' id='word_1_196' title='bbox 780 3091 975 3168; x_wconf 89' lang='lat' dir='ltr'><strong>Domitiano,</strong></span> <span class='ocrx_word' id='word_1_197' title='bbox 988 3092 1076 3155; x_wconf 91' lang='lat' dir='ltr'><strong>locus</strong></span> <span class='ocrx_word' id='word_1_198' title='bbox 1089 3097 1211 3175; x_wconf 89' lang='lat' dir='ltr'><strong>pateat.</strong></span> <span class='ocrx_word' id='word_1_199' title='bbox 1241 3091 1389 3156; x_wconf 87' lang='lat' dir='ltr'><strong>Potuisse</strong></span> <span class='ocrx_word' id='word_1_200' title='bbox 1403 3115 1499 3177; x_wconf 89' lang='lat' dir='ltr'><strong>porro</strong></span> 
     </span>
     <span class='ocr_line' id='line_1_25' title="bbox 402 3190 1497 3276; baseline 0.004 -23"><span class='ocrx_word' id='word_1_201' title='bbox 402 3190 561 3275; x_wconf 87' lang='lat' dir='ltr'><strong>attingere</strong></span> <span class='ocrx_word' id='word_1_202' title='bbox 575 3192 633 3255; x_wconf 88' lang='lat' dir='ltr'><strong>hos</strong></span> <span class='ocrx_word' id='word_1_203' title='bbox 647 3214 748 3256; x_wconf 89' lang='lat' dir='ltr'><strong>anuos</strong></span> <span class='ocrx_word' id='word_1_204' title='bbox 762 3193 935 3269; x_wconf 89' lang='lat' dir='ltr'><strong>Andream,</strong></span> <span class='ocrx_word' id='word_1_205' title='bbox 948 3192 1018 3276; x_wconf 92' lang='lat' dir='ltr'><strong>quis</strong></span> <span class='ocrx_word' id='word_1_206' title='bbox 1033 3193 1092 3258; x_wconf 88' lang='lat' dir='ltr'><strong>ibit</strong></span> <span class='ocrx_word' id='word_1_207' title='bbox 1107 3192 1236 3269; x_wconf 87' lang='lat' dir='ltr'><strong>inficias,</strong></span> <span class='ocrx_word' id='word_1_208' title='bbox 1249 3213 1321 3255; x_wconf 89' lang='lat' dir='ltr'><strong>oum</strong></span> <span class='ocrx_word' id='word_1_209' title='bbox 1332 3193 1374 3255; x_wconf 92' lang='lat' dir='ltr'><strong>ob</strong></span> <span class='ocrx_word' id='word_1_210' title='bbox 1385 3193 1497 3269; x_wconf 90' lang='lat' dir='ltr'><strong>multu,</strong></span> 
     </span>
     <span class='ocr_line' id='line_1_26' title="bbox 402 3291 1497 3378; baseline 0.003 -23"><span class='ocrx_word' id='word_1_211' title='bbox 402 3291 642 3376; x_wconf 84' lang='lat' dir='ltr'><strong>vastissimaque</strong></span> <span class='ocrx_word' id='word_1_212' title='bbox 663 3294 810 3377; x_wconf 88' lang='lat' dir='ltr'><strong>Apostoli</strong></span> <span class='ocrx_word' id='word_1_213' title='bbox 834 3293 928 3377; x_wconf 86' lang='lat' dir='ltr'><strong>hujus</strong></span> <span class='ocrx_word' id='word_1_214' title='bbox 951 3294 1077 3370; x_wconf 90' lang='lat' dir='ltr'><strong>itinera,</strong></span> <span class='ocrx_word' id='word_1_215' title='bbox 1101 3315 1172 3378; x_wconf 84' lang='lat' dir='ltr'><strong>quae</strong></span> <span class='ocrx_word' id='word_1_216' title='bbox 1197 3292 1230 3356; x_wconf 91' lang='lat' dir='ltr'><strong>in</strong></span> <span class='ocrx_word' id='word_1_217' title='bbox 1252 3293 1391 3358; x_wconf 90' lang='lat' dir='ltr'><strong>historiis</strong></span> <span class='ocrx_word' id='word_1_218' title='bbox 1414 3293 1497 3358; x_wconf 89' lang='lat' dir='ltr'><strong>auti·</strong></span> 
     </span>
     <span class='ocr_line' id='line_1_27' title="bbox 402 3391 1495 3480; baseline 0.005 -27"><span class='ocrx_word' id='word_1_219' title='bbox 402 3391 559 3474; x_wconf 90' lang='lat' dir='ltr'><strong>quissimis</strong></span> <span class='ocrx_word' id='word_1_220' title='bbox 578 3401 873 3471; x_wconf 86' lang='lat' dir='ltr'><strong>commemorantur,</strong></span> <span class='ocrx_word' id='word_1_221' title='bbox 889 3394 1077 3459; x_wconf 88' lang='lat' dir='ltr'><strong>autumandi</strong></span> <span class='ocrx_word' id='word_1_222' title='bbox 1099 3403 1289 3480; x_wconf 83' lang='lat' dir='ltr'><strong>suggeratur</strong></span> <span class='ocrx_word' id='word_1_223' title='bbox 1310 3395 1403 3468; x_wconf 87' lang='lat' dir='ltr'><strong>ratio,</strong></span> <span class='ocrx_word' id='word_1_224' title='bbox 1424 3417 1495 3480; x_wconf 89' lang='lat' dir='ltr'><strong>per-</strong></span> 
     </span>
     <span class='ocr_line' id='line_1_28' title="bbox 402 3492 1496 3583; baseline 0.004 -27"><span class='ocrx_word' id='word_1_225' title='bbox 402 3492 523 3557; x_wconf 84' lang='lat' dir='ltr'><strong>venisse</strong></span> <span class='ocrx_word' id='word_1_226' title='bbox 538 3493 625 3558; x_wconf 88' lang='lat' dir='ltr'><strong>illum</strong></span> <span class='ocrx_word' id='word_1_227' title='bbox 639 3495 681 3558; x_wconf 91' lang='lat' dir='ltr'><strong>ad</strong></span> <span class='ocrx_word' id='word_1_228' title='bbox 696 3496 881 3581; x_wconf 85' lang='lat' dir='ltr'><strong>praegrande</strong></span> <span class='ocrx_word' id='word_1_229' title='bbox 896 3496 1030 3574; x_wconf 91' lang='lat' dir='ltr'><strong>senium,</strong></span> <span class='ocrx_word' id='word_1_230' title='bbox 1044 3498 1144 3562; x_wconf 89' lang='lat' dir='ltr'><strong>donee</strong></span> <span class='ocrx_word' id='word_1_231' title='bbox 1158 3497 1200 3561; x_wconf 92' lang='lat' dir='ltr'><strong>ab</strong></span> <span class='ocrx_word' id='word_1_232' title='bbox 1215 3499 1348 3583; x_wconf 79' lang='lat' dir='ltr'><strong>Aegaea,</strong></span> <span class='ocrx_word' id='word_1_233' title='bbox 1364 3497 1496 3561; x_wconf 76' lang='lat' dir='ltr'><strong>Achaiae</strong></span> 
     </span>
     <span class='ocr_line' id='line_1_29' title="bbox 401 3595 1496 3682; baseline 0.006 -26"><span class='ocrx_word' id='word_1_234' title='bbox 401 3595 595 3678; x_wconf 74' lang='lat' dir='ltr'><strong>proconsule,</strong></span> <span class='ocrx_word' id='word_1_235' title='bbox 620 3597 721 3661; x_wconf 87' lang='lat' dir='ltr'><strong>erucis</strong></span> <span class='ocrx_word' id='word_1_236' title='bbox 743 3597 912 3682; x_wconf 91' lang='lat' dir='ltr'><strong>suspendio</strong></span> <span class='ocrx_word' id='word_1_237' title='bbox 934 3599 1149 3664; x_wconf 88' lang='lat' dir='ltr'><strong>damnaretur.</strong></span> <span class='ocrx_word' id='word_1_238' title='bbox 1182 3599 1409 3664; x_wconf 78' lang='lat' dir='ltr'><strong>Fasmnaunna.</strong></span> <span class='ocrx_word' id='word_1_239' title='bbox 1457 3603 1496 3663; x_wconf 91' lang='lat' dir='ltr'><strong>In</strong></span> 
     </span>
     <span class='ocr_line' id='line_1_30' title="bbox 400 3696 1497 3785; baseline 0.006 -29"><span class='ocrx_word' id='word_1_240' title='bbox 400 3696 581 3780; x_wconf 88' lang='lat' dir='ltr'><strong>regionibus</strong></span> <span class='ocrx_word' id='word_1_241' title='bbox 595 3696 637 3759; x_wconf 90' lang='lat' dir='ltr'><strong>ab</strong></span> <span class='ocrx_word' id='word_1_242' title='bbox 652 3697 733 3762; x_wconf 93' lang='lat' dir='ltr'><strong>Asia</strong></span> <span class='ocrx_word' id='word_1_243' title='bbox 754 3719 818 3761; x_wconf 92' lang='lat' dir='ltr'><strong>nou</strong></span> <span class='ocrx_word' id='word_1_244' title='bbox 837 3698 930 3785; x_wconf 87' lang='lat' dir='ltr'><strong>longe</strong></span> <span class='ocrx_word' id='word_1_245' title='bbox 944 3699 1075 3763; x_wconf 89' lang='lat' dir='ltr'><strong>remotis</strong></span> <span class='ocrx_word' id='word_1_246' title='bbox 1095 3700 1290 3784; x_wconf 87' lang='lat' dir='ltr'><strong>evangelium</strong></span> <span class='ocrx_word' id='word_1_247' title='bbox 1309 3700 1497 3784; x_wconf 73' lang='lat' dir='ltr'><strong>praedicasse</strong></span> 
     </span>
     <span class='ocr_line' id='line_1_31' title="bbox 401 3797 1495 3886; baseline 0.005 -28"><span class='ocrx_word' id='word_1_248' title='bbox 401 3797 575 3874; x_wconf 88' lang='lat' dir='ltr'><strong>Andream,</strong></span> <span class='ocrx_word' id='word_1_249' title='bbox 590 3797 685 3863; x_wconf 89' lang='lat' dir='ltr'><strong>fidem</strong></span> <span class='ocrx_word' id='word_1_250' title='bbox 699 3799 776 3863; x_wconf 84' lang='lat' dir='ltr'><strong>lucit</strong></span> <span class='ocrx_word' id='word_1_251' title='bbox 793 3801 924 3864; x_wconf 90' lang='lat' dir='ltr'><strong>idoneus</strong></span> <span class='ocrx_word' id='word_1_252' title='bbox 945 3809 1058 3865; x_wconf 86' lang='lat' dir='ltr'><strong>auctor</strong></span> <span class='ocrx_word' id='word_1_253' title='bbox 1073 3802 1245 3886; x_wconf 84' lang='lat' dir='ltr'><strong>Gregorius</strong></span> <span class='ocrx_word' id='word_1_254' title='bbox 1268 3801 1495 3875; x_wconf 86' lang='lat' dir='ltr'><strong>Nazianzenus,</strong></span> 
     </span>
     <span class='ocr_line' id='line_1_32' title="bbox 403 3899 1494 3985; baseline 0.002 -25"><span class='ocrx_word' id='word_1_255' title='bbox 403 3899 489 3960; x_wconf 83' lang='lat' dir='ltr'><strong>Orat.</strong></span> <span class='ocrx_word' id='word_1_256' title='bbox 505 3920 578 3961; x_wconf 83' lang='lat' dir='ltr'><strong>xxv.</strong></span> <span class='ocrx_word' id='word_1_257' title='bbox 594 3920 626 3981; x_wconf 90' lang='lat' dir='ltr'><strong>p.</strong></span> <span class='ocrx_word' id='word_1_258' title='bbox 640 3901 714 3983; x_wconf 81' lang='lat'><strong>438.</strong></span> <span class='ocrx_word' id='word_1_259' title='bbox 731 3900 806 3964; x_wconf 92' lang='lat' dir='ltr'><strong>edit.</strong></span> <span class='ocrx_word' id='word_1_260' title='bbox 824 3902 926 3966; x_wconf 86' lang='lat' dir='ltr'><strong>Paris.</strong></span> <span class='ocrx_word' id='word_1_261' title='bbox 942 3902 995 3964; x_wconf 93' lang='lat' dir='ltr'><strong>ubi</strong></span> <span class='ocrx_word' id='word_1_262' title='bbox 1018 3900 1152 3985; x_wconf 85' lang='lat' dir='ltr'><strong>Epirum</strong></span> <span class='ocrx_word' id='word_1_263' title='bbox 1165 3901 1237 3965; x_wconf 91' lang='lat' dir='ltr'><strong>huic</strong></span> <span class='ocrx_word' id='word_1_264' title='bbox 1257 3901 1402 3984; x_wconf 90' lang='lat' dir='ltr'><strong>apostolo</strong></span> <span class='ocrx_word' id='word_1_265' title='bbox 1422 3922 1494 3985; x_wconf 87' lang='lat' dir='ltr'><strong>pro·</strong></span> 
     </span>
     <span class='ocr_line' id='line_1_33' title="bbox 400 3998 1497 4084; baseline 0.005 -24"><span class='ocrx_word' id='word_1_266' title='bbox 400 3998 534 4062; x_wconf 86' lang='lat' dir='ltr'><strong>vinciam</strong></span> <span class='ocrx_word' id='word_1_267' title='bbox 555 3998 650 4062; x_wconf 84' lang='lat' dir='ltr'><strong>luisse</strong></span> <span class='ocrx_word' id='word_1_268' title='bbox 672 4000 728 4068; x_wconf 87' lang='lat' dir='ltr'><strong>ait.</strong></span> <span class='ocrx_word' id='word_1_269' title='bbox 774 4000 876 4063; x_wconf 90' lang='lat' dir='ltr'><strong>Porro</strong></span> <span class='ocrx_word' id='word_1_270' title='bbox 900 4008 1010 4063; x_wconf 88' lang='lat' dir='ltr'><strong>narrat</strong></span> <span class='ocrx_word' id='word_1_271' title='bbox 1038 3999 1252 4084; x_wconf 86' lang='lat' dir='ltr'><strong>Hieronymus</strong></span> <span class='ocrx_word' id='word_1_272' title='bbox 1273 4022 1300 4064; x_wconf 89' lang='lat' dir='ltr'><strong>e.</strong></span> <span class='ocrx_word' id='word_1_273' title='bbox 1316 4020 1345 4082; x_wconf 89' lang='lat'><strong>7.</strong></span> <span class='ocrx_word' id='word_1_274' title='bbox 1367 4001 1422 4063; x_wconf 92' lang='lat' dir='ltr'><strong>lib.</strong></span> <span class='ocrx_word' id='word_1_275' title='bbox 1448 4003 1497 4065; x_wconf 84' lang='lat' dir='ltr'><strong>De</strong></span> 
     </span>
     <span class='ocr_line' id='line_1_34' title="bbox 409 4099 1494 4187; baseline 0.005 -27"><span class='ocrx_word' id='word_1_276' title='bbox 409 4100 493 4164; x_wconf 81' lang='lat' dir='ltr'><strong>Viris</strong></span> <span class='ocrx_word' id='word_1_277' title='bbox 522 4100 578 4163; x_wconf 82' lang='lat' dir='ltr'><strong>Ill.</strong></span> <span class='ocrx_word' id='word_1_278' title='bbox 608 4122 681 4163; x_wconf 90' lang='lat' dir='ltr'><strong>ossa</strong></span> <span class='ocrx_word' id='word_1_279' title='bbox 711 4103 742 4164; x_wconf 90' lang='lat' dir='ltr'><strong>S.</strong></span> <span class='ocrx_word' id='word_1_280' title='bbox 776 4101 870 4165; x_wconf 85' lang='lat' dir='ltr'><strong>Lucae</strong></span> <span class='ocrx_word' id='word_1_281' title='bbox 906 4122 979 4164; x_wconf 91' lang='lat' dir='ltr'><strong>cum</strong></span> <span class='ocrx_word' id='word_1_282' title='bbox 1015 4099 1155 4183; x_wconf 90' lang='lat' dir='ltr'><strong>reliquiis</strong></span> <span class='ocrx_word' id='word_1_283' title='bbox 1185 4100 1324 4164; x_wconf 86' lang='lat' dir='ltr'><strong>Andreae</strong></span> <span class='ocrx_word' id='word_1_284' title='bbox 1357 4103 1494 4187; x_wconf 90' lang='lat' dir='ltr'><strong>apostoli</strong></span> 
     </span>
     <span class='ocr_line' id='line_1_35' title="bbox 399 4204 1496 4290; baseline 0.003 -22"><span class='ocrx_word' id='word_1_285' title='bbox 399 4206 442 4268; x_wconf 92' lang='lat' dir='ltr'><strong>ad</strong></span> <span class='ocrx_word' id='word_1_286' title='bbox 477 4204 784 4289; x_wconf 79' lang='lat' dir='ltr'><strong>Constantinopolim</strong></span> <span class='ocrx_word' id='word_1_287' title='bbox 815 4205 965 4290; x_wconf 85' lang='lat' dir='ltr'><strong>vigesimo</strong></span> <span class='ocrx_word' id='word_1_288' title='bbox 1003 4204 1181 4268; x_wconf 77' lang='lat' dir='ltr'><strong>Constantii</strong></span> <span class='ocrx_word' id='word_1_289' title='bbox 1217 4225 1301 4267; x_wconf 90' lang='lat' dir='ltr'><strong>anno</strong></span> <span class='ocrx_word' id='word_1_290' title='bbox 1338 4206 1496 4272; x_wconf 87' lang='lat' dir='ltr'><strong>translata</strong></span> 
     </span>
     <span class='ocr_line' id='line_1_36' title="bbox 400 4304 1495 4391; baseline 0.002 -22"><span class='ocrx_word' id='word_1_291' title='bbox 400 4328 489 4381; x_wconf 90' lang='lat' dir='ltr'><strong>esso;</strong></span> <span class='ocrx_word' id='word_1_292' title='bbox 523 4305 576 4368; x_wconf 90' lang='lat' dir='ltr'><strong>ubi</strong></span> <span class='ocrx_word' id='word_1_293' title='bbox 606 4327 646 4369; x_wconf 84' lang='lat' dir='ltr'><strong>ex</strong></span> <span class='ocrx_word' id='word_1_294' title='bbox 677 4305 869 4391; x_wconf 90' lang='lat' dir='ltr'><strong>Philostorg.</strong></span> <span class='ocrx_word' id='word_1_295' title='bbox 897 4306 983 4369; x_wconf 83' lang='lat' dir='ltr'><strong>Hist.</strong></span> <span class='ocrx_word' id='word_1_296' title='bbox 1006 4304 1093 4369; x_wconf 80' lang='lat' dir='ltr'><strong>Eeol.</strong></span> <span class='ocrx_word' id='word_1_297' title='bbox 1116 4304 1169 4368; x_wconf 92' lang='lat' dir='ltr'><strong>lib.</strong></span> <span class='ocrx_word' id='word_1_298' title='bbox 1192 4304 1237 4367; x_wconf 89' lang='lat' dir='ltr'><strong>iii.</strong></span> <span class='ocrx_word' id='word_1_299' title='bbox 1262 4326 1289 4368; x_wconf 89' lang='lat' dir='ltr'><strong>o.</strong></span> <span class='ocrx_word' id='word_1_300' title='bbox 1317 4323 1346 4369; x_wconf 89' lang='lat'><strong>2.</strong></span> <span class='ocrx_word' id='word_1_301' title='bbox 1372 4307 1495 4371; x_wconf 92' lang='lat' dir='ltr'><strong>notavit</strong></span> 
     </span>
     <span class='ocr_line' id='line_1_37' title="bbox 400 4404 1493 4483; baseline 0.001 -14"><span class='ocrx_word' id='word_1_302' title='bbox 400 4406 576 4483; x_wconf 81' lang='lat' dir='ltr'><strong>Fabricius,</strong></span> <span class='ocrx_word' id='word_1_303' title='bbox 596 4427 636 4469; x_wconf 84' lang='lat' dir='ltr'><strong>ex</strong></span> <span class='ocrx_word' id='word_1_304' title='bbox 654 4405 778 4469; x_wconf 75' lang='lat' dir='ltr'><strong>Achaia</strong></span> <span class='ocrx_word' id='word_1_305' title='bbox 802 4405 977 4471; x_wconf 87' lang='lat' dir='ltr'><strong>translatas</strong></span> <span class='ocrx_word' id='word_1_306' title='bbox 1000 4427 1068 4470; x_wconf 89' lang='lat' dir='ltr'><strong>esse</strong></span> <span class='ocrx_word' id='word_1_307' title='bbox 1092 4404 1149 4469; x_wconf 91' lang='lat' dir='ltr'><strong>SS.</strong></span> <span class='ocrx_word' id='word_1_308' title='bbox 1173 4404 1313 4467; x_wconf 87' lang='lat' dir='ltr'><strong>Andreae</strong></span> <span class='ocrx_word' id='word_1_309' title='bbox 1338 4411 1372 4468; x_wconf 90' lang='lat' dir='ltr'><strong>et</strong></span> <span class='ocrx_word' id='word_1_310' title='bbox 1399 4405 1493 4471; x_wconf 85' lang='lat' dir='ltr'><strong>Luoae</strong></span> 
     </span>
     <span class='ocr_line' id='line_1_38' title="bbox 400 4506 560 4591; baseline 0.006 -23"><span class='ocrx_word' id='word_1_311' title='bbox 400 4506 560 4591; x_wconf 87' lang='lat' dir='ltr'><strong>reliquias.</strong></span> 
     </span>
    </p>

    <p class='ocr_par' dir='ltr' id='par_1_7' title="bbox 399 4604 1497 4792">
     <span class='ocr_line' id='line_1_39' title="bbox 443 4604 1496 4691; baseline 0.002 -22"><span class='ocrx_word' id='word_1_312' title='bbox 443 4606 527 4688; x_wconf 77' lang='lat' dir='ltr'><strong>Quin</strong></span> <span class='ocrx_word' id='word_1_313' title='bbox 542 4614 575 4670; x_wconf 91' lang='lat' dir='ltr'><strong>et</strong></span> <span class='ocrx_word' id='word_1_314' title='bbox 590 4606 747 4670; x_wconf 88' lang='lat' dir='ltr'><strong>Achaiam</strong></span> <span class='ocrx_word' id='word_1_315' title='bbox 761 4607 901 4671; x_wconf 81' lang='lat' dir='ltr'><strong>Andreae</strong></span> <span class='ocrx_word' id='word_1_316' title='bbox 915 4605 1108 4691; x_wconf 84' lang='lat' dir='ltr'><strong>provinciam</strong></span> <span class='ocrx_word' id='word_1_317' title='bbox 1127 4604 1276 4690; x_wconf 82' lang='lat' dir='ltr'><strong>adsignat</strong></span> <span class='ocrx_word' id='word_1_318' title='bbox 1294 4604 1361 4689; x_wconf 90' lang='lat' dir='ltr'><strong>ipse</strong></span> <span class='ocrx_word' id='word_1_319' title='bbox 1381 4604 1496 4671; x_wconf 89' lang='lat' dir='ltr'><strong>Hiero-</strong></span> 
     </span>
     <span class='ocr_line' id='line_1_40' title="bbox 399 4704 1497 4792; baseline 0.002 -23"><span class='ocrx_word' id='word_1_320' title='bbox 399 4729 512 4791; x_wconf 90' lang='lat' dir='ltr'><strong>nymus</strong></span> <span class='ocrx_word' id='word_1_321' title='bbox 541 4707 574 4770; x_wconf 94' lang='lat' dir='ltr'><strong>in</strong></span> <span class='ocrx_word' id='word_1_322' title='bbox 600 4707 740 4792; x_wconf 73' lang='lat' dir='ltr'><strong>Epistola</strong></span> <span class='ocrx_word' id='word_1_323' title='bbox 768 4708 813 4771; x_wconf 83' lang='lat' dir='ltr'><strong>ad</strong></span> <span class='ocrx_word' id='word_1_324' title='bbox 837 4707 1031 4772; x_wconf 77' lang='lat' dir='ltr'><strong>Marcellam.</strong></span> <span class='ocrx_word' id='word_1_325' title='bbox 1075 4705 1135 4771; x_wconf 87' lang='lat' dir='ltr'><strong>Ait</strong></span> <span class='ocrx_word' id='word_1_326' title='bbox 1156 4705 1267 4771; x_wconf 91' lang='lat' dir='ltr'><strong>itidem</strong></span> <span class='ocrx_word' id='word_1_327' title='bbox 1294 4704 1327 4769; x_wconf 90' lang='lat' dir='ltr'><strong>S.</strong></span> <span class='ocrx_word' id='word_1_328' title='bbox 1344 4706 1497 4771; x_wconf 87' lang='lat' dir='ltr'><strong>Paulinus</strong></span> 
     </span>
    </p>
   </div>
   <div class='ocr_carea' id='block_1_5' title="bbox 444 4828 981 4891">
    <p class='ocr_par' dir='ltr' id='par_1_8' title="bbox 444 4828 981 4891">
     <span class='ocr_line' id='line_1_41' title="bbox 444 4828 981 4891; baseline 0.002 -22"><span class='ocrx_word' id='word_1_329' title='bbox 444 4832 511 4872; x_wconf 78' lang='lat' dir='ltr'><strong>vor..</strong></span> <span class='ocrx_word' id='word_1_330' title='bbox 530 4830 551 4871; x_wconf 89' lang='lat'><strong>1.</strong></span> <span class='ocrx_word' id='word_1_331' title='bbox 922 4828 942 4891; x_wconf 81' lang='lat'>3</span> <span class='ocrx_word' id='word_1_332' title='bbox 962 4831 981 4870; x_wconf 87' lang='lat' dir='ltr'><strong>o</strong></span> 
     </span>
    </p>
   </div>
   <div class='ocr_carea' id='block_1_6' title="bbox 0 0 1910 5650">
    <p class='ocr_par' dir='ltr' id='par_1_9' title="bbox 0 0 1910 5650">
     <span class='ocr_line' id='line_1_42' title="bbox 0 0 1910 5650; baseline 0 3"><span class='ocrx_word' id='word_1_333' title='bbox 0 0 1910 5650; x_wconf 95' lang='lat' dir='ltr'><strong> </strong></span> 
     </span>
    </p>
   </div>
  </div>
 </body>
</html>
