3809 5650
473 672 539 737 836
629 670 631 675 ’
818 670 1173 737 ANNOTATIONES

471 839 558 916 dicit,
574 841 770 923 eundemque
782 839 933 904 diuturno
946 841 1056 904 exsilio
1067 848 1260 905 meeeratum
1272 841 1411 924 palmum
1425 841 1571 925 martyrii

470 940 626 1004 retulisse.
673 940 775 1003 Porro
796 941 927 1004 verbum
947 946 1133 1023 συλλεγῆναι
1153 942 1458 1025 Christophorsonus
1473 942 1571 1005 vertit

470 1042 693 1105 eximerentur:
718 1042 849 1126 Langus
871 1042 1081 1126 deliqereretnr.
1104 1044 1293 1128 metaphora
1312 1043 1439 1106 videtur
1460 1065 1528 1106 esse
1549 1065 1571 1106 a

470 1142 626 1205 fruetibus
641 1143 694 1226 qui
705 1144 926 1226 decerpuntur.
945 1143 1108 1208 VALESIUS.
1144 1144 1334 1208 Mansuetus
1345 1146 1473 1208 Dusae.
1490 1143 1521 1206 ii.
1535 1144 1571 1205 ι’-ιι

471 1243 554 1306 [rere.
570 1245 646 1307 Art.
665 1264 692 1306 1.
710 1251 823 1307 eontrn
846 1244 1014 1308 ostendere
1039 1253 1172 1309 conatus
1196 1253 1255 1324 est,
1277 1246 1397 1308 nullum
1420 1243 1569 1308 habuisse

470 1344 652 1429 episcopum
673 1366 711 1406 eo
733 1351 877 1427 tempore
900 1344 1108 1409 Viennensem
1130 1347 1303 1423 ecelesiam,
1325 1349 1380 1410 sed
1402 1369 1423 1410 e
1442 1345 1570 1429 Lugdu-

470 1444 559 1507 nensi
575 1443 722 1527 episeopo
737 1443 832 1505 fuisso
846 1449 978 1507 rectem.
1023 1445 1118 1508 Gerte
1137 1444 1238 1509 eitum
1259 1452 1308 1509 est
1330 1445 1489 1509 silentium
1511 1464 1570 1526 per

470 1552 573 1608 totam
588 1544 757 1626 epistolem
772 1544 812 1607 de
827 1544 973 1629 episeopo
990 1544 1172 1624 Viennensi,
1187 1555 1220 1612 et
1235 1547 1339 1611 favere
1354 1547 1479 1610 videtur
1496 1543 1568 1606 huie

470 1645 636 1725 sententies
661 1645 757 1717 loeus,
774 1667 868 1728 quem
893 1645 1079 1710 Mansuetus
1101 1649 1246 1722 adduxit,
1263 1648 1296 1711 in
1319 1648 1374 1711 lib.
1392 1670 1421 1711 v.
1438 1644 1570 1710 Eusebii

469 1746 551 1810 Her.
568 1769 594 1810 e.
621 1766 670 1830 23.
687 1747 784 1810 Eetet
804 1747 977 1824 etinrrmnm,
993 1748 1040 1811 eit
1064 1749 1234 1826 Eusebius,
1252 1748 1387 1832 epistole
1411 1754 1469 1810 τῶν
1495 1750 1569 1810 κατὰ

470 1851 605 1912 Γαλλίαν
627 1854 798 1928 παροικιῶν,
820 1849 855 1914 ἃς
879 1851 1036 1928 Εἰρηναῖος
1059 1851 1228 1913 ἐπεσκόπει.
1275 1852 1377 1913 Porro
1401 1849 1442 1911 de
1464 1847 1568 1911 Gallia

468 1971 566 2035 egens
585 1951 646 2014 hoe
665 1949 788 2012 monuit
808 1949 1040 2013 eruditissimus
1064 1950 1240 2013 Bucherius
1263 1950 1295 2012 in
1310 1950 1394 2033 Bere.
1411 1951 1497 2011 Rem.
1513 1947 1567 2009 lib.

468 2051 532 2114 viii.
553 2073 622 2135 eep.
653 2066 711 2133 153
737 2051 955 2112 “Potuerunt
979 2050 1021 2112 nb
1045 2049 1138 2112 initio
1161 2050 1243 2112 binae
1269 2049 1414 2112 civitates
1437 2050 1478 2110 eb
1504 2070 1568 2110 uno

470 2150 571 2235 “regi
595 2149 773 2233 pontifice?
788 2170 890 2232 neque
913 2149 1007 2212 aliter
1026 2149 1183 2233 judieevit
1205 2150 1245 2212 de
1268 2170 1303 2211 re
1327 2149 1419 2224 istae,
1434 2149 1460 2210 si
1486 2148 1567 2209 bone

467 2250 605 2322 memini,
616 2248 808 2312 Penrsonius
818 2248 851 2310 in
862 2247 1039 2313 Amealidne
1050 2248 1115 2312 suis
1127 2249 1332 2333 Cyprianieie.
1363 2249 1409 2312 Et
1420 2247 1566 2310 conferes

468 2358 534 2413 not.
550 2350 592 2414 ed
617 2351 740 2413 Cenon.
757 2350 806 2411 II.
832 2349 962 2413 Consilii
988 2350 1157 2414 CPoliteni
1180 2350 1213 2412 in
1236 2351 1432 2433 Seriptmern
1454 2349 1568 2412 Eeelee.

470 2453 577 2537 Opere.
593 2452 652 2515 vol.
669 2453 697 2516 I.
714 2474 745 2537 p.
759 2473 835 2535 4¹9·
871 2452 934 2516 Sed
949 2475 970 2517 α
986 2453 1101 2517 Velesii
1117 2458 1206 2516 stunt
1220 2452 1376 2536 pertibus,
1391 2452 1486 2533 idque
1503 2450 1567 2512 ior·

467 2561 553 2619 tesse
576 2554 702 2631 reetius,
727 2553 904 2618 Ruinertus
926 2557 996 2618 Aet.
1018 2557 1199 2637 Martyrum
1218 2574 1249 2637 p.
1271 2556 1323 2637 63.
1344 2553 1393 2616 ed.
1410 2553 1516 2614 Amet.
1532 2558 1566 2613 et

468 2655 649 2720 Lerdnerus
667 2655 789 2719 Testim.
803 2655 931 2720 Jedeie.
943 2665 972 2719 et
982 2656 1107 2720 Erine.
1120 2655 1181 2718 vol.
1194 2653 1227 2717 ii.
1238 2675 1308 2738 cep-
1323 2670 1371 2737 15.
1416 2652 1565 2716 Ceterum

466 2756 569 2822 verbis
598 2757 740 2844 proxime
768 2755 983 2841 sequentibus,
1009 2756 1122 2823 πάντας
1149 2755 1217 2821 τοὺς
1242 2758 1429 2826 σπουδαίους,
1455 2755 1503 2816 καὶ
1528 2750 1563 2815 δι’

466 2861 508 2924 ῶν
535 2860 668 2940 μάλιστα
693 2858 868 2938 συνεστήκει
893 2862 931 2922 τὸ
957 2858 1072 2932 ἐνθάδε,
1099 2857 1218 2922 olenum
1246 2856 1404 2942 praeeipue
1431 2855 1564 2918 indienri

465 2963 569 3026 nullus
589 2962 710 3040 dubito,
727 2964 767 3027 de
780 2985 914 3048 quorum
928 2966 1043 3050 σπουδῇ
1064 2963 1099 3027 fit
1122 2961 1243 3026 mentio
1262 2961 1295 3025 in
1309 2982 1430 3025 oenone
1444 2959 1563 3045 penult.

468 3063 734 3127 Neoeaeseriensis
749 3064 882 3128 eoncilii.

511 3164 549 3226 P.
566 3183 637 3247 299.
650 3165 670 3228 l.
686 3181 734 3246 17.
750 3165 863 3232 πάντας
873 3165 963 3251 ἡμᾶς]
981 3167 1025 3230 Η.
1035 3189 1063 3230 e.
1079 3172 1183 3230 totum
1197 3163 1359 3242 fnmiliem,
1374 3162 1563 3240 uxorem,li-

466 3264 571 3341 beros,
585 3287 702 3329 servos.
719 3267 915 3331 Onsunnsnu.

511 3365 548 3427 P.
564 3385 638 3449 300.
654 3366 674 3429 1.
688 3384 717 3428 2.
731 3366 895 3451 Θυέστεια]
915 3366 1051 3431 Θυέστια
1064 3367 1110 3432 ed.
1127 3366 1229 3451 sept
1267 3364 1419 3450 (Veriere
1434 3365 1518 3429 inter
1529 3386 1563 3429 se

468 3465 616 3538 MSStos,
633 3486 716 3528 nune
731 3466 830 3530 refert
845 3468 1034 3548 Burtonus.)
1080 3466 1185 3531 Vetus
1200 3467 1268 3531 haee
1285 3468 1438 3531 adversus
1458 3466 1563 3532 Chris·

465 3565 571 3630 tiones
600 3565 797 3639 erimineti0;
833 3589 903 3650 qnae
928 3568 1036 3631 iorsnn
1061 3568 1134 3631 inde
1161 3568 1313 3652 originem
1342 3569 1451 3644 traxit,
1478 3568 1564 3651 quod

465 3666 584 3732 ethniei
608 3666 714 3750 inepte
738 3688 775 3730 eo
801 3668 957 3732 malitiose
983 3669 1272 3754 interpretarentur
1298 3674 1331 3734 S.
1355 3693 1452 3735 eoenae
1478 3669 1564 3753 apud

466 3768 666 3835 Ohristinnos
681 3789 783 3833 usum.
806 3769 938 3835 Srnoru.
985 3771 1059 3835 Hue
1074 3771 1212 3856 pertinet
1232 3771 1362 3857 insignis
1383 3772 1564 3837 OEoumenii

464 3871 553 3935 loeus
572 3870 604 3935 in
626 3871 741 3934 Comm.
757 3871 825 3955 ejus
839 3872 872 3934 in
886 3871 988 3956 Epist.
1007 3873 1112 3936 Prior.
1129 3874 1171 3936 D.
1189 3874 1286 3937 Petri.
1311 3879 1564 3939 Καταλαλοῦντας

465 3976 498 4038 δὲ
514 3972 629 4054 εἰσάγει
646 3979 701 4050 (se.
718 3971 750 4036 S.
767 3975 897 4056 Petrus)
914 3974 996 4053 ἡμῶν
1010 3974 1079 4041 τοὺς
1099 3976 1238 4041 ἔθνικοός.
1264 3976 1312 4039 καί
1332 3978 1401 4041 είτις
1419 3976 1565 4054 βούλεται

464 4082 551 4140 τοῦτο
565 4079 682 4153 μαθεῖν,
699 4076 732 4137 ἰκ
750 4081 809 4139 τῶν
834 4077 980 4159 Εἰρηναίῳ
999 4080 1040 4160 τῷ
1057 4078 1245 4158 Λονγδοόνου
1264 4082 1316 4157 τῆς
1335 4082 1478 4156 Κελτικῆς
1502 4080 1564 4141 ἐπι-

465 4179 579 4259 σκόπιρ,
604 4176 672 4254 περὶ
697 4174 832 4256 Σάγκτου
858 4178 906 4241 καί
932 4181 1096 4257 Βλανδίνης
1121 4184 1180 4242 τῶν
1204 4181 1358 4259 μαρτύρων
1384 4179 1565 4260 γραφέντων

463 4276 553 4357 μάθοι
576 4276 614 4340 ἂν
639 4278 776 4356 ἀκριβῶς.
801 4278 841 4343 ῶς
862 4280 895 4341 δὲ
918 4281 966 4341 διὸ
984 4278 1127 4361 βραχέων
1150 4279 1347 4359 παραθέσθαι,
1368 4281 1433 4344 ἔστι
1456 4285 1564 4343 ταῦτα.

464 4383 653 4459 Χριστιανῶν
679 4381 738 4460 γάρ
769 4380 996 4462 κατηχουμένων
1026 4384 1149 4448 δούλους
1167 4379 1318 4461 Ἕλληνες
1343 4384 1563 4461 συλλαβόντες,

465 4480 530 4543 εἰτα
553 4485 661 4559 μαθεῖν
684 4505 712 4544 τι
737 4484 817 4562 παρὰ
846 4484 957 4545 τούτων
986 4486 1075 4560 δῆθεν
1098 4484 1265 4564 ἆπόρῤητον
1286 4485 1354 4564 περί
1373 4488 1565 4563 Χριστιανῶν

465 4580 682 4662 ἀναγκάζοντες
697 4583 799 4662 (deest
810 4582 943 4666 aliquid)
957 4586 985 4646 οἰ
1000 4588 1102 4648 δοῦλοι
1113 4585 1193 4647 οὗτοι
1203 4583 1243 4662 μὴ
1253 4585 1374 4668 ἔχοντες
1384 4591 1445 4651 πῶς
1455 4584 1489 4647 τὸ
1501 4590 1564 4652 τοῖς

465 4681 662 4764 άναγκάζουσι
673 4682 738 4746 καθ’
753 4683 863 4763 ἡδονὴν
874 4687 955 4765 ἐρεῖν
964 4683 1101 4771 (tenire),
1111 4687 1246 4767 παρόσον
1256 4686 1364 4766 ἤκουον
1378 4692 1436 4750 τῶν
1451 4691 1562 4751 δεσπο-
