3809 5650
729 709 778 774 IN
801 709 836 776 S.
858 707 1169 774 SERAPIONEM.
1436 701 1501 773 457

398 881 470 944 nius
484 880 553 944 haec
567 882 600 943 in
616 880 759 945 Concilio
773 887 866 963 gesta
880 902 949 943 esse
964 886 1072 957 censet
1087 879 1119 942 in
1133 878 1311 942 Annalibus
1325 877 1367 941 ad
1382 898 1500 941 annum

399 981 519 1047 Christi
537 1001 608 1066 173.
624 1002 756 1045 numero
775 1002 823 1064 19.
841 1002 924 1065 aegre
939 980 972 1043 id
987 980 1031 1043 illi
1043 979 1263 1044 concesserim.
1295 978 1406 1063 Neque
1417 979 1500 1041 enim

399 1083 649 1168 subscriptiones
671 1082 733 1145 illae
756 1080 931 1166 Synodioas
952 1082 1063 1146 literas
1084 1083 1232 1166 sapiunt3
1261 1103 1318 1145 nec
1345 1079 1501 1143 Eusebius

399 1185 498 1248 ullum
524 1185 691 1248 concilium
714 1184 763 1248 vel
788 1184 821 1247 in
847 1185 929 1247 Asia
952 1185 995 1247 ab
1020 1183 1217 1268 Apollinare,
1244 1182 1293 1245 vel
1318 1181 1351 1244 in
1377 1179 1502 1245 Graecia

400 1293 546 1350 coactum
561 1309 629 1350 esse
653 1286 773 1349 scribit.
819 1285 882 1349 Sed
906 1307 964 1348 nec
987 1283 1174 1348 Tertulliani
1195 1284 1283 1347 locus
1305 1305 1344 1346 ex
1366 1283 1447 1346 libro
1463 1283 1502 1345 de

396 1388 527 1473 jejuniis
552 1388 721 1471 quicquam
743 1387 820 1450 facit
841 1408 900 1471 pro
924 1386 1072 1450 Beronio.
1118 1389 1263 1470 Ayrmtur
1278 1395 1431 1469 praterea
1444 1405 1504 1468 per

402 1491 544 1553 Groeciaa
557 1490 614 1552 illc
629 1490 718 1553 conch
733 1489 767 1551 in
781 1488 852 1552 loeis
866 1488 994 1552 mealia
1008 1510 1044 1552 ec·
1055 1488 1203 1551 rusioerac'c
1216 1486 1353 1562 emlesiis,
1363 1507 1423 1570 per
1436 1506 1504 1570 parc

401 1601 429 1655 ct
443 1591 556 1654 altiora
570 1591 712 1674 quaedam
727 1592 763 1653 in
782 1611 933 1653 mmmunc
946 1599 1129 1665 tractantur,
1143 1599 1171 1652 et
1190 1589 1259 1672 ipssa
1279 1587 1504 1670 repraeseatotio

401 1693 490 1756 totius
512 1693 643 1756 nominis
671 1692 849 1769 Christiani,
875 1713 987 1776 mapsa
1010 1691 1195 1755 reumaticus
1220 1689 1393 1753 celebratur.
1439 1687 1504 1750 Hic

401 1792 486 1856 enim
502 1792 716 1856 Tertullianus
731 1815 795 1856 non
813 1793 853 1856 de
868 1793 1007 1856 conciliis
1026 1791 1262 1858 Catholicorum
1281 1791 1432 1874 loquitur,
1448 1789 1503 1852 sed

401 1895 442 1957 de
463 1893 670 1957 conventibus
694 1893 980 1969 Montanistcrum,
995 1900 1032 1957 ut
1055 1892 1220 1976 sequentia
1242 1900 1355 1976 aperte
1377 1891 1505 1953 demon-¹

402 2001 518 2059 strant.
543 1996 702 2058 vamme.
749 1995 861 2060 Habet
878 1995 1009 2080 Niosplc.
1034 1994 1092 2058 ἀπὸ
1114 1998 1164 2072 τῆς
1187 1997 1344 2072 Δεβελτῆς
1365 2012 1423 2076 pro
1445 1990 1505 2054 ἀπὸ

404 2101 571 2176 Δεβελτοΰ.
617 2097 818 2162 Tillemontio
841 2099 874 2162 in
897 2100 989 2161 Mem.
1014 2096 1098 2160 Eeel.
1121 2104 1200 2161 tom.
1213 2096 1257 2160 iii.
1274 2096 1349 2160 Art.
1364 2095 1401 2159 S.
1414 2095 1505 2156 Sera·

396 2198 485 2282 pion,
514 2204 551 2262 ut
576 2198 711 2263 sentiret
739 2200 923 2285 synodicam
948 2199 1045 2263 fuisse
1072 2198 1167 2282 hujus
1189 2196 1368 2282 epistolam,
1392 2195 1508 2258 idonea

404 2324 502 2366 causa
516 2302 685 2366 videbatur
698 2303 918 2388 episcoporum
939 2300 972 2367 in
990 2303 1044 2367 illa
1059 2302 1327 2387 subscriptiones;
1347 2318 1426 2386 quas
1441 2301 1508 2387 qui-

403 2404 478 2467 dem
492 2403 525 2465 in
540 2410 629 2467 tomo
643 2403 675 2465 ii.
696 2403 895 2468 Bibliotheca
910 2427 976 2468 suoe
991 2405 1067 2467 ΡΡ.
1088 2404 1195 2468 omisit
1215 2404 1411 2480 Gallandius,
1432 2404 1509 2465 dum

404 2504 588 2587 Serapionis
602 2505 782 2588 fragmenta
796 2526 861 2570 nna
875 2524 947 2569 oum
959 2506 1081 2569 Valesii
1096 2507 1182 2569 notis
1192 2507 1320 2590 repetit.
1359 2507 1422 2570 Sed
1438 2527 1510 2570 cum

406 2604 537 2669 Valesio
553 2607 712 2670 consentit
727 2607 885 2690 Dupinius
899 2607 932 2670 in
946 2605 1135 2670 Bibliotheca
1152 2625 1210 2669 sna
1224 2610 1393 2670 Auctorum
1407 2608 1510 2671 Esch-

404 2707 489 2771 aiast.
504 2707 563 2769 vol.
578 2708 606 2770 I.
621 2730 652 2792 p.
663 2725 740 2790 417.
788 2710 919 2773 Interea
944 2708 1098 2784 conferas,
1124 2729 1194 2791 quae
1214 2708 1256 2770 ad
1280 2729 1372 2771 voces
1394 2711 1428 2772 ἐν
1450 2716 1511 2775 τοῖς

406 2813 566 2888 ὁηλωθεῖσι
580 2809 733 2891 γράμμασι
746 2810 830 2875 lnsra
844 2810 1005 2876 annotavi.

450 2912 488 2973 P.
501 2927 577 2994 452.
592 2912 613 2974 l.
628 2933 656 2975 1.
680 2915 749 2991 (pd
776 2914 857 2981 Θεὸς
880 2916 897 2977 d
919 2916 952 2977 ἐν
975 2918 1037 2979 τοῖς
1057 2912 1206 2997 οὐρανοῖς]
1230 2913 1349 2977 Similis
1369 2921 1419 2979 est
1443 2915 1512 2979 haec

403 3012 612 3097 jurisjurandi
627 3014 763 3079 formula
778 3016 882 3079 verbis
902 3014 1063 3099 conceptis
1079 3015 1255 3079 Clementis
1275 3016 1411 3079 Romani
1425 3018 1512 3100 apud

408 3112 561 3178 Basiliam
585 3115 744 3200 Magnum
760 3119 808 3179 De
829 3119 887 3202 Sp.
913 3119 1025 3179 Sancto
1050 3138 1119 3200 cap.
1143 3117 1261 3200 penult.
1289 3139 1359 3199 quae
1385 3118 1513 3201 quidem

408 3215 641 3280 sanctissimam
657 3218 808 3281 Triadem
823 3225 981 3282 testatur:
1007 3219 1042 3304 ζῇ
1058 3220 1074 3280 ὁ
1091 3218 1171 3284 Θεὸς
1185 3220 1234 3282 καὶ
1248 3221 1264 3281 ὁ
1277 3220 1384 3300 Κύριος
1395 3218 1514 3299 Ἰησοῦς

409 3317 547 3397 Χριστὸς,
565 3319 612 3380 καὶ
627 3316 661 3380 τὸ
678 3322 804 3397 Πνεῦμα
819 3319 853 3382 τὸ
870 3319 966 3401 ἅγιον.
1401 3388 1403 3392 ,

455 3418 539 3481 lbid.
554 3419 574 3481 l.
589 3438 618 3483 a.
635 3422 651 3482 ὁ
668 3422 702 3483 ἐν
715 3418 887 3507 Ἀγχιάλῳ]
915 3422 956 3485 ld
980 3429 1030 3486 est
1053 3422 1219 3507 episcopus
1244 3419 1405 3500 Anchiali,
1427 3423 1513 3507 quod

409 3525 460 3582 est
481 3520 635 3605 oppidum
656 3520 690 3583 in
712 3515 857 3587 Thracia
872 3531 908 3587 ut
930 3524 1007 3588 dixi.
1052 3527 1102 3589 At
1121 3523 1426 3610 Christophorsonus
1444 3525 1514 3588 haec

410 3619 457 3685 ita
471 3621 580 3698 vertit,
594 3622 686 3704 quasi
707 3623 803 3687 Sotas
823 3624 855 3687 in
879 3625 958 3690 urbe
980 3624 1136 3690 Anchialo
1151 3628 1341 3691 daemonium
1362 3627 1515 3691 Priscillae

411 3721 524 3806 ejicere
545 3722 690 3800 voluerit,
706 3725 921 3808 quodfalsum
944 3735 1004 3792 est.
1050 3729 1162 3811 Neque
1182 3729 1265 3791 enirn
1288 3728 1432 3791 Priscilla
1447 3730 1515 3791 An·

411 3823 548 3887 cbialum
574 3825 660 3889 venit
672 3850 681 3901 3
719 3828 774 3890 sed
801 3828 897 3892 Sotas
922 3830 1087 3913 episcopus
1113 3829 1199 3891 sama
1222 3850 1311 3892 novae
1336 3829 1418 3892 illius
1444 3851 1515 3914 pro-

411 3924 529 4010 phetiae
549 3926 684 4003 excitus,
699 3951 739 3990 ex
766 3930 903 3994 Thracia
925 3930 958 3992 in
982 3931 1156 4014 Phrygiam
1179 3931 1394 4014 navigaverat,
1410 3930 1517 4013 ibique

413 4027 603 4103 Priscillam,
617 4050 681 4089 non
697 4029 803 4091 divino
819 4030 959 4114 Spiritu3
984 4032 1039 4094 sed
1054 4053 1075 4094 a
1089 4032 1231 4094 daemone
1246 4030 1362 4116 agitari
1374 4052 1516 4104 cernens,

412 4146 484 4187 earn
498 4125 683 4189 exorcismis
699 4148 836 4211 purgare
851 4136 1044 4194 tentaverat.
1091 4131 1163 4194 Non
1179 4133 1263 4195 solus
1283 4138 1392 4195 autem
1408 4132 1515 4206 Sotae,

413 4226 469 4287 sed
485 4233 518 4289 et
534 4226 660 4311 plurimi
676 4227 729 4290 alii
745 4230 882 4314 episcopi
898 4231 930 4293 in
942 4231 1116 4316 Phrygiam
1131 4240 1208 4297 tunc
1219 4233 1371 4317 temporis
1385 4233 1518 4317 profecti

413 4335 498 4405 sunt,
526 4329 568 4391 ad
594 4328 796 4412 prophetiam
819 4331 905 4394 illam
933 4333 973 4395 de
998 4333 1176 4418 propinquo
1202 4334 1455 4408 examinandam,
1482 4344 1519 4397 ut

413 4428 533 4493 diserte
563 4436 705 4493 testatur
733 4452 909 4516 anonymus
938 4433 991 4497 ille
1020 4434 1159 4521 scriptor
1187 4436 1219 4498 in
1249 4456 1318 4520 cap.
1338 4438 1385 4498 16.
1413 4457 1518 4520 supra.

416 4532 519 4593 Porro
542 4532 720 4595 notandum
741 4539 801 4610 est,
826 4532 938 4597 Sotam
959 4541 1120 4600 mortuum
1139 4537 1207 4620 jam
1226 4537 1331 4614 luisse,
1357 4559 1429 4601 cum
1451 4538 1521 4601 haeo

415 4627 577 4692 scribebat
593 4629 699 4692 AElius
712 4630 736 4692 J
738 4630 828 4693 ulius.
875 4632 968 4713 Quod
992 4634 1071 4698 satis
1085 4635 1206 4699 indicat
1221 4658 1281 4699 vox
1301 4636 1355 4701 illa
1368 4636 1521 4717 μακάριος,

416 4749 513 4812 quam
526 4731 633 4796 Graeci
647 4733 688 4796 de
703 4733 838 4796 mortuis
849 4734 953 4798 solent
968 4757 1129 4822 usurpare.
1161 4738 1254 4819 Quod
1268 4738 1295 4801 si
1308 4740 1403 4804 Sotcs
1417 4738 1522 4803 adbuc

461 4869 529 4913 VOL.
547 4873 569 4914 l.
941 4873 961 4938 3
982 4877 1004 4915 N
