3809 5650
474 680 536 744 172
835 679 1217 743 ANNOTA'l'IONES

524 830 608 893 lbid.
624 831 644 892 l.
668 831 714 894 16.
737 831 786 893 καὶ
801 830 875 911 πρὸς
889 828 1051 895 Ἰουδαίους
1071 835 1188 908 πρῶτον
1212 831 1260 892 καὶ
1277 829 1429 914 δεύτερον]
1453 829 1586 893 Abeunt

482 931 551 995 haeo
576 953 597 995 a
623 930 741 994 nostris
764 930 924 994 codicibus
948 930 1032 993 Man.
1054 930 1140 993 Med.
1162 937 1196 995 et
1220 930 1337 994 Fuket.
1394 932 1457 995 Sed
1483 953 1586 1014 neque

482 1032 616 1095 Rufinus
633 1054 672 1095 ea
694 1032 727 1094 in
746 1030 980 1115 exemplaribus
1000 1031 1065 1093 suis
1081 1030 1215 1115 legerat,
1237 1039 1274 1095 ut
1294 1055 1334 1095 ex
1355 1033 1497 1097 versione
1517 1033 1587 1116 ejus

481 1141 634 1217 apparet:
659 1133 715 1195 sed
731 1154 788 1195 nee
805 1132 1021 1214 Hieronymus
1035 1132 1067 1193 in
1082 1131 1164 1195 libro
1178 1134 1219 1196 de
1241 1132 1458 1217 scriptoribus
1473 1133 1585 1197 Eccle-

481 1234 630 1309 siastieis,
655 1234 709 1296 ubi
733 1254 843 1297 omnes
869 1233 1064 1317 Apollinaris
1087 1233 1186 1297 libros
1212 1243 1364 1311 recenset,
1394 1235 1489 1320 hujus
1514 1234 1587 1297 libri

482 1347 595 1399 eontra
623 1335 646 1396 J
649 1336 758 1399 udaeos
788 1335 980 1397 mentionem
1010 1335 1096 1399 lacit.
1153 1335 1351 1420 Nicephorue
1378 1353 1487 1400 tamen
1517 1336 1589 1418 ejus

482 1437 589 1521 operis
614 1435 768 1499 meminit.
793 1434 957 1497 Vsunsrus.
1015 1434 1096 1500 Haeo
1119 1437 1216 1500 verba
1241 1460 1262 1500 a
1290 1437 1421 1501 librario
1449 1437 1586 1521 quodam

484 1539 616 1600 moleste
639 1537 748 1600 sedulo
772 1536 885 1599 addita
909 1544 1055 1619 putarem
1080 1546 1178 1623 atque
1202 1539 1331 1604 exulare
1347 1540 1502 1623 juberem,
1526 1538 1587 1600 nisi

484 1640 552 1702 fieri
567 1660 693 1723 quoque
707 1638 875 1722 potuisset,
888 1644 925 1700 ut
940 1658 1048 1701 errore
1063 1639 1147 1702 circa
1162 1639 1410 1705 homoeoteleuta
1424 1641 1588 1704 omittere-

485 1749 548 1805 tur.
572 1740 706 1803 Sunorn.
754 1737 871 1802 dodica
886 1739 978 1822 chii
993 1738 1160 1802 lectionem
1175 1740 1283 1804 firmat
1297 1749 1416 1825 praeter
1432 1740 1587 1824 Nicepho-

484 1864 554 1905 rum
576 1843 650 1905 MS.
673 1842 800 1925 quidem
824 1839 964 1923 Norsodc.
989 1861 1052 1902 non
1084 1840 1182 1902 Codes
1203 1842 1301 1905 Socii.
1327 1842 1391 1906 eive
1413 1842 1503 1905 Βαάλ.
1525 1842 1587 1905 etsi

487 1943 651 2006 Strothius
683 1947 816 2025 propter
845 1940 966 2003 Valesii
997 1941 1157 2004 silentium
1188 1963 1256 2003 rem
1284 1943 1378 2006 aliter
1406 1965 1440 2005 se
1470 1943 1587 2006 habere

485 2049 642 2129 putasset.
682 2042 796 2104 Addas
816 2062 909 2112 nune,
924 2040 1083 2104 referente
1099 2042 1255 2117 Burtono,
1273 2043 1405 2106 MSSws
1424 2045 1589 2107 Pottsicoe

485 2153 519 2208 et
543 2142 744 2207 Ferentinae.
791 2141 953 2204 caeterum
976 2149 1113 2225 utroque
1141 2142 1211 2205 loco
1243 2149 1356 2224 πρῶτος
1382 2145 1429 2207 καὶ
1453 2147 1588 2225 δεύτερος

486 2246 577 2309 sedec
592 2245 690 2307 habet
705 2243 843 2326 Norsolc.

533 2344 615 2407 lbid.
632 2342 652 2405 l.
672 2361 721 2425 17.
737 2341 799 2421 μετ’
810 2343 845 2405 οὗ
857 2343 955 2404 πολὺν
967 2345 1241 2426 καινοτομηθείσης]
1281 2342 1589 2427 Christophorsonus

486 2445 592 2516 vertit,
619 2445 693 2522 Quo
707 2465 766 2506 aon
780 2443 873 2505 multo
880 2453 949 2527 poet
964 2452 1091 2528 wipere
1104 2444 1141 2506 de
1155 2445 1269 2528 inlapse
1283 2454 1436 2507 rucuma.
1480 2444 1587 2513 Quam

487 2544 787 2628 interpretationem
799 2544 934 2627 probare
946 2566 1008 2606 non
1019 2566 1146 2629 possum
1178 2545 1307 2629 Langus
1316 2567 1391 2608 vero
1401 2544 1588 2629 (Nicephori

486 2646 644 2729 interpres
653 2644 1017 2728 Latinue)etMuseulus
1028 2645 1093 2707 fere
1102 2645 1237 2707 eundem
1247 2667 1373 2708 sensum
1382 2647 1477 2709 arnbo
1488 2645 1587 2709 secuti

486 2753 571 2809 sunt.
618 2745 670 2808 Sic
685 2745 769 2808 enim
786 2744 931 2829 Longus:
957 2746 1002 2807 Et
1015 2767 1083 2830 qcoe
1090 2755 1242 2829 preterca
1255 2746 1415 2809 adversum
1430 2747 1589 2831 Plrypsua

485 2848 628 2911 heresim
651 2847 819 2931 composuit,
844 2867 912 2930 quw
934 2867 993 2908 coc
1017 2847 1108 2909 multo
1118 2856 1188 2929 post
1202 2868 1249 2908 res
1262 2868 1354 2910 cocae
1373 2848 1407 2910 iu
1422 2848 1588 2911 Ecclesiam

486 2949 621 3013 inducit.
669 2948 834 3012 Musonius
847 2970 923 3011 vero
939 2948 970 3009 in
987 2949 1070 3012 hunc
1085 2949 1232 3011 modum:
1257 2949 1332 3026 Quae
1345 2970 1404 3011 con
1418 2950 1511 3012 molto
1519 2960 1590 3033 poet

487 3062 615 3134 ternpore
629 3050 796 3113 iaeobsccre
810 3048 907 3132 capia
956 3049 1063 3113 Possis
1083 3049 1182 3113 etium
1201 3049 1248 3113 ita
1270 3057 1413 3112 vertere:
1441 3049 1516 3126 Quae
1529 3071 1589 3113 coc

486 3152 578 3214 meo
586 3161 691 3235 poetar
705 3149 840 3233 apertius
847 3147 1008 3232 publicata
1023 3160 1073 3213 eet.
1092 3151 1250 3212 Vinnsrus.
1292 3148 1378 3211 Dum
1395 3149 1532 3212 Beronio
1546 3150 1589 3213 ad

487 3275 539 3316 an.
561 3272 630 3332 ¹73·
647 3250 802 3333 duplicem
818 3258 924 3312 ortum
942 3250 1216 3313 Montanistarum
1238 3249 1311 3312 hine
1334 3250 1531 3334 excogitanti
1555 3272 1589 3314 se

487 3352 621 3436 opponit
636 3350 856 3413 Tillemontius
871 3351 967 3412 Mem.
982 3350 1096 3412 Ecclce.
1117 3357 1195 3413 tom.
1212 3350 1243 3411 ii.
1268 3357 1333 3413 not.
1354 3370 1380 3412 ι.
1408 3350 1450 3412 ad
1466 3350 1589 3413 Monta·

487 3453 591 3525 nutas,
609 3460 717 3513 monet
733 3450 775 3511 ibi
793 3451 840 3512 vir
855 3450 1067 3522 doctissimus,
1084 3471 1215 3512 narrare
1231 3449 1412 3524 Eusebium,
1426 3448 1590 3531 scripsisse

488 3560 601 3616 eontra
626 3554 818 3616 Montanum
838 3553 897 3614 sub
920 3561 1026 3615 ortum
1049 3552 1117 3635 ejus
1133 3550 1361 3635 Apollinarem,
1377 3572 1470 3633 quem
1493 3552 1589 3633 paulo

487 3665 561 3739 post
582 3662 718 3736 tempus,
735 3653 775 3716 de
794 3675 856 3736 quo
871 3661 949 3717 tuno
972 3653 1090 3736 agebat
1110 3651 1275 3725 Eusebius,
1290 3650 1460 3734 contigisse
1479 3660 1587 3734 putat.

487 3758 653 3820 Verterem
669 3754 775 3838 igitur,
791 3776 859 3837 qum
873 3776 932 3816 coc
946 3754 1002 3817 dic
1017 3764 1122 3838 posteo
1136 3754 1300 3837 compilata
1314 3762 1364 3826 eet,
1380 3763 1452 3816 tunc
1466 3753 1590 3838 quidem

486 3857 578 3942 qemi
592 3855 678 3917 cosei
692 3854 848 3936 decipiens.

531 3958 568 4019 P.
598 3975 666 4038 152.
692 3954 712 4016 l.
728 3975 758 4037 3.
786 3953 960 4038 γράμματα]
998 3953 1146 4017 Valesius
1171 3954 1297 4038 quidem
1327 3962 1398 4037 post
1428 3954 1589 4031 Rufinum,

488 4059 782 4139 Hieronymuinque
801 4055 848 4115 De
872 4054 956 4115 Viris
971 4054 1026 4116 Ill.
1050 4076 1118 4138 cap.
1134 4076 1187 4131 41.
1213 4056 1262 4117 De
1277 4056 1451 4139 Serapione,
1473 4056 1526 4119 ubi
1548 4078 1589 4120 ex

488 4157 626 4222 Eusebio
646 4156 715 4218 haec
733 4153 919 4228 afferuntur,
941 4154 1039 4217 vertit
1062 4154 1187 4224 litem,-
1214 4155 1269 4218 sed
1287 4157 1420 4220 reddere
1443 4178 1477 4220 se
1497 4157 1590 4219 malle

486 4261 534 4324 ait
548 4258 590 4322 nd
604 4257 729 4319 Hieron.
743 4253 910 4316 Fabricius
921 4256 1048 4339 scripta,
1062 4277 1158 4339 quam
1172 4255 1291 4319 literas.
1338 4258 1499 4342 Basnogio
1514 4279 1590 4340 quo-

487 4382 548 4445 que
563 4356 680 4420 Acacl.
697 4354 958 4418 Politice-Eadm.
975 4363 1052 4418 tom.
1069 4355 1100 4419 ii.
1117 4378 1148 4440 p.
1168 4377 1205 4441 ¹5
1215 4378 1239 4417 ι.
1254 4379 1318 4420 non
1333 4358 1512 4441 discrepare
1521 4358 1590 4420 haee

487 4460 645 4541 γράμιατα
665 4455 814 4518 videntur
844 4478 864 4517 a
895 4455 984 4519 libris
1004 4463 1117 4520 eontra
1132 4458 1363 4542 Gataphrygas,
1386 4482 1441 4522 seu
1460 4459 1591 4521 Monta·

486 4560 598 4632 nistas,
615 4577 747 4639 quorum
766 4555 911 4619 meminit
932 4556 1099 4620 Eusebius.
1147 4567 1167 4592 ‘¹
1180 4558 1301 4621 Seeus”
1316 4560 1363 4623 ait
1377 4560 1429 4623 ille
1450 4560 1522 4622 “de
1540 4558 1591 4622 his

488 4677 507 4697 ·‘
524 4680 649 4745 quoque
664 4655 806 4740 epistolis
822 4667 1102 4722 commemorasset
1124 4659 1156 4722 iu
1177 4660 1324 4745 catalogo
1343 4683 1474 4745 operum
1489 4661 1590 4746 Apol·
