3809 5650
401 715 467 784 376
787 712 820 777 S.
847 712 1123 780 PANTAENUS.

400 884 541 980 “Hujus
570 887 676 957 multi
703 885 848 979 quidem
881 889 918 956 in
945 895 1105 957 sanctam
1133 885 1352 981 Scripturam
1380 897 1509 960 extant

401 1011 654 1092 commentarii,
690 1010 753 1080 sed
785 1010 898 1103 magis
933 1010 1013 1079 viva
1047 1033 1135 1080 voce
1169 1010 1326 1081 ecclesiis
1362 1013 1508 1104 profuit.

401 1133 605 1228 Docuitquc
630 1135 721 1206 esub
747 1133 890 1217 Severo,
916 1143 955 1204 et
979 1133 1165 1204 Antonino
1183 1144 1420 1228 cognomento
1440 1136 1509 1206 Ca·

401 1258 538 1329 racalla.

399 1458 487 1517 navit.
531 1457 591 1516 Hic
605 1467 635 1515 et
650 1456 680 1514 in
695 1457 809 1532 epistola
826 1457 864 1512 ud
885 1456 1020 1530 Magnum
1038 1456 1148 1527 scribit,
1165 1458 1316 1514 Pantanus
1330 1479 1348 1515 α
1361 1458 1507 1517 Demetrio

400 1556 588 1612 Alexandrino
602 1556 725 1629 episcopo
745 1556 844 1609 missus
864 1555 946 1609 estin
970 1554 1076 1610 Indiam
1097 1560 1129 1609 ut
1149 1554 1285 1611 Christum
1307 1558 1383 1629 opud
1395 1556 1508 1613 Brach-

400 1670 495 1708 rnanos
508 1658 536 1707 et
549 1652 624 1707 illius
636 1652 726 1724 gentis
737 1648 912 1722 philosophos
922 1649 1098 1722 predicaret.

440 1757 454 1789 ⁰
468 1746 538 1804 Non
553 1746 594 1803 ait
610 1745 756 1803 Eusebius
770 1741 952 1821 evangelium
974 1743 1110 1801 Mutthaei
1132 1744 1285 1805 Hebraicis
1299 1749 1439 1828 scriptum
1455 1749 1504 1807 lit·

400 1843 471 1903 teris
485 1841 694 1901 Alexandriam
713 1838 836 1898 relatum
855 1841 1034 1905 aPantaen0‚
1050 1839 1101 1897 sed
1118 1851 1232 1898 tantum
1253 1863 1270 1900 u
1291 1844 1507 1903 Bartholomaeo

399 1939 539 1999 traditum
555 1939 692 2007 inclinet
710 1937 747 1996 sd
766 1936 898 1995 Pantoeni
913 1956 1006 2014 usque
1024 1947 1140 1996 oemtem
1159 1938 1199 1997 ibi
1217 1951 1374 1999 servotum.
1401 1941 1504 2000 ann.

401 2036 522 2095 Eusebll
536 2036 624 2094 verbu
642 2028 798 2101 sunt—sir
820 2029 856 2089 eis
875 2037 1013 2106 γενόμενος
1034 2036 1074 2089 καὶ
1096 2037 1111 2087 ὁ
1135 2039 1276 2094 Πανταῖνος
1295 2039 1335 2092 καὶ
1349 2039 1386 2095 ris
1406 2038 1507 2095 ’laboris

398 2133 486 2188 Mein
498 2135 610 2205 λέγεται·
631 2133 693 2187 tuta
705 2134 786 2202 λόγος
799 2131 882 2201 εὑρεῖν
894 2131 973 2184 αὐτὸν
986 2131 1146 2204 προφθάσαν
1158 2132 1205 2200 τὴν
1223 2133 1302 2187 αὐτοῦ
1314 2135 1460 2206 παρουσίαν
1473 2137 1505 2189 rrl

398 2231 462 2283 κατὰ
476 2229 608 2282 Marouion
628 2229 782 2299 εὐαγγίλιον
795 2227 865 2298 παρά
882 2247 952 2281 τισιν
966 2228 1056 2281 αὐτόθι
1076 2229 1122 2282 τὸν
1138 2231 1254 2300 Χριστὸν
1274 2231 1448 2302 ἐπεγνωκόσιν
1465 2227 1506 2288 οἶς

399 2325 602 2396 Βαρθολομαῖον,
616 2322 831 2377 τῶνᾶποοτόλον
844 2322 888 2377 ἕνα
902 2321 1018 2395 κηρύξαι,
1030 2324 1117 2380 circis
1129 2346 1159 2379 rc
1171 2324 1299 2397 Ἐβραίων
1309 2328 1444 2398 γράμμασι
1455 2329 1505 2396 τὴν

398 2424 446 2475 τοῦ
468 2420 602 2475 Marouion
626 2421 783 2490 καταλεῖψαι
806 2419 920 2492 γραφὴν,
945 2418 977 2489 ἦν
997 2422 1038 2473 καὶ
1063 2422 1194 2487 σώζεσθαι
1218 2422 1255 2478 εἷς
1275 2423 1322 2475 τὸν
1343 2420 1505 2492 δηλούμενον

398 2515 502 2589 χρόνον.
525 2535 551 2572 v.
569 2533 613 2574 ro.
652 2515 763 2572 Confer
777 2515 912 2582 Pinus,
927 2533 1015 2592 snpra
1027 2534 1055 2590 p.
1073 2533 1117 2587 14.
1133 2535 1199 2573 cum
1221 2526 1290 2573 nota
1308 2515 1343 2573 ad
1358 2515 1413 2575 loc.
1457 2518 1503 2575 Cl.

399 2610 435 2668 P.
451 2609 593 2669 Paulinus
606 2632 624 2669 a
638 2611 670 2669 S.
683 2609 897 2669 Bartholomoeo
908 2609 938 2667 in
954 2611 1032 2667 ludin
1046 2613 1180 2667 Orientali
1193 2610 1363 2677 Christiana,
1379 2632 1408 2690 p.
1425 2631 1480 2685 142
1495 2637 1502 2670 ε

400 2705 569 2782 “Effigiem
586 2705 617 2764 S.
630 2705 750 2763 Thomoe
769 2704 891 2784 apostoli
912 2715 942 2763 et
958 2705 1089 2762 Puntaeni
1104 2706 1263 2783 presbyteri
1286 2706 1390 2764 scholar
1409 2707 1504 2765 Alex.

400 2809 419 2835 “
434 2800 562 2859 sudrinae
576 2801 705 2880 praefecti
721 2820 758 2859 ex
781 2798 871 2859 valvis
888 2800 976 2859 aeneis
995 2799 1128 2860 Basilica
1144 2801 1176 2859 S.
1194 2803 1279 2858 Pauli
1300 2801 1345 2859 via
1360 2801 1502 2870 Ostiensi,

400 2897 689 2975 “Constantinopoli
716 2917 793 2955 anno
821 2896 931 2955 Christi
961 2914 1046 2971 1070.
1082 2896 1135 2954 sub
1165 2896 1292 2955 Consule
1324 2897 1504 2957 Pantaleone

399 2999 420 3025 “
433 2993 545 3073 sculpro
570 2994 667 3052 incisis
691 2994 810 3052 exhibet
832 2992 1014 3071 Cismpinius
1039 2993 1069 3050 in
1094 3012 1181 3071 opere
1206 2994 1363 3072 inscripto:
1404 2996 1503 3051 Vetere

399 3095 419 3122 “
435 3090 615 3148 Monumentu
630 3101 703 3168 part.
716 3090 742 3147 1.
758 3109 820 3167 cap.
833 3089 872 3147 iv.
888 3109 918 3167 p.
929 3088 978 3163 38.
993 3088 1095 3165 quadr.
1106 3090 1196 3148 xxvii.
1227 3090 1385 3148 Pantaenus
1399 3090 1504 3149 dextra

399 3192 420 3218 “
433 3206 521 3243 manu
550 3196 630 3244 tenet
657 3185 839 3263 evangelium
868 3184 901 3243 S.
924 3185 1070 3251 Matthaei,
1099 3186 1177 3263 quod
1205 3186 1267 3265 ipse
1296 3188 1407 3265 primus
1435 3198 1503 3264 post

399 3290 418 3313 “
433 3281 465 3338 S.
477 3280 618 3338 Thomsm
634 3281 717 3339 Indis
734 3279 919 3357 predicavit,
943 3292 974 3339 et
995 3280 1025 3339 S.
1037 3281 1157 3339 Tbomae
1174 3283 1345 3362 martyrium
1365 3283 1395 3340 in
1417 3283 1504 3341 India

399 3384 418 3407 ‘¹
434 3375 487 3434 hac
501 3376 603 3434 Grues
617 3376 773 3454 epigraphe
788 3375 955 3434 inscribitur

520 3479 539 3502 ‘¹
552 3472 583 3526 ‘0
605 3481 703 3526 arlon
724 3481 842 3527 θΩΜΑΣ
860 3481 942 3528 ΑΟΧΙ
962 3480 1033 3529 ΥΠΟ
1055 3480 1165 3528 ΗΝΔΙΑ

520 3576 538 3600 “
553 3577 742 3623 ΤΕΛΗΟΥΤΕ.

520 3671 540 3694 “
556 3663 587 3720 S.
604 3663 722 3720 Thomas
736 3665 832 3720 lancea
845 3665 875 3720 in
890 3666 973 3721 India

521 3768 540 3791 ‘⁴
556 3760 686 3815 Moritur.

398 3856 543 3913 “Confer
565 3854 719 3913 Blsnchini
739 3856 901 3913 Dernonatr.
923 3857 999 3914 Hirt.
1018 3856 1095 3913 Eccl.
1113 3856 1236 3913 Monuni.
1255 3854 1350 3930 Cornp.
1367 3856 1441 3915 Tub.
1456 3856 1500 3916 iii.

398 3959 417 3984 ‘⁸
433 3949 529 4008 saeculi
544 3950 574 4007 ii.
589 3970 663 4007 num.
678 3969 728 4023 40.
744 3957 772 4008 et
785 3952 834 4023 4.''
859 3950 891 4007 S.
903 3950 1024 4008 Thomu
1038 3949 1161 4028 apostoli
1172 3950 1251 4028 apud
1263 3949 1353 4010 Indos
1363 3952 1501 4030 predica·

396 4047 506 4105 tionem
528 4057 753 4105 commemorant
767 4046 799 4103 S.
811 4045 972 4124 Gregorius
987 4046 1062 4104 Nau.
1080 4046 1111 4103 in
1131 4046 1212 4104 Orat.
1223 4066 1272 4104 xx.
1308 4045 1501 4125 Andreasque

397 4142 591 4209 Coessriensis,
607 4142 656 4219 qni
671 4142 777 4202 saeculo
794 4143 898 4220 quinto
914 4141 1023 4207 floruit,
1039 4141 1069 4198 iu
1086 4143 1235 4199 Comment.
1251 4145 1288 4199 ad
1301 4144 1499 4218 Apocalypsin,

397 4258 460 4316 cap.
471 4238 520 4313 67.
536 4259 620 4297 serm.
635 4256 682 4296 cr.
719 4238 762 4295 Et
776 4238 896 4296 Thomae
911 4237 1101 4317 sepulturam,
1117 4236 1171 4295 etsi
1186 4237 1282 4295 locum
1294 4247 1380 4304 tacet,
1396 4248 1500 4297 notum

395 4353 458 4391 esse
479 4334 519 4390 ait
541 4333 572 4390 S.
583 4332 807 4410 Chrysostomus
826 4335 931 4391 Honrit.
947 4334 995 4392 26.
1018 4334 1049 4390 in
1069 4334 1162 4408 Epist.
1178 4336 1215 4390 ud
1229 4335 1307 4391 rtet.
1329 4332 1399 4390 Vid.
1422 4333 1501 4391 infru

395 4438 493 4485 notam
509 4427 544 4484 sd
561 4426 833 4485 POLYCRATIS
849 4428 1068 4506 Fragmentum.

436 4519 537 4578 dN0n
552 4521 669 4579 videtur
688 4522 885 4600 Hieronymus
903 4524 1011 4601 scripta
1024 4524 1121 4600 sliqua
1135 4524 1267 4582 Pantaeni
1283 4523 1431 4593 evolvisse,
1447 4525 1499 4583 sed

395 4625 510 4674 tantum
529 4616 689 4694 exprimere
709 4616 834 4675 voluisse
854 4617 977 4677 Eusebii
997 4620 1092 4683 verbs,
1107 4620 1212 4694 quibus
1234 4630 1331 4677 tamen
1349 4618 1498 4678 nullorum

396 4713 426 4767 in
440 4721 568 4769 sanctam
589 4712 759 4789 scripturam
782 4714 1055 4771 commentariorum
1077 4713 1205 4771 mentio:
1229 4718 1298 4783 (ὤση
1312 4718 1387 4788 φωνῇ
1400 4718 1441 4770 καὶ
1456 4717 1498 4770 διὸ
