3809 5650
481 677 546 742 370
850 678 1205 745 ANNOTATIONES

485 840 623 905 Valesi0.
671 842 762 908 Nunc
790 845 980 924 Strothium,
1004 848 1261 925 Zimmennann.,
1288 856 1321 911 et
1354 839 1586 914 Hoinichenum

484 952 611 1007 secutus
626 966 706 1008 sum.

528 1046 567 1108 Ρ.
579 1065 653 1131 324.
663 1047 684 1111 l.
696 1050 725 1111 8.
734 1061 791 1111 Τῶν
805 1056 827 1110 δ’
841 1057 910 1128 ἀμφὶ
928 1061 975 1114 τὸν
994 1062 1130 1115 Μοντανὸν
1150 1063 1190 1115 καὶ
1203 1063 1371 1130 Ἀλκιβιάδην
1385 1063 1425 1115 καὶ
1439 1064 1582 1135 Θεόδοτον]

486 1147 551 1211 Ηίο
566 1148 758 1225 Alcibiades,
776 1150 1018 1236 distinguendus
1032 1160 1082 1218 est
1097 1154 1138 1217 ab
1154 1154 1320 1217 Alcibiade
1336 1154 1388 1217 illo
1410 1163 1587 1238 martyrum

485 1249 746 1335 Lugdunensium
763 1252 893 1337 collega,
909 1255 950 1318 de
966 1277 1028 1337 quo
1044 1277 1151 1340 supra.
1191 1257 1275 1319 Nam
1290 1255 1341 1319 hic
1357 1255 1481 1338 quidem
1498 1279 1586 1319 sauo-

485 1351 627 1415 tissimus
646 1359 770 1437 martyr
792 1355 863 1432 luit,
879 1361 916 1419 ut
938 1365 1073 1440 apparet
1096 1380 1136 1421 ex
1157 1357 1196 1420 iis
1218 1379 1288 1442 quae
1311 1359 1349 1420 de
1372 1357 1425 1420 illo
1446 1358 1587 1420 referunt

486 1453 728 1537 Lugdunenses.
766 1453 861 1518 Alter
875 1477 949 1518 vero
965 1478 1036 1518 oum
1049 1455 1208 1519 Montano
1219 1478 1257 1519 ac
1270 1455 1445 1531 Theodoto,
1458 1456 1587 1540 signifer

485 1556 546 1620 fuit
561 1564 656 1620 sectae
672 1555 962 1641 cataphrygarum.
1001 1557 1050 1621 De
1066 1579 1128 1642 quo
1143 1558 1213 1621 vide
1225 1563 1320 1641 caput
1334 1560 1373 1620 16
1387 1564 1420 1620 et
1435 1576 1481 1638 17.
1493 1557 1586 1641 hujus

485 1658 567 1722 libri.
584 1659 748 1721 Vani-:sius
795 1659 835 1720 In
851 1658 915 1722 alia
930 1680 1060 1741 prorsus
1080 1658 1161 1722 abiit
1182 1658 1355 1735 Strothius,
1371 1659 1428 1721 sed
1446 1658 1536 1734 male,
1554 1658 1586 1720 ni

484 1759 586 1822 fallor.
632 1758 724 1823 Nunc
741 1759 869 1823 demum
884 1759 974 1822 video
989 1759 1031 1822 ad
1048 1758 1220 1822 Eusebium
1235 1759 1304 1821 haec
1323 1759 1531 1821 adnotantem
1546 1757 1585 1820 cl.

486 1860 697 1924 Heinichen.:
726 1866 745 1896 “
760 1860 963 1925 Contrarium
979 1859 1108 1924 Valesio
1124 1861 1315 1924 sententiam
1335 1860 1513 1944 opinionem
1535 1881 1586 1922 ar-

486 1968 507 2000 “
518 1962 679 2046 gumentis
693 1961 770 2025 mihi
784 1961 869 2026 haud
880 1961 1096 2045 probabilibus
1106 1961 1247 2026 defendit
1261 1962 1303 2025 ad
1314 1961 1345 2023 h.
1357 1961 1379 2023 l.
1392 1960 1587 2023 Strothius.''

486 2063 591 2127 Immo
606 2063 740 2126 fortasse
755 2062 807 2126 hio
821 2063 1021 2126 scribendum
1036 2071 1086 2126 est
1102 2063 1276 2139 Miltiades,
1290 2070 1386 2146 prout
1402 2063 1435 2126 in
1446 2084 1516 2145 cop.
1533 2064 1584 2125 16.

484 2157 578 2242 hujus
593 2158 651 2221 viri
667 2181 781 2222 nomen
797 2159 961 2223 Miltiades
976 2167 1068 2224 extat
1082 2181 1141 2243 pro
1157 2160 1350 2224 Alcibiades.

529 2258 611 2322 Ibid.
627 2259 647 2322 l.
669 2279 716 2342 19.
738 2271 784 2337 τῆς
797 2273 848 2322 τῶν
861 2268 1005 2337 ἐκκλησιῶν
1018 2268 1118 2341 εἰρήνης
1131 2268 1202 2323 ἕνεκα
1215 2262 1418 2342 πρεσβεύοντες]
1445 2260 1586 2324 (lllrlsto-

483 2360 660 2444 phorsonus
686 2361 813 2445 quidem
839 2360 906 2424 haeo
928 2361 1025 2424 verba
1050 2360 1161 2425 retulit
1186 2362 1229 2424 ad
1254 2362 1355 2424 solum
1378 2360 1586 2424 Eleutherum

483 2462 637 2526 Romanae
650 2462 737 2524 urbis
748 2462 940 2547 episcopum.
974 2462 1044 2546 Ego
1056 2484 1130 2525 vero
1145 2463 1187 2526 ad
1198 2470 1350 2546 utrosque
1362 2462 1472 2526 referri
1485 2471 1584 2545 puto;

483 2571 554 2628 tum
568 2564 610 2626 ad
626 2562 854 2634 Eleutherum
881 2570 951 2626 tum
966 2563 1007 2625 ad
1023 2563 1140 2626 fratres
1160 2562 1192 2625 in
1208 2563 1285 2626 Asia
1306 2569 1339 2625 et
1355 2563 1495 2647 Phrygia
1513 2585 1587 2626 con·

484 2665 628 2730 stitutos.
667 2662 811 2728 (lonsulti
826 2662 910 2726 enim
925 2662 1052 2727 fuerant
1069 2661 1296 2748 Lugdunenses
1311 2671 1344 2728 et
1359 2665 1552 2727 Viennenses
1566 2687 1588 2727 a

483 2767 637 2832 fratribus
656 2764 689 2829 in
703 2763 785 2828 Asia
804 2769 838 2828 et
854 2763 996 2849 Phrygia
1018 2765 1273 2844 consistentibus,
1290 2765 1366 2852 quid
1387 2764 1588 2830 sentiendum

484 2878 568 2934 esset
584 2871 623 2934 de
638 2867 927 2953 pseudoprophetia
941 2867 1005 2944 illa,
1022 2888 1092 2951 quae
1112 2868 1197 2952 apud
1218 2868 1304 2952 ipsos
1326 2875 1439 2931 exorta
1458 2868 1583 2943 fuerat;

485 2972 598 3056 quidve
620 2971 779 3055 agendum
801 2968 884 3032 foret
908 2969 1078 3044 Montano,
1096 2969 1268 3032 Theodoto
1290 2969 1430 3051 aliisque,
1454 2969 1507 3052 qui
1530 2993 1587 3054 per

485 3073 624 3157 Spiritus
638 3070 741 3135 sancti
754 3070 893 3154 gratiam
908 3069 1017 3133 lutura
1031 3091 1064 3133 se
1080 3071 1251 3153 praediccre
1259 3071 1437 3154 jactabant.
1475 3071 1525 3135 De
1536 3072 1587 3136 his

484 3176 583 3259 igitur
598 3170 826 3257 Lugdunenses
841 3193 879 3233 ao
895 3169 1093 3235 Viennenses
1107 3172 1298 3256 presbyteri,
1309 3174 1351 3236 ad
1366 3173 1506 3237 Asianos
1517 3196 1587 3238 sen·

484 3275 620 3339 tentiam
640 3294 731 3337 suam
751 3271 1003 3356 perscripserunt
1024 3272 1173 3356 peculiari
1190 3273 1332 3357 epistola,
1349 3296 1444 3357 quam
1463 3276 1587 3340 utinam

483 3376 535 3439 hic
550 3396 675 3460 quoque
689 3373 889 3458 apposuisset
901 3373 1066 3437 Eusebius.
1101 3373 1263 3459 Epistolns
1275 3396 1400 3459 quoque
1411 3385 1587 3461 martyrum

483 3497 523 3540 ea
535 3478 576 3540 de
590 3496 625 3538 re
639 3476 682 3538 ad
698 3473 837 3537 Asianos
852 3473 997 3557 scriptas,
1014 3473 1080 3537 suis
1093 3474 1194 3538 literis
1209 3475 1395 3558 adjecerant
1409 3477 1587 3561 presbyteri

486 3575 722 3661 Lugdunenses,
739 3582 776 3638 ut
791 3574 982 3638 sententiam
998 3597 1088 3638 suam
1102 3576 1297 3640 auctoritate
1316 3584 1493 3661 martyrum
1513 3600 1587 3641 cou-

483 3676 658 3741 firmarent.
705 3675 798 3756 Quod
813 3673 840 3738 si
855 3675 1011 3759 conjicere
1026 3675 1110 3752 licet,
1127 3675 1195 3740 baeo
1210 3676 1335 3740 illorum
1351 3678 1477 3742 videtur
1490 3678 1588 3743 fuisse

484 3778 661 3851 sententia;
685 3777 858 3862 prophetas
873 3776 943 3840 illos
957 3776 1092 3860 benigne
1108 3778 1294 3842 tractandos
1308 3800 1387 3854 esse,
1402 3786 1436 3842 et
1456 3781 1498 3843 ad
1520 3802 1588 3864 poe-

484 3880 654 3944 nitentiam
668 3879 903 3963 provocandos:
927 3900 965 3942 ac
985 3878 1011 3941 si
1032 3878 1159 3961 quidem
1178 3879 1410 3963 resipiscerent,
1425 3882 1468 3944 ad
1490 3882 1587 3945 eccle-

485 3982 565 4046 siam
579 3981 796 4045 admittendos
810 4001 889 4053 esse,
901 3987 938 4043 ut
950 4001 1014 4063 pax
1029 3979 1113 4044 inter
1127 3981 1244 4044 fratres
1259 3980 1420 4044 solidetur.
1467 3982 1587 4046 sivero

484 4083 663 4167 pertinaces
678 4081 831 4144 inerrare
847 4102 904 4143 suo
920 4086 1153 4164 permanerent,
1169 4102 1226 4144 nec
1241 4088 1315 4165 post
1330 4082 1512 4166 frequentes
1531 4084 1587 4146 ad·

485 4184 675 4247 monitiones
689 4182 910 4265 obtemperare
925 4181 1144 4245 sacerdotibus
1159 4182 1284 4259 vellent,
1301 4184 1342 4247 ab
1363 4184 1502 4247 ecelesiae
1518 4206 1587 4247 cor-

484 4306 561 4369 pore
575 4282 815 4347 abscindendos.
861 4282 964 4344 Porro
983 4282 1026 4345 ab
1047 4282 1157 4345 iisdem
1174 4282 1437 4367 Lugdunensibus
1458 4285 1587 4369 presby·

485 4385 563 4448 teris
579 4384 719 4447 Irenaeus
730 4382 866 4445 Romam
881 4381 1021 4445 directus
1033 4389 1081 4445 est
1094 4383 1135 4445 ad
1148 4382 1356 4447 Eleutherum
1369 4385 1502 4468 Papam,
1514 4405 1587 4447 cum

485 4484 627 4569 epistolis
652 4491 719 4546 tam
746 4492 922 4567 martyrum
952 4504 1046 4565 quam
1080 4483 1301 4567 Lugdunensis
1333 4484 1426 4561 Cleri,
1450 4491 1487 4548 ut
1513 4507 1587 4549 cum

486 4584 661 4648 Eleuthero
676 4584 715 4647 de
730 4583 842 4647 iisdem
856 4584 951 4647 rebus
967 4586 1224 4650 courmunioaret.
1270 4585 1350 4649 Cum
1365 4586 1448 4648 enim
1471 4586 1502 4648 in
1519 4608 1586 4649 om-
