3809 5650
524 703 573 766 IN
598 705 861 770 FRAGMENT.
888 706 1072 769 INOERTI
1097 705 1370 769 SORIPTORIS.
1439 709 1501 768 sas

399 871 495 954 hujus
510 872 680 956 fragmenti
696 858 837 945 luston
861 874 917 958 qni
929 882 965 938 et
978 874 1056 938 alios
1072 883 1229 958 praeterea
1242 875 1323 937 duos
1337 895 1377 937 ex
1390 873 1502 937 iisdem

400 983 522 1055 septem
536 973 625 1036 libris
640 973 672 1036 S.
686 973 860 1058 Soripturae
870 974 1082 1037 oontroversis
1093 974 1242 1059 suffragio
1256 995 1325 1050 suo,
1337 981 1374 1038 ut
1384 973 1502 1051 vidisti,

399 1072 579 1150 oonfirmat‚
605 1074 825 1158 Apocalypsin,
852 1074 1079 1159 Epistobrmqoo
1103 1075 1233 1138 alaram
1261 1075 1403 1138 smmis.
1448 1074 1504 1137 Ad

400 1170 478 1247 hoeo,
501 1173 586 1256 quod
608 1173 712 1255 majus
737 1187 798 1248 est,
821 1172 950 1246 nullum,
979 1173 1027 1238 uti
1047 1173 1117 1258 jam
1142 1173 1259 1250 monui,
1285 1177 1505 1252 ὑποβολιμαῖον

400 1291 481 1355 opus
502 1272 615 1335 oanoni
639 1272 720 1334 Novi
744 1272 943 1336 Testamenti
963 1273 1048 1336 idem
1069 1273 1206 1357 soriptor
1226 1273 1365 1337 obtrusit
1386 1279 1504 1357 praeter

400 1371 493 1434 Petri
514 1373 744 1448 Revelatioaora
760 1373 853 1435 simul
874 1381 984 1436 tamen
1005 1381 1253 1438 nommemoruta
1275 1376 1395 1444 νοθείας
1415 1380 1504 1448 nota,

402 1493 473 1554 quae
487 1473 529 1535 ab
543 1473 614 1535 aliis
627 1473 709 1535 libro
725 1473 823 1536 infixa
837 1481 894 1536 est.
942 1474 1044 1535 Porro
1064 1495 1174 1537 omnes
1193 1477 1246 1553 τὰ)
1264 1473 1506 1555 ὁμολογουμένας

402 1572 584 1656 Scripturas
605 1573 689 1635 idem
711 1573 762 1636 hio
784 1581 894 1637 noster
914 1574 1120 1651 enumeravit,
1141 1596 1206 1645 una
1227 1582 1355 1638 tant·
1378 1574 1506 1650 omissa,

402 1694 474 1755 quae
489 1680 539 1736 est
553 1673 641 1756 prior
654 1673 708 1738 illa
723 1675 758 1737 S.
769 1675 859 1738 Petri
874 1673 1029 1758 Epistola.

446 1774 484 1836 P.
494 1776 569 1856 39⁶·
581 1774 601 1835 l.
616 1795 628 1836 ι
633 1793 664 1858 3.
675 1775 709 1837 in
720 1775 889 1859 eatholioa]
901 1776 1013 1840 Graeoe
1022 1778 1101 1861 ἐντῇ
1112 1779 1265 1860 καθολικῇ,
1279 1781 1313 1838 et
1324 1772 1508 1851 subaudita,

402 1880 440 1937 ut
454 1873 614 1936 interdum
628 1873 678 1949 fit,
693 1897 768 1938 voce
783 1876 944 1959 ἐκκλησίᾳ;
965 1876 1050 1958 quod
1065 1874 1182 1939 imitati
1197 1883 1271 1939 sunt
1283 1873 1395 1938 Latini
1410 1874 1505 1958 serip-

402 1979 500 2037 tores.
547 1973 705 2059 Exempla
726 1976 810 2038 enim
829 1983 899 2039 tum
921 1975 956 2038 in
978 1975 1166 2039 Tertulliani
1190 1977 1274 2039 libro
1291 1977 1342 2040 Do
1366 1977 1503 2041 Pmar.

403 2074 637 2151 Haeretiooram,
657 2098 726 2160 oap.
739 2097 793 2160 30.
816 2084 886 2140 tum
908 2098 993 2162 soepe
1014 2076 1090 2140 alibi
1110 2077 1196 2161 apud
1218 2076 1411 2140 reoeutiores
1432 2075 1508 2139 Ter-

402 2175 535 2237 tulliano
550 2176 720 2260 soriptores
734 2177 891 2261 Optatnm
906 2185 940 2241 et
961 2177 1188 2261 Augustinum,
1206 2184 1386 2242 ooourrunt.
1430 2174 1505 2244 vio.

402 2281 437 2338 et
455 2282 522 2339 not.
543 2277 584 2339 ad
605 2277 637 2339 S.
651 2278 799 2341 Coenam
823 2278 1019 2360 Fragmenta
1040 2297 1072 2361 p.
1084 2298 1137 2361 30.
1160 2278 1219 2341 vol.
1231 2278 1274 2341 iii.
1295 2278 1370 2342 edit.
1395 2276 1508 2362 prioris

402 2375 628 2460 Reliqaioram.
676 2378 714 2439 In
738 2379 836 2440 codice
856 2399 982 2462 quoque
1008 2377 1218 2455 Ttadaaaao,
1239 2378 1293 2442 lib.
1305 2379 1366 2442 xvi.
1389 2385 1466 2443 tom.
1480 2397 1510 2441 a.

404 2475 454 2538 De
483 2476 589 2558 Episo.
624 2477 700 2560 Leg.
721 2498 754 2553 4.
784 2477 1016 2540 Gonstantiuus
1045 2477 1129 2561 Imp.
1156 2479 1263 2554 habet,
1290 2480 1510 2543 mmmm
1577 2540 1581 2547 .

403 2576 560 2639 catholiea
573 2578 743 2641 waoibiam.
790 2578 907 2642 Itidem
926 2580 959 2641 in
980 2579 1090 2642 Codice
1107 2580 1262 2642 (latonam
1277 2582 1390 2644 Eoolae
1405 2580 1510 2662 Afis'e.

404 2698 490 2740 num.
506 2677 590 2740 oxix.
609 2677 678 2740 haeo
700 2685 826 2755 extant,
849 2679 982 2763 Imaque
1000 2680 1028 2741 si
1045 2680 1149 2761 faerit
1171 2679 1321 2763 opiam
1345 2680 1391 2742 ad
1414 2680 1511 2742 satta

405 2777 497 2842 ῑὶοαιιι
515 2798 550 2841 oo
564 2778 685 2842 Donati
699 2788 794 2863 parts
807 2799 971 2857 ooaoerna,
989 2781 1045 2842 tro.
1066 2778 1121 2843 ubi
1140 2779 1363 2864 interpretatio
1383 2780 1510 2856 Graeoa,

405 2876 536 2956 Ὁμοίως
551 2881 583 2941 δὲ
602 2880 649 2941 καὶ
664 2882 718 2942 ἐὰν
735 2880 896 2945 ἐπίσκοπος
911 2882 944 2942 ἐκ
958 2886 1018 2942 τῶν
1032 2884 1084 2941 τοῦ
1095 2879 1242 2943 ’Δονότου
1254 2887 1356 2960 prpte-
1371 2880 1445 2961 πρὸς
1458 2879 1512 2959 τὴν

409 2980 570 3056 καθολικὴν
584 2980 743 3065 ἑπιςρέψῃ,
761 2981 816 3042 lao.

451 3077 532 3141 Ibid.
556 3078 720 3161 Sapientia
734 3080 775 3142 ab
789 3078 900 3142 amiois
915 3078 1274 3162 Salomonis—scripta]
1291 3081 1373 3142 Cum
1384 3079 1417 3142 in
1440 3078 1512 3142 Ver—

405 3179 486 3241 sioae
509 3186 568 3242 τῶν
592 3177 628 3241 o‘.
652 3187 780 3243 extaret
801 3180 861 3242 hoo
883 3200 972 3263 opus,
989 3180 1072 3261 quod
1094 3200 1157 3242 uon
1179 3180 1281 3242 solum
1302 3201 1323 3242 a
1345 3179 1511 3242 Methodio

406 3278 439 3340 in
470 3278 564 3342 Notis
592 3280 635 3341 ad
665 3279 841 3342 Maurours
868 3281 1065 3363 Fragmenta
1093 3301 1123 3363 p.
1151 3300 1224 3364 135.
1251 3279 1359 3353 allato,
1385 3278 1512 3342 nomine

407 3380 581 3463 Sapientia
597 3379 782 3463 insignitum
796 3389 855 3456 est,
871 3380 927 3443 sed
945 3380 1043 3443 etiam
1061 3402 1082 3443 a
1095 3379 1258 3445 Clemente
1274 3379 1367 3443 Alex.
1381 3380 1513 3463 aliisque

408 3478 579 3543 Methodio
600 3479 838 3557 vetustioribus,
859 3480 904 3543 sio
926 3480 1122 3565 appellatum
1140 3481 1211 3553 luit,
1235 3480 1319 3543 huno
1340 3480 1455 3543 librum
1478 3490 1515 3545 ut

408 3580 655 3643 aeclesiasticum
679 3588 777 3663 atque
800 3580 921 3655 utilem,
948 3580 1046 3643 immo
1071 3588 1109 3645 ut
1131 3589 1256 3665 partem
1278 3582 1311 3645 S.
1331 3581 1514 3665 Scriptura,

408 3681 551 3764 quamvis
573 3681 704 3744 ineertae
727 3681 857 3766 originis
882 3703 921 3744 ao
941 3680 1084 3746 Judaioo
1105 3682 1218 3745 canoni
1239 3682 1394 3765 ignotum,
1412 3688 1515 3743 vetus-

408 3779 508 3844 tiores
533 3780 718 3857 Christiani,
743 3781 874 3865 perinde
900 3790 999 3864 atque
1022 3789 1136 3845 auotor
1158 3789 1276 3855 noster,
1301 3781 1515 3843 adduxerunt.

410 3882 530 3945 Parnm
552 3894 660 3945 autem
683 3882 850 3945 verisimile
869 3888 931 3956 est,
957 3888 1044 3945 oerte
1067 3903 1182 3945 novum
1205 3888 1302 3963 atque
1325 3879 1514 3948 inauditum,

407 3984 493 4066 quod
509 3982 555 4046 ait
571 3982 757 4067 Fragmenti
772 3989 897 4057 auctor,
912 3981 1126 4065 oonseriptnm
1140 4002 1209 4043 esse
1220 3979 1336 4042 librum
1350 3980 1391 4041 ab
1406 3978 1515 4041 aminis

409 4082 595 4158 Salomonis,
621 4082 822 4165 quiquidem
846 4081 926 4143 liber
944 4087 1088 4145 testante
1112 4080 1311 4163 Hieronymo
1329 4079 1361 4141 in
1383 4079 1515 4159 Prasot.

408 4183 445 4244 iss
468 4182 648 4257 proverbia
669 4182 756 4266 apud
775 4180 920 4244 aaran
940 4202 1088 4265 omnam
1107 4190 1156 4244 ost.
1177 4202 1208 4264 p.
1221 4182 1271 4245 26.
1308 4180 1382 4242 Non
1403 4176 1515 4254 debeat,

408 4282 454 4346 sio
469 4282 516 4346 ait
531 4282 731 4366 Augustinus
744 4303 765 4344 a
779 4281 908 4344 Simone
926 4281 966 4344 de
988 4280 1154 4365 Magistris
1168 4280 1335 4353 adductus,
1351 4277 1514 4361 repudiari

406 4384 553 4446 mesaia
567 4381 640 4445 libri
654 4384 828 4466 Sapientia,
844 4383 898 4467 qao'
911 4382 1021 4445 mouit
1038 4382 1073 4444 ia
1093 4380 1215 4444 eeclesia
1230 4379 1348 4442 caasa·
1368 4379 1405 4441 de
1415 4378 1517 4462 prada

410 4485 568 4548 amma
593 4483 722 4547 mahtim
749 4483 867 4546 Chatti
895 4492 959 4545 tam
986 4481 1074 4566 hapa
1098 4481 1267 4545 amusitute
1292 4480 1427 4543 roos‘tan'.
1468 4480 1517 4543 De

412 4583 562 4646 Prodest.
580 4584 646 4646 88.
661 4583 682 4646 l.
698 4603 746 4665 14
786 4585 860 4646 Hoo
882 4583 1005 4646 interea
1025 4582 1148 4645 monuit
1167 4580 1372 4646 Freindallor.
1412 4589 1431 4616 “
1446 4580 1517 4658 Qua

412 4694 431 4715 ¹·
448 4683 576 4746 ratione
586 4679 667 4750 tna
680 4683 862 4767 Sapinia,
873 4683 932 4746 nisi
948 4683 1031 4747 forte
1047 4684 1086 4747 de
1099 4684 1223 4747 diverso
1234 4703 1338 4747 sermo
1349 4682 1401 4756 sit,
1414 4681 1517 4743 looum

456 4803 526 4845 von.
543 4806 563 4847 1.
927 4802 947 4866 3
969 4806 980 4844 ι
