3809 5650
592 1462 1174 1569 ANNOTATIONES

860 1741 893 1780 IN

336 1915 762 1997 FRAGMENTUM
802 1916 1053 1999 INCERTI
1088 1920 1432 2003 SCRIPTORIS

472 2142 541 2213 DE
568 2142 786 2215 CANONE
813 2143 849 2215 S.
877 2144 1295 2217 SCRIPTURARUM.

704 2365 1070 2414 ..φ-..-

337 2516 535 2610 PRIMUS
556 2546 756 2610 Muratorius
771 2549 974 2612 veterrimum
995 2549 1056 2613 hoc
1076 2551 1177 2614 edidit
1193 2551 1434 2636 Fragmentum,

336 2646 369 2709 in
384 2668 446 2730 quo
462 2647 502 2710 do
517 2647 645 2711 canone
661 2648 744 2711 Novi
766 2648 963 2713 Testamenti
982 2650 1099 2734 agitur.
1147 2653 1182 2715 Ia
1201 2653 1328 2716 veroin
1341 2653 1435 2716 Areti-

334 2749 484 2834 quitatum
506 2749 689 2813 Italicarum
713 2749 818 2812 Medii
838 2750 922 2813 AEoi
942 2756 1032 2814 tomo
1053 2750 1095 2814 iii.
1121 2751 1254 2817 Mediol.
1278 2771 1372 2835 1740.
1394 2753 1436 2817 de

287 2936 289 2939 .
335 2851 442 2915 codice
469 2852 578 2930 MSto,
600 2874 640 2916 ex
666 2874 729 2937 quo
752 2852 836 2915 idem
859 2853 1062 2936 desumptum
1086 2859 1144 2930 est,
1170 2854 1238 2918 haeo
1261 2854 1437 2939 praemisit:

336 2952 435 3016 “Sed
461 2953 588 3036 quando
614 2954 766 3038 eoepimua
787 2953 917 3017 vulnera
939 2954 1049 3017 rimari
1074 2954 1174 3018 literis
1200 2955 1331 3034 inflicta,
1358 2957 1435 3020 dum

336 3061 355 3090 “
370 3054 463 3118 rudia
478 3056 592 3120 saeena
607 3056 821 3133 decurrerent,
834 3077 874 3118 ne
885 3054 945 3119 hoc
958 3055 1084 3139 quidem
1099 3056 1360 3121 dissimulandum
1374 3065 1434 3136 eat,

336 3164 355 3192 “
371 3158 622 3242 imperitissimos
637 3164 670 3222 et
681 3158 913 3221 indoctissimos
924 3157 1067 3221 homines
1078 3158 1219 3221 erebrius
1230 3180 1326 3243 quarn
1338 3165 1436 3225 antea

335 3266 357 3297 “
373 3259 468 3323 luisse
496 3260 658 3325 adhibitos
687 3260 729 3324 ad
754 3258 979 3323 exscribendos
1004 3259 1138 3336 codices,
1160 3281 1239 3342 quoa
1264 3267 1436 3346 propterea

334 3367 356 3395 “
371 3360 531 3424 erroribus
545 3382 583 3424 ac
598 3361 745 3425 sordibus
766 3362 809 3425 ad
827 3381 978 3425 nauseam
998 3382 1098 3444 usque
1119 3361 1258 3444 repletos
1279 3362 1433 3428 intueare.

336 3468 356 3498 “
372 3460 424 3524 Ex
439 3462 488 3526 his
502 3484 567 3526 non
581 3484 699 3547 paucos
714 3484 780 3547 prae
796 3462 941 3527 manibus
952 3462 1061 3540 habui,
1071 3470 1105 3528 et
1120 3463 1298 3548 exemplum
1309 3466 1436 3530 adferre

336 3569 355 3598 “
366 3564 469 3647 juvat,
486 3564 571 3648 quod
585 3586 649 3628 non
663 3587 727 3628 uno
742 3565 878 3642 nomine,
888 3564 948 3628 nisi
964 3563 1040 3628 mihi
1055 3564 1146 3630 facile
1161 3566 1316 3644 blandior,
1332 3568 1434 3632 lucem

334 3672 356 3700 “
372 3687 542 3749 exposcere
571 3666 706 3729 videtur.
751 3667 912 3730 Adservat
941 3665 1158 3730 Ambrosiana
1187 3665 1436 3732 Mediolanensia

334 3776 356 3805 “
373 3767 571 3832 Bibliotheca
585 3770 859 3834 membranaceum
874 3768 1034 3844 (iadicem,
1051 3789 1069 3831 e
1084 3767 1233 3831 Bobiensi
1253 3774 1432 3852 acceptum,

334 3878 355 3906 ‘⁴
372 3870 461 3954 eujus
475 3870 648 3954 antiquitas
663 3893 753 3956 paenc
767 3871 810 3936 ad
824 3893 925 3935 annos
939 3870 1024 3933 mille
1038 3870 1188 3934 accedere
1203 3870 1280 3933 mihi
1291 3870 1358 3934 visa
1372 3877 1433 3934 est.

336 3978 356 4009 “
374 3971 518 4055 Scriptus
532 3972 615 4035 enim
630 3973 691 4037 suit
711 3973 811 4037 litorio
831 3971 1011 4055 majusculis
1031 3977 1064 4034 et
1087 3971 1262 4054 quadratis.
1307 3970 1434 4036 Titulus

335 4080 355 4111 “
372 4072 520 4156 praefixus
535 4072 641 4137 omnia
651 4073 765 4138 tribuit
776 4071 800 4135 J
801 4072 919 4136 ohanni
930 4072 1167 4156 Chrysoatomo,
1177 4073 1232 4136 sed
1243 4072 1434 4137 immerito.''

334 4198 364 4259 p.
382 4177 400 4238 8
402 4190 454 4259 51.
500 4175 582 4238 Tum
604 4197 677 4238 vero
697 4176 810 4240 ceteris
831 4174 1035 4250 tractatibus,
1052 4174 1105 4258 qui
1124 4173 1157 4237 in
1179 4173 1287 4238 codice
1307 4196 1433 4240 servan·

334 4285 398 4354 tur,
413 4277 609 4353 memoratis,
625 4277 729 4362 pergit
753 4276 800 4338 vir
819 4276 855 4339 cl.
875 4275 922 4339 ita
941 4275 1095 4339 scribere:
1120 4273 1206 4337 “Ex
1225 4276 1336 4338 eodem
1356 4297 1433 4362 ergo

335 4386 354 4416 “
371 4379 478 4443 codiee
493 4401 552 4464 ego
568 4379 709 4465 decerpsi
720 4380 933 4463 fragmentum
945 4376 1210 4460 antiquissimum,
1219 4378 1261 4441 ad
1270 4377 1432 4442 (lunonem

335 4488 356 4518 ‘⁶
373 4481 549 4546 divinarum
566 4482 802 4566 scripturarum
817 4487 974 4565 spectans.
1007 4479 1094 4544 Nulli
1107 4479 1279 4565 diligentia
1294 4482 1432 4565 peperci,

336 4592 354 4616 “
370 4592 408 4647 ut
427 4586 495 4669 ejus
511 4585 684 4649 Auctorem
706 4586 898 4668 detegerem,
915 4582 1068 4666 simulque
1086 4582 1246 4659 rescirem,
1261 4605 1338 4646 num
1358 4584 1431 4649 hae*

337 4693 355 4720 “
373 4691 466 4749 tenus
493 4685 612 4749 odit-uin
638 4686 744 4750 suerit.
791 4684 858 4748 Nisi
886 4706 935 4747 ine
959 4685 1134 4750 fefellerunt
1157 4683 1250 4761 oculi,
1266 4692 1322 4748 aut
1346 4706 1429 4750 ccm-
