3809 5650
632 663 826 728 ΑΝΝΟΤΤ.
850 662 900 729 IN
923 665 958 730 S.
981 663 1271 730 PANTAENUM.
1436 664 1497 729 381

442 834 604 898 Caeterum
633 833 827 898 Anastasius
856 832 982 898 Sinaita
1010 834 1043 897 in
1072 835 1196 898 duobus
1224 833 1301 898 loeis
1329 855 1426 919 supra
1458 835 1501 899 ad

403 932 513 996 Parin
528 932 726 1019 Fragmenta
749 935 908 1011 adduotis,
924 934 994 998 vide
1016 945 1225 1021 pagg.15,et
1243 938 1293 1011 16,
1311 935 1502 1001 Pantaenum

399 1056 471 1098 oum
485 1034 557 1099 aliis
572 1034 780 1119 scriptoribus
795 1037 944 1121 junctum
959 1036 1228 1112 commemoravit,
1241 1036 1294 1121 qui
1305 1042 1411 1100 totum
1422 1059 1502 1121 opus

399 1156 455 1199 sex
478 1135 610 1213 dierum,
637 1156 692 1200 seu
720 1138 955 1214 Hexaemeron,
979 1137 1224 1221 paradisumque
1249 1137 1290 1200 ds
1315 1136 1447 1201 Christo
1468 1143 1502 1201 et

399 1235 532 1300 eoolesia
545 1234 759 1301 intellexerint
771 1262 780 1310 ;
805 1236 939 1321 indeque
954 1236 1069 1300 librum
1083 1235 1245 1320 scripsisse
1260 1235 1452 1301 Pantaenum
1469 1236 1503 1300 in

399 1333 504 1420 ipsum
523 1335 750 1401 Hexaemeron
772 1336 833 1400 sibi
854 1336 982 1421 collegit
997 1335 1187 1412 Helloixius,
1202 1336 1258 1399 sod
1278 1336 1382 1399 minus
1401 1335 1503 1412 firme,

400 1436 523 1521 opinor.
573 1437 721 1521 Denique
749 1436 923 1512 Maximus,
954 1443 991 1500 ut
1021 1435 1097 1512 dixi,
1120 1436 1312 1518 Pressatiene
1340 1437 1375 1500 in
1402 1437 1503 1521 Opera

401 1540 435 1602 S.
449 1538 597 1622 Dionysi)
610 1542 724 1622 Areop.
739 1539 898 1623 adempte
911 1538 1105 1602 mentionem
1119 1536 1195 1600 feeit
1214 1536 1403 1621 scriptorum
1419 1537 1503 1600 Pan·

401 1637 488 1703 taeni.
504 1660 536 1722 p.
547 1641 599 1722 3⁶·
646 1640 734 1701 Tum
753 1660 827 1702 vero
849 1638 963 1723 ipsein
983 1638 1111 1703 Sedoiiie
1132 1641 1166 1702 ιἰι
1188 1639 1221 1702 S.
1235 1639 1417 1722 Greporium
1434 1640 1503 1702 Ne·

404 1739 487 1802 νίσο.
503 1738 652 1804 Pantaeni
667 1738 813 1824 quadam
826 1739 972 1803 adduxit.

444 1838 483 1902 Ρ.
494 1838 568 1922 378.
584 1840 605 1902 l.
619 1840 647 1903 8.
671 1841 814 1920 ἀορίστως
828 1839 881 1917 τὴν
895 1840 1080 1920 προφητείαν
1096 1838 1248 1923 ἐκφέρειν]
1266 1837 1318 1902 Ex
1332 1839 1382 1902 his
1395 1839 1504 1924 itaquo

401 1945 493 2022 patet
505 1940 696 2004 Pantaenum
711 1939 852 2024 posuisse
866 1940 950 2003 huno
964 1940 1006 2003 ad
1021 1939 1240 2025 intelligendas
1251 1939 1434 2024 prophetias
1448 1962 1504 2004 oa·

402 2060 517 2102 nonem
530 2039 733 2105 utilissimum
747 2047 781 2104 et
792 2041 886 2124 plane
905 2039 1127 2119 neeessariam,
1143 2062 1237 2125 quem
1248 2047 1282 2104 et
1293 2040 1505 2105 omneshodie

402 2148 558 2226 usurpant
581 2163 680 2206 saorae
702 2142 869 2226 seripturae
892 2143 1101 2228 interpretes:
1124 2164 1236 2227 nempe
1256 2143 1353 2206 verba
1372 2141 1404 2204 in
1427 2141 1505 2205 Pro·

403 2242 519 2326 phetis‚
534 2248 573 2306 ut
591 2242 770 2327 plurimum,
791 2243 954 2308 indefinite
970 2264 1038 2307 esse
1060 2243 1174 2328 posita,
1193 2243 1254 2308 hoo
1276 2251 1336 2320 est,
1355 2241 1505 2328 praesenti

402 2341 563 2407 interdum
583 2365 641 2427 pro
661 2342 781 2422 futuro,
795 2344 938 2409 futurum
953 2367 1012 2431 pro
1032 2344 1208 2429 praeterito,
1229 2345 1425 2429 praeteritum
1447 2365 1506 2431 pro

403 2442 521 2520 futuro,
537 2443 644 2527 sieque
658 2444 698 2507 de
717 2445 798 2508 aliis.
843 2447 929 2509 Nam
944 2445 1109 2530 prophetae
1129 2445 1161 2508 in
1176 2445 1230 2508 ilio
1249 2444 1342 2531 pleno
1356 2446 1507 2511 revelatoe

403 2543 549 2608 veritatis
571 2544 688 2608 lumine
708 2566 760 2608 res
783 2567 893 2608 omnes
911 2545 1054 2629 quamvis
1074 2546 1176 2609 multo
1197 2546 1415 2629 postfuturos
1439 2554 1508 2610 tam

404 2645 548 2713 clareao
562 2645 697 2710 diluoide
717 2645 933 2722 intuebantur,
950 2667 1046 2729 quam
1061 2646 1087 2708 si
1105 2667 1213 2709 eoram
1227 2646 1324 2709 oeulis
1339 2668 1393 2711 eas
1410 2647 1508 2711 habe·

404 2754 487 2820 rent,
503 2747 616 2834 etjam
630 2746 752 2826 fierent,
768 2755 826 2812 aut
840 2747 934 2812 saotae
948 2747 1018 2833 jam
1032 2753 1146 2810 essent.
1172 2745 1377 2811 Hsnnorxius.

450 2849 533 2913 Ibid.
563 2848 583 2913 l.
606 2870 655 2915 10.
687 2851 735 2913 καὶ
761 2851 854 2914 πόλιν
879 2851 919 2935 τῷ
947 2852 1087 2913 ἐνεστῶτι
1109 2849 1176 2911 ἀντὶ
1197 2854 1249 2912 τοῦ
1277 2848 1508 2933 παριρχηκότος]

407 2952 561 3015 Potterus
575 2950 631 3028 ait,
649 2957 668 2987 “
680 2950 848 3035 Sylburgio
863 2950 964 3015 visum
979 2956 1029 3015 est
1042 2949 1104 3035 legi
1119 2950 1235 3014 debere
1249 2950 1359 3014 ordine
1374 2950 1507 3027 inverso,

408 3059 428 3088 ‘⁶
443 3056 484 3137 τῷ
497 3054 685 3135 παρωχηκότι
697 3053 763 3115 ἀντὶ
777 3056 829 3115 τοῦ
840 3054 1013 3129 ἐνεστῶτος,
1026 3051 1059 3114 id
1069 3057 1156 3115 oerbe
1167 3051 1303 3116 innuunt
1314 3050 1510 3135 sequentia?

407 3153 491 3217 illud
505 3176 591 3233 vero,
607 3175 678 3218 mea
692 3154 819 3239 quidem
835 3153 1003 3231 sententia,
1019 3153 1072 3218 vix
1087 3153 1216 3237 colligas
1237 3175 1277 3217 ex
1294 3152 1509 3237 sequentibus,

409 3275 480 3338 quae
495 3253 579 3318 inira
593 3254 724 3331 adduxi,
736 3254 895 3340 eologistae
910 3254 1023 3331 verbis,
1035 3253 1089 3318 ubi
1105 3261 1232 3318 tantum
1243 3254 1350 3338 priora
1360 3253 1414 3318 illa
1425 3253 1511 3318 Pan·

408 3353 494 3429 tani,
510 3355 656 3434 ἀορίστως
678 3356 733 3434 τὴν
755 3357 940 3438 προφητείαν
965 3354 1103 3437 ἐκφέρειν
1120 3354 1228 3434 λέξεις,
1251 3356 1284 3419 ni
1307 3356 1407 3434 fallor,
1428 3354 1511 3441 eogi-

408 3461 529 3518 tantur.
574 3455 677 3519 Porro
696 3478 832 3540 proeaees
847 3478 909 3542 pro
927 3457 1087 3542 preterito
1115 3456 1190 3541 poni
1216 3456 1344 3522 solitum
1367 3479 1436 3521 esse
1464 3456 1512 3521 ait

408 3554 576 3639 Didymus,
592 3554 625 3618 in
645 3557 750 3641 Opere
770 3557 921 3621 Bononiae
943 3558 1029 3621 haud
1047 3557 1094 3621 ita
1114 3558 1237 3642 pridem
1257 3559 1393 3644 primum
1413 3558 1513 3635 edito,

408 3656 458 3717 De
475 3655 637 3731 Τνίιιίίαίο,
652 3656 759 3721 lib.iii.
775 3680 845 3742 cap.
857 3678 888 3742 3.
908 3681 940 3743 p.
950 3679 1035 3744 342;
1057 3663 1160 3723 πολλὰ
1182 3664 1240 3741 γὰρ
1259 3666 1345 3724 τοῦτο
1367 3662 1424 3740 μὲν
1440 3657 1513 3739 μέλ-

408 3768 504 3819 λοντα
517 3757 656 3837 γίνεσθαι
677 3758 716 3823 ὡς
737 3759 792 3837 ἤδη
811 3761 971 3839 γενόμενα,
987 3764 1073 3822 τοῦτο
1089 3760 1121 3821 δὲ
1136 3760 1184 3821 καὶ
1197 3762 1347 3839 γενόμενα
1362 3757 1428 3820 ὩΣ
1445 3762 1512 3820 ΕΤΙ

410 3860 640 3933 ΓΙΝΟΜΕΝΑ,
664 3854 683 3935 ἣ
710 3859 851 3938 ἐσόμενα,
873 3858 1035 3938 προλέγειν
1058 3860 1162 3921 εἴωθεν
1183 3857 1217 3919 τὸ
1245 3856 1342 3921 πάντα
1365 3858 1443 3922 ridde
1466 3857 1514 3919 καὶ

410 3954 576 4034 δυνάμενον
591 3961 715 4034 Πνεῦμα
730 3956 828 4039 ι’ίγιον.
871 3957 936 4019 Hic
950 3978 1026 4021 vero
1040 3956 1191 4020 omissum
1205 3963 1255 4020 est
1267 3956 1414 4020 Psntaeni
1426 3955 1512 4033 iilud,

410 4060 451 4140 τῷ
467 4058 606 4118 ἐνεστῶτι
620 4056 687 4118 ἀντὶ
701 4061 753 4118 τοῦ
767 4057 935 4135 μέλλοντος
949 4060 1078 4138 χρῆσθαι
1092 4055 1204 4140 χρόνῳ,
1219 4064 1331 4121 eontra
1342 4079 1363 4121 a
1373 4057 1514 4141 Didymo

410 4156 556 4220 additum
571 4163 621 4219 est
635 4154 784 4239 loquendi
803 4178 903 4241 genus
921 4157 1095 4220 seeundum
1111 4157 1282 4222 Hebraioee
1301 4158 1416 4242 lingua
1434 4157 1514 4221 idio-

411 4257 540 4319 tismum
554 4257 639 4342 apud
655 4256 827 4340 prophetas
837 4257 917 4321 satis
928 4257 1063 4333 obvium,
1077 4281 1139 4343 quo
1153 4259 1317 4342 praeterita
1331 4280 1390 4343 pro
1401 4257 1516 4322 futuris

412 4364 582 4441 ponuntur.
628 4356 721 4437 Quod
742 4357 864 4421 interea
883 4358 933 4421 his
953 4358 1058 4422 verbis
1078 4360 1264 4423 memoravit
1282 4358 1414 4444 aequalis
1429 4359 1515 4423 Pan-

412 4460 490 4522 taeni
505 4458 719 4523 Tertullianus
740 4458 793 4524 lib.
809 4458 852 4522 iii.
868 4460 938 4523 ade.
955 4460 1112 4524 Μανσίοιι.
1135 4482 1204 4544 oap.
1215 4481 1248 4543 5.
1275 4461 1402 4525 Futura
1425 4461 1517 4525 iater-

412 4559 486 4621 dum
507 4560 646 4643 projam
660 4561 824 4624 tremotis
837 4562 1049 4637 mentientur,
1064 4582 1137 4625 nem
1151 4570 1179 4624 et
1190 4561 1362 4625 mantua
1370 4562 1516 4645 σονιροτίι,

413 4679 596 4744 quaectmque
616 4660 788 4739 maest,
812 4671 845 4725 ut
861 4663 1001 4746 perfecta
1024 4670 1173 4747 reputare,
1197 4662 1270 4746 quie
1293 4681 1352 4726 αοιι
1372 4661 1413 4726 sit
1432 4662 1520 4745 opud
