3809 5650
485 678 550 739 tot
857 671 1210 739 ANNO'I'ATIONES

485 851 535 908 est
549 843 589 906 de
605 842 719 907 Murco
733 842 894 907 contraris
913 842 968 908 illu
986 843 1130 921 traditio,
1146 865 1189 908 cn
1208 850 1242 908 et
1262 841 1438 908 certissima
1459 843 1505 907 sit
1528 845 1596 908 du·

486 946 566 1024 bito,
580 945 622 1008 cb
645 943 826 1031 Epiphanio
848 944 881 1008 in
898 945 1022 1010 Haercsi
1043 945 1076 1010 li.
1097 951 1121 1027 ς.
1142 949 1173 1010 ό.
1195 953 1454 1020 commemorata,
1474 967 1542 1030 que
1566 948 1598 1011 is

487 1046 641 1111 statuitur
655 1044 751 1109 fuisse
765 1066 805 1109 ex
824 1045 986 1129 discipulis
1005 1068 1114 1121 sxx113
1138 1048 1223 1131 quod
1244 1046 1327 1111 idem
1346 1048 1387 1111 de
1407 1046 1441 1111 S.
1459 1068 1595 1131 quoque

489 1147 577 1212 Luos
597 1147 639 1211 ab
661 1147 771 1211 eodem
790 1146 972 1232 Epiphanio
993 1155 1145 1212 ncnutur
1167 1151 1196 1231 ξ.
1213 1148 1254 1211 xi.
1270 1154 1366 1233 prout
1388 1149 1428 1212 de
1449 1155 1596 1232 utroque

487 1246 681 1331 evangelista
695 1247 782 1333 prius
796 1247 935 1332 positum
949 1254 1021 1311 erat
1035 1248 1077 1312 ab
1092 1270 1130 1312 eo
1149 1248 1182 1313 in
1197 1250 1320 1314 Hercei
1341 1272 1395 1314 xx.
1412 1250 1441 1330 t.
1455 1269 1488 1329 4
1505 1248 1592 1332 Hip

487 1348 631 1433 polytum
652 1370 765 1433 nempe
787 1361 907 1426 secuto,
932 1348 959 1413 si
981 1349 1181 1428 testimoniis,
1200 1372 1272 1435 quae
1294 1350 1449 1415 collocuta
1469 1358 1548 1413 sunt
1571 1372 1594 1412 a

489 1449 592 1513 Millio
616 1456 693 1514 ante
715 1450 897 1534 Evangelio,
920 1450 1124 1514 credendum.
1170 1452 1244 1516 Hoc
1270 1458 1380 1517 sutem
1401 1472 1473 1515 cum
1495 1449 1592 1514 initio

488 1551 639 1636 evangelii
662 1552 695 1617 S.
718 1554 815 1616 Lucre
837 1551 890 1615 vix
910 1551 1070 1616 conciliari
1093 1574 1197 1636 posse,
1218 1553 1310 1618 multi
1333 1551 1391 1617 viri
1412 1551 1590 1616 doctissimi

488 1653 726 1731 existimarunt,
736 1675 838 1739 neque
852 1653 886 1717 id
899 1653 1020 1728 miror;
1043 1653 1091 1718 vel
1106 1653 1133 1718 si
1148 1676 1287 1739 unquam
1300 1653 1447 1719 extiterit
1457 1652 1591 1718 Domini

488 1757 660 1842 discipulus
682 1757 797 1833 Lucas,
811 1765 898 1821 certe
920 1759 954 1820 ἐκ
976 1762 1034 1822 τῶν
1056 1758 1105 1821 ἀπ’
1121 1758 1214 1841 ἀρχῆς
1235 1757 1388 1821 αὗταπτῦν
1408 1756 1436 1821 is
1454 1777 1520 1820 non
1543 1755 1589 1820 vi·

488 1860 583 1924 detur
605 1859 712 1934 fuisse,
735 1858 790 1944 qui
814 1858 861 1924 its
886 1857 1052 1935 scriberet,
1075 1861 1171 1925 καθὸς
1195 1858 1367 1939 παρέδοσαν
1389 1859 1459 1938 ἥμιν
1484 1860 1514 1923 ol
1534 1858 1588 1923 ὄπ’

488 1961 581 2043 ἆρχῆς
610 1961 752 2024 αὖτοπταὶ
774 1960 822 2024 καὶ
843 1960 984 2039 strepitat
1006 1960 1163 2040 γενόμενοι
1183 1963 1236 2023 τοῦ
1257 1960 1368 2040 Λόγου.
1421 1958 1589 2024 Consentlt

488 2063 528 2126 de
543 2062 603 2125 hcc
619 2061 748 2145 quidem
760 2082 795 2124 re
810 2081 882 2124 cum
896 2060 972 2124 viris
985 2059 1036 2124 his
1056 2059 1190 2124 eruditis
1211 2060 1382 2146 fragmenti
1398 2064 1534 2138 Auctor,
1549 2067 1588 2125 ut

487 2185 563 2225 mox
591 2161 722 2238 videbis,
748 2162 951 2226 consentiunt
977 2170 1010 2226 et
1036 2162 1186 2240 lrenaeus,
1212 2171 1246 2228 et
1272 2163 1448 2236 Eusebium
1479 2162 1531 2227 ille
1554 2162 1587 2226 in

491 2265 527 2328 L.
558 2285 584 2329 1.
608 2264 679 2327 cdo.
703 2264 819 2326 Hoercs.
846 2284 873 2325 o.
898 2284 929 2345 9.
955 2284 1011 2325 seu
1036 2283 1085 2326 10.
1113 2264 1165 2328 hio
1196 2264 1228 2327 in
1253 2264 1308 2329 lib.
1328 2263 1372 2328 iii
1394 2265 1477 2329 Hic.
1498 2263 1585 2328 Eccl.

489 2387 580 2449 capp.
596 2385 626 2443 4.
642 2373 675 2429 et
692 2384 742 2441 24.
758 2363 813 2447 qui
828 2372 862 2427 et
876 2362 909 2426 in
922 2363 978 2427 lib.
993 2363 1016 2426 i.
1032 2385 1059 2427 c.
1078 2385 1127 2431 12.
1142 2366 1241 2450 ejusd.
1259 2366 1315 2450 ΟΡ.
1330 2366 1449 2429 nullum
1465 2365 1513 2430 eit
1532 2387 1588 2428 ex-

488 2474 558 2528 tare
581 2471 640 2528 τῶν
659 2463 697 2527 o'.
713 2463 936 2548 discipulorum
959 2465 1151 2550 catalogum,
1167 2466 1229 2531 etsi
1250 2487 1348 2530 unum
1369 2467 1409 2530 de
1430 2465 1491 2530 illis
1506 2465 1587 2531 Ber·

489 2567 605 2630 naham
619 2565 715 2629 fuisse
729 2566 886 2630 traditum
900 2565 952 2630 sit.

531 2667 708 2751 Postquam
723 2668 790 2732 lraec
804 2677 1042 2745 annotovemm,
1058 2669 1122 2733 vidi
1139 2669 1179 2733 cl.
1197 2668 1402 2734 Freindsller.
1417 2669 1451 2733 in
1465 2691 1586 2754 nupera

488 2791 546 2834 sua
560 2769 654 2856 hujus
670 2768 856 2856 Fragmenti
875 2769 1013 2834 editione
1032 2770 1136 2835 locum
1155 2770 1203 2835 its
1222 2769 1497 2857 interpretandum
1516 2793 1586 2836 esse

488 2893 624 2949 censere,
641 2872 732 2956 quasi
747 2871 942 2936 interfuisset
959 2873 1089 2936 Marcus
1100 2873 1193 2936 Petri
1205 2872 1411 2947 cocoionibus;
1435 2873 1497 2938 etsi
1511 2874 1587 2937 scri-

488 2971 545 3036 bat
574 2979 696 3056 postes,
728 2973 900 3037 “fortusse
928 2973 1064 3057 cuipiam
1093 2974 1246 3057 obrepere
1274 2995 1366 3058 posse
1395 2973 1585 3058 opinionem,

489 3081 509 3108 ‘⁶
526 3074 672 3138 Marcum
686 3095 758 3138 oum
773 3075 903 3139 Christo
918 3083 1151 3151 conversatum,
1167 3097 1216 3148 ee,
1236 3074 1343 3160 quidm
1357 3075 1419 3160 ιῬκ
1432 3076 1587 3159 interfiat,

489 3182 508 3209 “
523 3182 636 3257 postes
649 3176 777 3259 scriptis
791 3175 980 3248 mendaeem
997 3174 1093 3259 idque
1103 3197 1184 3252 esse,
1193 3176 1278 3259 quod
1288 3175 1458 3261 fragmenti
1472 3184 1586 3240 auctor

488 3275 563 3339 “iis
585 3277 689 3341 verbis
710 3277 858 3343 innuerit.
903 3277 1026 3341 Verum
1050 3276 1082 3340 id
1106 3277 1209 3361 ipsum
1234 3278 1320 3361 apud
1343 3277 1478 3361 Papiam
1501 3276 1585 3341 anti-

489 3386 511 3414 “
526 3377 694 3461 quissimus
708 3380 884 3464 presbyter,
900 3378 1034 3456 Aristio,
1049 3387 1222 3464 pernegut3
1238 3401 1338 3463 neque
1353 3380 1402 3444 sas
1416 3386 1478 3454 est,
1492 3400 1585 3444 cvan-

487 3485 509 3513 “
523 3477 645 3561 gelistae
662 3478 766 3543 Marci
781 3502 947 3563 pomonam
967 3502 1039 3544 oum
1060 3480 1164 3546 altere
1182 3480 1206 3544 J
1207 3481 1318 3545 oannis
1332 3480 1437 3545 Marci
1457 3480 1587 3546 coniun-

486 3587 509 3616 “
525 3578 612 3655 dere,
628 3580 717 3663 cujus
739 3580 771 3642 in
787 3581 927 3645 Actibus
942 3582 1171 3667 Apostolorum
1188 3604 1256 3667 cap.
1273 3582 1326 3646 xii.
1341 3582 1461 3647 mentio
1482 3582 1529 3658 fit,
1546 3582 1587 3646 de

489 3689 509 3715 ‘⁴
524 3701 587 3763 quo
611 3680 738 3764 quidem
759 3683 934 3766 posteriore
957 3684 1057 3748 simile
1079 3684 1154 3769 quid
1176 3685 1327 3770 opinandi
1348 3685 1436 3750 locus
1457 3706 1525 3750 esse
1541 3684 1587 3748 vi-

489 3792 508 3817 “
523 3783 683 3846 ‹leretur.”
727 3783 808 3847 Haec
823 3783 893 3856 ille;
919 3792 1143 3873 verumtamen,
1160 3786 1311 3871 quidquid
1326 3787 1366 3850 de
1382 3784 1486 3850 Marci
1501 3786 1589 3870 apud

489 3885 653 3948 Christum
668 3885 844 3970 disciplina,
867 3895 924 3951 cut
944 3888 984 3950 de
1003 3887 1129 3951 Joonne
1151 3890 1275 3964 Marco,
1294 3886 1458 3963 statuitur,
1479 3887 1588 3971 hujus·

489 3986 573 4049 modi
589 3986 665 4070 quid
685 3987 847 4071 scripsisse
862 3988 987 4051 Auctor
1007 3989 1176 4073 fragmenti
1192 3988 1290 4054 videri
1310 3988 1429 4072 possit:
1456 3989 1588 4054 Morcus

488 4088 656 4172 discipulus
672 4098 700 4151 ct
719 4089 866 4172 interpres
881 4089 972 4152 Petri
982 4088 1077 4171 jecero
1097 4091 1178 4175 quod
1190 4092 1317 4154 Petrum
1339 4089 1511 4173 refomcrn
1531 4112 1588 4154 cc-

487 4189 589 4264 diorit,
605 4190 681 4269 (huc
696 4209 795 4272 usque
815 4188 1004 4274 Hieronymi
1023 4192 1119 4255 verbs
1134 4192 1242 4267 affero,
1257 4193 1306 4255 Do
1323 4192 1411 4256 Veris
1424 4192 1449 4255 Ι
1447 4191 1479 4255 ll.
1495 4214 1522 4255 o.
1539 4194 1586 4272 8.)

488 4291 620 4376 digessit
643 4313 694 4353 res
715 4298 824 4376 gestes
846 4313 868 4355 a
897 4293 1048 4369 Domino,
1072 4294 1178 4378 quibus
1199 4304 1299 4357 mosoc
1323 4294 1476 4378 interfuit,
1490 4304 1518 4357 ot
1539 4295 1587 4358 ι’ἰα

481 4392 596 4473 poscit.
649 4391 711 4456 Sed
739 4392 895 4455 incertum
919 4392 961 4457 sit
981 4415 1107 4457 necesse
1133 4402 1183 4459 est
1214 4394 1309 4478 hujus
1335 4395 1490 4460 mutilatae
1513 4416 1585 4458 sen-

489 4491 595 4554 tentiae
611 4492 872 4575 supplementum.
918 4494 1049 4558 Interea
1063 4494 1147 4558 idem
1162 4495 1237 4558 illud
1253 4497 1293 4559 de
1309 4496 1409 4561 Petro
1423 4505 1457 4560 et
1472 4496 1588 4561 Murco

489 4590 641 4673 scriptum
670 4590 801 4667 hubent,
823 4600 941 4675 praeter
968 4594 1187 4679 presbyterum
1215 4596 1393 4681 Pupienum
1418 4598 1588 4677 loannem,

488 4711 561 4753 oum
582 4690 647 4766 clii,
662 4697 731 4755 tum
751 4692 903 4773 heuneus,
920 4695 1065 4760 Clemens
1080 4696 1326 4776 Alexandrinus,
1343 4698 1507 4783 Origenes,
1522 4699 1589 4763 Eu·
