3809 5650
548 699 772 766 EPISTOLA
795 700 1123 767 VIENNENSIUM
1147 700 1204 766 ET
1229 699 1364 767 LUGD·
1444 700 1510 770 299

406 864 606 966 προθυμίας
632 862 856 968 ἀνεπλήρουν
884 863 950 964 τὴν
978 865 1174 967 ὁμολογίαν
1201 868 1266 962 τῆς
1296 863 1502 965 μαρπιρίας.

407 1000 594 1103 ἐφαίνοντο
620 998 657 1078 δέ
681 1002 740 1079 καὶ
764 1004 798 1078 σί
825 998 1001 1098 ἀνέτοιμα
1028 1001 1086 1077 καὶ
1114 997 1349 1099 ἀγύμναστοι,
1369 1000 1427 1076 καὶ
1454 996 1507 1075 ἐτι

407 1136 580 1230 ἀσθενεῖς,
598 1135 737 1235 ἀγῶνος
753 1130 915 1235 μεγάλου
932 1132 1038 1212 τόνον
1060 1134 1214 1234 ἐνεγκεῖν
1235 1130 1285 1232 μὴ
1310 1129 1505 1230 δυνάμενοι·

407 1263 459 1344 ὧν
477 1269 534 1345 καὶ
553 1267 757 1373 ἐξέτρωσαν
776 1271 824 1351 ὡς
842 1267 927 1347 δέκα
944 1265 1009 1346 τὸν
1027 1265 1192 1369 ἀριθμόν·
1222 1265 1257 1346 σί
1271 1269 1330 1345 καὶ
1342 1262 1508 1368 μεγάλην

378 1401 528 1502 5λίηιην
546 1406 605 1481 καὶ
628 1404 758 1486 πένθος
782 1404 981 1506 ἀμέτρητον
1005 1403 1216 1501 ἐνεποίησαν
1243 1402 1337 1499 ἡμῖν,
1355 1401 1415 1479 καὶ
1441 1398 1508 1499 τὴν

405 1536 608 1640 προθυμίαν
625 1542 696 1627 τῶν
711 1544 849 1617 λοιπῶν
861 1542 933 1617 τῶν
950 1534 1000 1635 μὴ
1014 1535 1306 1633 συνειλημμένων
1319 1535 1506 1641 ἐνέκοφαν.

407 1671 442 1750 ot
459 1671 585 1775 καίπερ
602 1670 723 1753 πάντα
739 1669 787 1751 τά
804 1671 901 1751 δεινά
917 1671 1132 1777 πάσχοντες,
1144 1671 1239 1769 ὅμως
1257 1674 1507 1773 συμπαρῆσαν

406 1814 481 1889 τοῖς
508 1807 667 1910 μάρτυσι
688 1810 747 1886 καὶ
773 1809 838 1886 οὐκ
866 1809 1102 1887 ἀπελείποντο
1129 1807 1256 1887 αὐτῶν.
1292 1804 1373 1884 τότε
1401 1803 1446 1904 δὴ
1472 1809 1507 1885 οἱ

1051 1938 1188 1969 bb?

406 1939 537 2026 πάντες
563 1940 731 2041 μεγάλως
756 1939 989 2041 ἐπτοήθημεν,
1007 1944 1066 2019 δια
1089 1973 1131 2019 το
1160 1944 1296 2038 αδηλον
1321 1942 1386 2037 τῆς
1413 1937 1504 2037 ὁμο·

360 2077 542 2178 ιολογίας·
571 2078 614 2155 οὐ
631 2075 696 2160 τάς
708 2077 963 2182 ἐπιφερομένας
981 2073 1151 2159 κολάσεις
1165 2074 1393 2181 φοβούμενοι,
1405 2072 1505 2155 ἀλλά

405 2209 447 2289 τὸ
474 2211 579 2295 τέλος
606 2214 820 2318 ἀφορῶντες,
846 2214 905 2291 καὶ
935 2208 978 2290 τὸ
1007 2215 1204 2291 ἀποπεσεῖν
1231 2209 1311 2290 τινά
1339 2208 1502 2295 δεδιότες.

405 2346 724 2445 συνελαμβάνοντο
749 2348 868 2447 μέντοι
892 2348 969 2427 καθ
989 2346 1146 2446 ἑκάστην
1172 2347 1306 2450 ἡμεραν
1336 2352 1369 2426 σί
1399 2346 1505 2454 ἄξιοι,

405 2481 469 2562 τῖιν
493 2483 633 2562 ἐκείνων
655 2486 944 2583 ἀναπληροῦντες
962 2481 1127 2585 ἀριθμόν·
1156 2481 1252 2562 ῶστε
1279 2488 1506 2585 συλλεγῆναι

405 2620 445 2695 ἐκ
461 2623 533 2695 τῶν
558 2617 621 2696 δύο
646 2619 847 2714 ἐκκλησιῶν
869 2615 1008 2700 πάντας
1030 2615 1114 2701 τοὺς
1131 2620 1359 2714 σπουδαίους,
1378 2621 1437 2698 καὶ
1459 2620 1503 2699 δι’

360 2780 395 2843 ¹5
405 2748 456 2831 ῶν
472 2750 637 2850 μάλιστα
654 2748 880 2850 συνειστήκει
897 2749 944 2830 τά
957 2750 1092 2831 ἐνθάδε.
1123 2749 1443 2849 συνελαμβάνοντο
1467 2751 1506 2833 δέ

405 2891 464 2968 καὶ
488 2888 621 2967 ἐθνικοί
641 2920 734 2970 τινες
760 2886 890 2965 οἰκέται
920 2892 993 2964 τῶν
1022 2885 1212 2987 ἡμετέρων·
1244 2890 1318 2966 ἐπεὶ
1347 2890 1506 2996 δημοσίᾳ

404 3022 591 3102 ἐκέλευσεν
609 3024 629 3100 ὁ
651 3018 794 3122 ἡγεμὼν
818 3019 1070 3121 ἀναζητεῖσθαι
1091 3018 1229 3105 πάντας
1252 3022 1357 3120 ἡμᾶς·
1388 3020 1423 3100 oi
1445 3025 1506 3102 καὶ

404 3159 481 3238 κατ’
500 3157 643 3260 ἐνέδραν
660 3162 725 3235 τοῦ
744 3159 902 3261 Σατανᾷ,
922 3155 1141 3259 φοβηθέντες
1163 3154 1229 3239 τάς
1253 3156 1439 3251 βασάνους
1461 3156 1504 3243 ἃς

406 3390 648 3468 Protomartyres,
665 3388 716 3466 qui
735 3408 847 3447 summa
865 3388 928 3445 eni·
979 3388 1051 3447 culsi
1079 3389 1267 3458 haerebamus,
1292 3391 1329 3449 ob
1358 3394 1502 3454 incertum

358 3489 394 3528 ιο
405 3490 517 3528 morum
540 3469 688 3528 alacritate
710 3468 868 3527 solemnem
892 3466 927 3525 il.
978 3468 1167 3528 confessionis
1178 3482 1314 3529 eventum
1328 3495 1334 3529 ι
1351 3495 1409 3534 non
1423 3475 1503 3552 quod

404 3550 460 3608 lam
482 3560 642 3632 martyrum
664 3548 874 3608 confessionem
896 3568 926 3605 e·
977 3558 1123 3607 tormenta
1131 3569 1196 3627 quoe
1204 3551 1414 3621 inferebantur,
1424 3575 1502 3633 mag·

403 3629 550 3689 diderunt.
586 3627 647 3699 Qui
661 3649 730 3687 vero
748 3627 882 3706 imparati
896 3639 926 3686 et
978 3648 1085 3706 nopere
1099 3629 1278 3699 timeremus.
1294 3634 1501 3713 sedquoniam

403 3709 596 3778 inexercitati,
624 3729 678 3768 nec
710 3708 800 3766 firmis
831 3706 926 3766 adhuc
977 3708 1086 3767 exitum
1105 3709 1147 3767 rei
1166 3711 1264 3769 animo
1281 3714 1500 3794 prospicientes,

403 3801 486 3847 erant
505 3789 615 3848 viribus
633 3789 671 3848 ad
688 3790 830 3866 impetum
850 3789 924 3845 tanti
977 3807 1014 3846 ns
1047 3790 1113 3867 quis
1144 3800 1292 3849 corrueret
1320 3795 1500 3854 verebamur.

357 3889 392 3947 25
403 3869 568 3927 certaminis
607 3867 819 3932 sustinendum,
854 3877 926 3926 tunc
977 3867 1500 3951 comprehendebanturquotidiequi

403 3949 555 4008 manifeste
580 3959 749 4027 patuerunt.
793 3946 840 4003 Ex
862 3947 925 4023 qui·
976 3945 1056 4024 digni
1071 3958 1154 4005 erant
1165 3958 1199 4005 ut
1213 3968 1368 4009 numerum
1382 3952 1501 4012 illorum

401 4030 456 4088 bus
467 4027 566 4086 decem
577 4028 692 4087 circiter
702 4025 831 4103 collapsi,
843 4045 924 4083 max.
977 4025 1163 4106 supplerent:
1185 4026 1258 4085 adeo
1277 4041 1311 4089 ut
1325 4050 1361 4089 ex
1376 4043 1501 4109 utraque

402 4108 493 4166 imum
508 4108 591 4166 nobis
605 4106 733 4165 dolorem
751 4116 781 4164 et
800 4104 923 4164 incredi-
975 4103 1096 4164 ecclesia
1104 4108 1332 4184 praestantissimi
1341 4111 1460 4189 quique,
1469 4124 1501 4173 et

401 4187 489 4246 bilem
519 4187 632 4246 luctum
666 4184 850 4255 attuleruut;
894 4195 925 4243 et
976 4204 1100 4261 quorum
1133 4187 1258 4245 maxime
1285 4189 1384 4249 labore
1411 4201 1500 4270 atque

353 4267 524 4345 3oaliorum
558 4265 735 4324 alacritatem
763 4264 923 4341 fregerunt,
976 4264 1119 4323 industria
1135 4285 1181 4323 res
1200 4266 1247 4325 hic
1265 4269 1432 4328 constitute
1450 4272 1500 4333 fu.

401 4348 451 4424 qui
474 4345 603 4404 nondum
623 4344 834 4423 comprehensi,
856 4344 924 4402 licet
975 4354 1067 4412 erant,
1089 4344 1176 4403 simul
1197 4366 1297 4407 omues
1320 4359 1499 4412 tenerentur.

400 4427 569 4505 gravissima
609 4434 780 4503 paterentur
815 4424 925 4482 incom-
976 4425 1063 4502 Capti
1084 4436 1153 4483 sunt
1177 4425 1265 4484 etiam
1288 4429 1406 4504 quidam
1429 4451 1499 4493 nos·

400 4506 495 4573 mods,
510 4516 606 4564 tamen
626 4503 801 4583 martyribus
818 4514 925 4583 presto
976 4515 1087 4562 trorum
1102 4506 1240 4582 serviqui
1256 4508 1391 4568 Gentiles
1405 4523 1498 4581 erant,

400 4585 530 4651 aderaut,
544 4605 597 4643 nec
613 4585 649 4642 ab
668 4604 767 4642 eorum
787 4603 924 4662 conspec-
975 4584 1208 4661 quandoquidem
1232 4586 1342 4647 Proeses
1363 4609 1416 4648 nos
1435 4612 1499 4651 om·

352 4690 389 4748 35
401 4676 435 4723 tu
462 4664 657 4724 discedebant.
714 4663 825 4723 Omnes
853 4676 924 4721 tunc
974 4684 1027 4721 nes
1041 4665 1149 4741 requiri
1168 4665 1261 4743 palam
1272 4668 1408 4744 jusserat.
1438 4673 1499 4743 Qui

400 4745 540 4824 temporis
560 4743 730 4822 manino
752 4754 833 4803 metu
858 4762 922 4822 per-
975 4743 1124 4804 Damonis
1137 4744 1276 4823 impulsu,
1291 4768 1357 4808 cum
1372 4759 1501 4811 tormen·

904 4840 995 4905 aqu
