3809 5650
396 675 461 736 348
768 670 1121 736 ANNOTATIONES

398 843 517 926 pharus
531 840 668 914 refinxit,
687 843 728 906 tls
743 843 879 904 ποικίλον
894 845 931 903 τὰ
944 843 1087 922 μαρτύρια
1106 846 1241 922 διῃρεῖτο.
1287 841 1351 904 Sed
1365 839 1507 903 fortasse

399 965 492 1006 voces
506 946 558 1019 τῆς
573 943 675 1019 ἐξόδου
690 963 791 1025 neque
807 941 940 1005 Rufinus
952 963 1053 1025 neque
1066 941 1262 1025 Nicephorus
1277 940 1407 1017 invenit,
1425 962 1508 1024 quas

400 1045 528 1129 quidem
548 1065 569 1106 a
590 1041 739 1127 Scaligeri
766 1041 864 1105 MSto
884 1042 1023 1105 abluisse
1046 1051 1192 1128 apparet.
1237 1043 1275 1105 In
1300 1043 1508 1127 sequentibus

401 1166 477 1209 vero
497 1151 610 1208 auctor
630 1143 737 1227 posuit
761 1141 1058 1225 ἐπισφραγισάμενος
1074 1145 1168 1207 αὐτῶν
1189 1147 1237 1206 διὰ
1258 1148 1308 1221 τῆς
1329 1146 1432 1222 ἐξόδου
1452 1143 1509 1221 τὴν

403 1248 575 1329 μαρτυρίαν.
613 1245 669 1308 An
683 1267 758 1330 ergo
780 1246 831 1308 hio
852 1247 1066 1330 reponendum
1088 1249 1213 1323 διῃρεῐτο
1233 1248 1270 1306 τὸ
1292 1247 1436 1326 μαρτυρία
1459 1247 1509 1307 διὰ

404 1356 457 1429 τῆς
473 1349 576 1426 ἐξόδου
592 1350 706 1412 αὐτῶνέ
730 1349 831 1411 Paulo
845 1365 918 1433 post
935 1348 1052 1411 ἀνθέων
1066 1369 1124 1431 pre
1140 1347 1238 1409 ἀνθῶν
1253 1348 1330 1410 MS.
1346 1346 1486 1429 Nerfok.

448 1453 485 1514 P.
498 1470 572 1534 309.
595 1449 615 1512 Ι.
628 1472 657 1530 9.
680 1451 768 1532 γοῦν]
793 1450 858 1512 Εό.
882 1450 986 1534 sapt.
1011 1448 1179 1511 lectionem
1205 1445 1228 1510 δ’
1246 1448 1299 1510 οὖν
1324 1448 1356 1509 in
1380 1455 1510 1511 textum

405 1574 498 1615 suum
513 1551 634 1636 recepit
650 1550 822 1614 Strothins.

450 1654 535 1716 Ibid.
562 1653 581 1716 l.
606 1672 655 1716 12.
681 1655 729 1716 καὶ
751 1654 770 1731 ἡ
797 1654 949 1715 Biavana
977 1653 1025 1714 καὶ
1043 1649 1204 1730 Ἄτταλος]
1242 1650 1336 1714 Prius
1359 1650 1437 1712 illud
1462 1652 1512 1712 καὶ

407 1756 508 1820 nescit
537 1757 613 1819 ΜΗ.
640 1754 781 1837 Nersolc.
830 1754 910 1819 Cum
940 1753 1140 1818 circumflexe
1163 1775 1277 1816 nomen
1301 1757 1454 1815 Βλουδῖνο
1478 1751 1512 1813 in

408 1859 481 1921 MS.
505 1857 596 1920 Bodl.
621 1856 734 1940 saepius
758 1855 917 1920 scribitur.
973 1854 1155 1918 Desiderari
1181 1863 1288 1918 autem
1314 1853 1469 1918 articulus
1495 1855 1513 1914 δ

408 1966 485 2022 ante
496 1957 647 2024 Ἀτταλος
662 1957 797 2020 videtur.

454 2060 536 2123 Ibid.
558 2060 578 2122 l.
602 2079 648 2143 ¹3·
676 2063 717 2125 εἰς
738 2059 773 2121 οδ
800 2059 957 2141 δημόσιον]
994 2056 1066 2121 Ηοο
1092 2057 1217 2121 nomine
1240 2056 1513 2140 amphitheatrum

409 2161 537 2224 videtur
551 2159 694 2243 intelligi.
733 2159 844 2242 Neque
860 2160 943 2221 enim
959 2159 1068 2222 relerri
1083 2166 1190 2242 petest
1205 2159 1247 2222 ad
1260 2158 1364 2237 θέαμα.
1403 2157 1515 2222 Primo

412 2262 487 2346 qnia
503 2260 660 2345 repetitur
683 2261 867 2345 praepositie
883 2264 924 2327 εἰς
941 2261 975 2322 τδ
995 2262 1137 2340 δημόσιον
1153 2262 1200 2324 καὶ
1216 2263 1258 2326 εἰς
1276 2260 1310 2322 τὸ
1332 2260 1440 2335 κοινὸν,
1458 2263 1515 2323 &a

413 2363 468 2426 Ita
483 2361 567 2424 enim
582 2361 698 2444 legitur
713 2361 746 2423 in
761 2361 869 2424 codice
885 2362 975 2424 Med.
992 2360 1077 2425 Μαι.
1095 2361 1177 2424 Fuk.
1194 2370 1227 2425 et
1243 2360 1339 2424 Savil.
1381 2361 1473 2440 Quod
1489 2361 1516 2424 si

415 2465 559 2542 δημόσιον
573 2463 746 2525 referretur
765 2462 807 2524 ad
823 2484 931 2524 vocem
952 2462 1060 2540 θέαμα,
1075 2463 1229 2525 dixissent
1254 2466 1295 2528 εἰς
1314 2463 1349 2524 τὸ
1373 2464 1518 2541 δημόσιον

416 2566 463 2628 καὶ
487 2564 595 2640 κοινὸν,
624 2566 679 2626 διο.
726 2563 828 2626 Porro
854 2563 1017 2647 eleganter
1039 2563 1307 2646 amphitheatrale
1333 2584 1457 2636 munus,
1484 2563 1518 2625 in

414 2667 475 2730 hae
496 2665 631 2750 epistola
645 2672 778 2728 vocatur
797 2664 959 2749 publicum
975 2664 1149 2726 Gentilium
1169 2664 1411 2727 inhumanitatis
1432 2686 1518 2747 spec-

417 2767 566 2833 taeulum.
615 2768 654 2831 ln
676 2788 713 2830 eo
734 2765 889 2849 siquidem
911 2764 980 2828 loce
998 2764 1139 2829 Gentiles
1161 2788 1251 2829 suam
1271 2773 1339 2830 tum
1362 2766 1394 2828 in
1411 2765 1520 2829 Chris-

418 2871 532 2945 tianos,
549 2878 619 2934 tum
639 2870 671 2933 in
686 2869 824 2953 reliquos
844 2868 1021 2943 bestiarios,
1039 2868 1208 2932 belluinam
1228 2870 1380 2933 saevitiam
1397 2868 1521 2953 publice

419 2971 626 3055 spectandam
642 2970 844 3033 exhibebant.
869 2968 1031 3032 Vsnssrus.
1078 2970 1237 3033 Absnerat
1252 2970 1293 3033 ab
1308 2971 1353 3033 ed.
1367 2970 1470 3054 steph.
1485 2970 1522 3031 τὸ

418 3081 495 3136 ante
516 3075 624 3136 κοινόν.
671 3071 724 3135 lta
738 3079 772 3136 et
793 3093 814 3133 a
839 3071 924 3133 οοόό.
947 3072 1022 3154 Ιίυρ.
1045 3081 1072 3133 et
1087 3072 1193 3134 Paris.
1215 3092 1241 3134 1.
1264 3080 1301 3135 ut
1321 3094 1404 3135 nunc
1423 3073 1523 3135 refert

422 3177 595 3239 Burtonus.
642 3173 752 3237 Habet
767 3172 890 3236 interea
905 3174 981 3236 MS.
998 3173 1099 3237 Saeil.
1115 3196 1171 3236 seu
1188 3175 1279 3237 Bodl.
1299 3174 1409 3254 ἤγοντο
1426 3174 1474 3236 ἐπὶ
1488 3172 1523 3234 rh

424 3277 576 3355 δημόσιον,
590 3276 622 3338 id
637 3297 712 3338 vero
727 3276 847 3338 factum
858 3282 908 3338 est
922 3283 1053 3358 propter
1062 3297 1153 3339 voces
1164 3275 1368 3339 intermedias
1380 3274 1524 3348 omissas,
1600 3283 1603 3290 '

422 3382 459 3440 τὰ
475 3380 561 3457 θηρία
576 3380 626 3442 εἰς.
662 3376 770 3440 Codex
784 3383 902 3451 antem,
917 3376 971 3460 qui
986 3398 1006 3438 a
1022 3375 1151 3439 Valesio
1166 3376 1216 3440 hie
1231 3384 1265 3440 et
1279 3377 1354 3440 alibi
1370 3384 1525 3459 tanquam

425 3476 602 3540 Savilianus
628 3477 807 3551 adducitur,
835 3476 997 3561 exemplar
1018 3477 1090 3552 fuit,
1114 3486 1151 3541 ut
1176 3479 1291 3561 saepius
1318 3478 1436 3542 dictum
1463 3487 1524 3552 est,

425 3576 573 3639 editionis
589 3576 814 3660 Stephanianae
837 3600 908 3640 cum
931 3579 1022 3641 codd.
1044 3579 1170 3663 scriptis
1190 3580 1231 3643 ab
1252 3579 1392 3644 Hsnrico
1409 3579 1528 3642 Savilio

427 3677 587 3752 collatum,
604 3698 667 3741 non
684 3678 755 3743 MS.
772 3679 912 3764 ejusdem
928 3679 1035 3742 Savilii
1051 3680 1251 3744 Bodleianus.

473 3780 557 3844 Ibid.
580 3781 599 3842 l.
615 3801 646 3858 4.
673 3787 732 3843 τῶν
758 3786 958 3862 θηριομαχιῶν
988 3782 1098 3861 ἡμέρας
1127 3783 1292 3865 διδομένης]
1330 3783 1436 3866 Hujus
1466 3782 1528 3845 looi

429 3904 555 3946 sensum
583 3904 646 3945 non
675 3882 812 3945 assecuti
842 3895 916 3946 sunt
945 3882 1144 3968 interpretes.
1190 3884 1307 3947 Sensus
1332 3893 1439 3947 nutem
1467 3892 1528 3961 est,

432 3984 604 4048 Praesidem
620 4006 676 4048 seu
693 3983 849 4066 Legatum
869 3985 1038 4068 provinciae
1062 3985 1294 4071 Lugdunensis,
1313 3986 1530 4069 spectaculum

431 4087 569 4148 serarum
585 4094 677 4150 extra
693 4085 834 4148 ordinem
850 4085 967 4170 populo
981 4086 1164 4169 praebuisse‚
1180 4087 1355 4149 constituta
1366 4087 1408 4149 ad
1419 4086 1452 4149 id
1467 4085 1530 4162 die,

429 4196 560 4271 propter
575 4187 772 4251 Christianos
787 4208 866 4269 qnos
881 4187 923 4249 ad
939 4187 1058 4250 bestias
1073 4189 1287 4251 damnaverat.
1328 4188 1432 4252 Erant
1446 4188 1533 4252 enim

429 4288 514 4372 apud
541 4288 703 4350 Romanos
723 4287 873 4350 ordinarii
895 4311 932 4352 ae
956 4290 1109 4353 solemnes
1130 4312 1296 4359 munerum
1322 4290 1397 4366 dies,
1422 4289 1534 4374 quiin

430 4409 570 4451 mensem
593 4389 802 4452 Decembrem
825 4389 1016 4466 incidebant,
1034 4400 1070 4454 ut
1093 4404 1142 4453 est
1164 4391 1196 4452 in
1217 4390 1405 4454 Oalendario
1428 4393 1535 4454 Heru-

431 4484 535 4551 vartii.
581 4488 687 4553 Extra
708 4490 766 4554 hos
789 4492 856 4554 dies
878 4514 940 4554 non
962 4492 1077 4556 licebat
1097 4494 1284 4556 munerariis
1303 4517 1341 4557 ac
1361 4493 1538 4557 duumviris

432 4587 545 4670 quibus
574 4589 752 4673 hujusmodi
790 4592 965 4657 editionum
999 4615 1079 4655 onus
1111 4602 1181 4657 erat
1213 4594 1406 4678 impositum,
1447 4616 1537 4678 speo-

431 4690 538 4755 taoula
560 4693 697 4756 serarum
718 4695 834 4779 populo
850 4696 1008 4760 exhibere.
1056 4695 1103 4759 Ut
1122 4696 1216 4760 docet
1237 4697 1373 4781 epistola
1395 4695 1537 4759 eeclesiae
