3809 5650
499 691 567 751 250
869 686 1238 750 ANNOTATIONES

499 853 660 917 vissimam
683 853 932 937 persecutionem
956 851 1081 915 Judaeis
1104 851 1226 915 illatam
1253 850 1358 914 fuisse.
1411 851 1468 914 Ad
1493 851 1604 914 Domi-

499 955 622 1019 tianum
645 954 729 1037 quod
751 953 880 1028 attinet,
900 952 974 1016 huie
995 953 1076 1015 bene
1098 960 1176 1016 nota
1198 953 1270 1027 fuit,
1290 973 1361 1035 quae
1381 950 1486 1014 iuerat
1505 962 1605 1014 autea

502 1053 586 1138 patri
606 1054 674 1137 ejus
690 1053 896 1137 Vespasiano,
912 1075 985 1136 spes
1006 1051 1095 1134 regni
1111 1052 1236 1116 venturi
1251 1054 1274 1113 J
1277 1052 1377 1114 udaeis
1399 1051 1503 1116 insita.
1550 1052 1606 1116 Ita

501 1163 653 1239 poterant
672 1155 706 1217 hi
721 1155 779 1218 viri
802 1156 938 1230 innocui,
954 1154 1064 1238 stirpis
1078 1154 1174 1238 regiae
1189 1153 1342 1236 reliquiae,
1357 1152 1493 1215 Romam
1513 1153 1603 1217 missi

500 1257 595 1321 fuisse
617 1258 708 1340 jussu
732 1257 828 1341 legati
856 1257 968 1340 Syriae,
994 1255 1174 1338 praesective
1201 1254 1259 1317 sub
1285 1275 1333 1326 eo,
1360 1252 1402 1315 ad
1429 1259 1604 1335 tyrannum

500 1358 640 1420 omnium
655 1357 960 1441 suspiciosissimum.
1000 1359 1035 1421 Is
1049 1358 1144 1433 enim,
1159 1377 1231 1419 cum
1247 1354 1334 1438 prius
1349 1352 1542 1428 extitissent,
1554 1375 1605 1416 re·

499 1457 621 1520 serente
647 1457 679 1520 S.
707 1457 819 1533 Paulo,
851 1479 868 1520 e
895 1458 1034 1521 Neronis
1059 1456 1240 1520 domesticis
1270 1453 1454 1530 Christiani,
1479 1475 1520 1515 eu
1544 1476 1604 1517 suo

500 1580 625 1642 quoque
651 1579 769 1642 genere
798 1557 1025 1632 Christianam,
1056 1558 1169 1620 saltem
1195 1559 1218 1618 J
1221 1557 1357 1630 udaeam,
1383 1553 1604 1637 deprehendit.

498 1659 576 1739 Quae
605 1659 733 1741 quidem
757 1658 827 1731 suit,
853 1665 986 1721 auctore
1011 1657 1114 1720 Dione
1144 1657 1255 1721 Cassio
1283 1657 1316 1717 in
1341 1655 1425 1717 Hice.
1449 1655 1603 1732 Ιίνιιιαιια,

500 1759 649 1822 LXVII.
689 1780 737 1840 14.
771 1759 937 1823 Domitilla
968 1759 1081 1822 Flavia
1115 1758 1298 1832 Clementis,
1334 1755 1511 1819 Domitiani
1546 1779 1604 1840 pa·

499 1860 621 1936 truelis,
653 1882 742 1936 uxor,
773 1867 806 1922 et
836 1859 906 1944 ipsa
934 1859 1138 1944 imperatoris
1170 1857 1413 1941 consanguinea.
1473 1856 1604 1921 Scilicet

499 1961 703 2025 Domitianus
721 1960 820 2024 allato
839 1961 995 2024 ambobus
1019 1959 1149 2023 crimine
1172 1958 1346 2042 impietatis
1370 1959 1402 2020 in
1428 1959 1515 2033 deos,
1537 1981 1604 2042 quo

499 2063 638 2138 crimine,
665 2062 712 2126 ait
739 2062 811 2139 Dio,
836 2062 943 2145 plures
967 2060 1031 2136 alii,
1059 2061 1113 2144 qui
1139 2061 1180 2123 ad
1206 2081 1309 2121 mores
1333 2058 1354 2121 J
1357 2059 1520 2121 ndaeornm
1545 2060 1603 2122 ab·

500 2162 686 2237 erraverint,
701 2163 844 2225 damnati
860 2169 946 2236 suut,
964 2160 1162 2224 Clementem
1182 2168 1285 2223 morte
1305 2159 1420 2237 affecit,
1437 2166 1470 2222 et
1491 2159 1602 2223 Domi·

500 2263 602 2327 tiliam
618 2262 841 2345 deportatione
860 2262 893 2324 in
913 2261 1048 2324 insulam
1070 2261 1307 2335 Pandateriam,
1322 2262 1417 2325 sitam
1432 2261 1516 2325 inter
1531 2261 1604 2325 illas

500 2363 651 2426 Pontiam
666 2370 699 2426 et
716 2363 843 2438 Isciam,
860 2363 992 2447 punivit.
1030 2363 1142 2426 Refert
1166 2363 1288 2426 interea
1311 2362 1488 2437 Suetonius,
1504 2363 1546 2425 ab
1562 2386 1603 2426 eo

499 2465 726 2546 interemptum
748 2463 844 2526 luisse
863 2465 1100 2527 contemtiasiraoe
1115 2465 1237 2526 ιἰιννιὶω
1255 2463 1459 2539 Clementem,
1482 2463 1515 2526 in
1535 2466 1603 2528 Do-

498 2565 791 2647 mitioao,eap.15.
837 2564 961 2626 Ambos
981 2572 1090 2627 autem
1116 2585 1178 2626 non
1204 2564 1264 2627 lavi
1288 2564 1472 2648 conjectura
1495 2564 1601 2628 Chris-

499 2666 607 2730 tianos
622 2665 766 2729 extitisse
780 2665 988 2748 assequimur.
1022 2664 1117 2728 Certe
1133 2664 1317 2728 Christiana
1332 2665 1393 2729 fuit
1409 2665 1520 2728 Flavia
1536 2666 1603 2729 Do-

501 2767 627 2844 mitilla,
643 2788 738 2850 quam
754 2786 793 2829 ex
808 2787 916 2829 sorore
930 2765 1052 2850 neptim
1069 2766 1242 2830 Clementis
1257 2766 1334 2830 dicit
1350 2766 1507 2829 Eusebius
1516 2767 1600 2833 Hie.

503 2870 641 2932 111.18.
669 2877 702 2932 et
724 2867 814 2951 cujus
836 2867 930 2929 exilio
952 2866 1011 2929 sub
1035 2866 1219 2930 Domitiano
1240 2867 1391 2951 principe,
1413 2868 1460 2932 ait
1484 2868 1602 2932 Hiero·

502 2991 616 3053 nymus
629 2969 662 3031 iu
677 2967 818 3051 sparsa
829 2967 874 3030 ad
886 2967 1093 3042 Eustochium,
1104 2967 1206 3029 insula
1223 2966 1339 3030 Pontia
1355 2967 1526 3031 nobilitata
1540 2978 1601 3034 est.
1628 2965 1631 2970 ’

501 3071 605 3133 Immo
621 3070 756 3133 fortasse
779 3068 846 3131 haec
867 3070 977 3131 eadem
993 3074 1043 3131 est
1058 3078 1155 3151 atque
1170 3067 1341 3132 Clementis
1358 3090 1448 3131 uxor.
1497 3069 1602 3133 Perti-

500 3179 555 3234 net
571 3193 695 3255 quoquc
709 3170 750 3232 ad
762 3169 785 3230 J
788 3170 858 3231 udae
873 3179 1014 3252 nepotes,
1033 3190 1167 3252 quorum
1180 3168 1308 3230 uomina
1322 3167 1475 3233 haetenus
1489 3170 1603 3255 ignota

501 3271 562 3333 fine
577 3271 750 3333 Annotatt.
766 3269 907 3343 habebis,
925 3271 1009 3351 quod
1028 3270 1068 3332 de
1092 3269 1275 3332 Domitiano
1295 3269 1416 3332 infenso
1435 3272 1524 3354 regui
1551 3274 1601 3336 sui

500 3370 726 3455 appetentibus
741 3368 842 3432 tradit
855 3368 1080 3442 Philostratus,
1093 3371 1125 3431 iu
1143 3371 1214 3433 Vita
1224 3371 1381 3454 Apollonii
1395 3372 1510 3454 Tynnci
1519 3373 1600 3437 VII.

498 3490 530 3551 5.
555 3472 700 3532 Βούλεται
715 3468 773 3549 γάρ
798 3494 833 3531 σε
851 3471 1035 3547 Δομετιανὸς
1050 3471 1272 3554 (Apollonium
1291 3471 1462 3555 alloquitur
1485 3473 1601 3538 Dema

500 3571 598 3653 trius)
617 3569 756 3651 μετέχειν
777 3570 971 3650 ἐγκλημάτων
992 3570 1039 3651 ἐφ’
1056 3572 1100 3637 οἶς
1122 3575 1258 3653 Νερούας
1279 3576 1314 3635 τὲ
1333 3575 1380 3636 καὶ
1400 3575 1429 3635 cl
1450 3575 1506 3636 σὺν
1522 3576 1601 3661 αὐτῷ

500 3673 656 3752 φεύγουσι.
687 3672 840 3751 Φεύγουσι
855 3670 892 3741 δ’,
908 3670 954 3747 ἧδ’
969 3671 1012 3745 ὃς,
1029 3672 1077 3734 ἐπὶ
1092 3677 1154 3755 aqi:
1171 3672 1241 3736 Ἐπὶ
1256 3678 1439 3760 τῇμεγίστῃ,
1456 3676 1523 3755 ἔφη,
1540 3683 1601 3741 τῶν

501 3778 554 3837 νῦν
570 3775 680 3848 αἰτιῶν,
701 3773 740 3837 ὡς
758 3776 841 3834 δοκεῖ
860 3774 900 3853 τῷ
916 3772 1061 3849 διώξαντι,
1080 3776 1155 3852 φησὶ
1170 3777 1228 3854 γὰρ
1246 3775 1350 3840 αὐτοὺς
1365 3777 1414 3837 ἐπὶ
1435 3776 1488 3853 τὴν
1503 3777 1601 3860 ἀρχὴν

499 3876 553 3952 τὴν
583 3875 673 3937 αὐτοῦ
703 3878 857 3952 πηδῶντας
887 3871 1036 3958 ᾑρηκέναι,
1068 3877 1103 3936 σὲ
1140 3879 1172 3937 δὲ
1200 3879 1361 3957 ἐξορμῆσαι
1393 3879 1460 3944 τοὺς
1491 3880 1601 3960 ἄνδρας

500 3979 531 4042 ἐς
546 3982 650 4050 ταῦτα,
661 3980 769 4041 παῖδας
783 3974 864 4051 οἶμαι
879 3973 1016 4053 τεμόντα.
1039 3976 1115 4039 edit.
1134 3978 1208 4040 Ald.

544 4079 582 4142 P.
607 4097 679 4143 212.
704 4077 725 4139 l.
751 4097 801 4141 22.
824 4078 925 4141 υἱωνοὶ
939 4076 1053 4161 Ἰούδα]
1079 4080 1119 4140 In
1141 4080 1247 4143 codice
1270 4080 1371 4165 Regio
1394 4104 1432 4145 ac
1455 4082 1543 4146 Med.
1566 4091 1600 4147 et

498 4179 585 4263 apud
602 4178 776 4263 Georgium
793 4177 973 4262 Syneellum
988 4178 1105 4263 legitur
1123 4183 1194 4244 υἱῶν
1207 4180 1305 4245 Ἰούδα
1327 4183 1386 4246 levi
1409 4184 1599 4249 discrimine.

499 4279 649 4343 Ceterum
675 4280 773 4342 miror
800 4279 1006 4364 Scaligerum,
1033 4281 1086 4363 qui
1113 4277 1152 4343 iu*
1169 4282 1506 4349 Animadversionibus
1532 4289 1599 4350 Eu·

498 4380 637 4443 sebianis
664 4402 737 4464 pag.
768 4382 836 4461 187.
866 4388 935 4444 tam
961 4380 1144 4458 Eusebium,
1172 4404 1267 4466 quam
1295 4386 1513 4470 Hegesippum
1538 4387 1597 4448 im-

498 4482 613 4543 merito
642 4482 855 4565 reprehendit.
901 4482 986 4545 Nam
1012 4504 1112 4567 neque
1145 4485 1348 4569 Hegesippus
1375 4488 1599 4570 posteritatem

500 4581 632 4645 Davidis
646 4584 687 4646 ad
703 4583 782 4645 duos
799 4590 925 4645 tautum
942 4584 1086 4646 homines
1099 4600 1174 4648 tuuc
1190 4607 1259 4648 esse
1273 4586 1436 4650 redactam
1455 4588 1547 4662 dixit,
1561 4598 1599 4651 ut

498 4681 578 4746 falso
604 4682 633 4745 ei
661 4683 771 4765 objicit
797 4683 956 4766 Scaliger;
991 4686 1046 4749 sed
1073 4688 1295 4769 posteritatem
1319 4684 1416 4751 Judoe
1446 4689 1499 4773 qui
1526 4697 1598 4753 erat
