3809 5650
481 702 720 768 EPISTOLA
743 704 1080 768 VIENNENSIUM
1103 704 1168 768 ΕΤ
1192 704 1338 769 LUGD.
1405 703 1469 767 815

364 869 552 951 Ἀτταλον
569 879 621 978 τῷ
639 872 739 980 ὄχλῳ
757 873 982 978 χαριζόμενος
1001 873 1185 976 ὀὴγεμων,
1197 875 1344 980 ἐξέδωκε
1356 873 1470 954 πάλιν

369 1003 460 1106 πρὸς
487 1009 605 1109 θηρία.
637 1007 670 1086 οἰ
688 1012 746 1086 καί
774 1007 832 1086 διά
859 1005 1005 1088 πάντων
1033 1008 1232 1091 διελθόντες
1252 1015 1326 1086 τῶν
1353 1010 1391 1086 ἐν
1418 1013 1469 1113 τῷ

369 1140 600 1247 ἀμφιθεάτρῳ
632 1140 723 1243 πρὸς
751 1140 905 1221 κόλασιν
932 1143 1172 1248 ἐξευρημένων
1204 1141 1378 1244 ὀργάνων,
1410 1145 1470 1219 καὶ

369 1274 542 1375 μέγιστον
561 1277 808 1371 ὑπομείναντες
826 1278 960 1376 ἀγῶνα,
978 1278 1182 1381 τοῦσχατον
1205 1275 1384 1376 ἐτάθησαν
1409 1278 1468 1354 καὶ

342 1407 480 1489 5αιῖτοί·
523 1416 586 1486 τοῦ
616 1404 683 1505 μέν
711 1405 957 1513 Ἀλεξάνδρου
987 1408 1076 1507 μήτε
1104 1407 1345 1514 στενάξαντος
1377 1407 1468 1513 μήτε

368 1538 567 1645 γρύξαντός
585 1573 620 1619 τι
641 1540 745 1636 ὅλως,
765 1539 866 1620 ἀλλά
892 1541 985 1621 κατά
1012 1544 1160 1645 καρδίαν
1181 1545 1392 1641 ὁμιλοῦντος
1415 1547 1467 1648 τῷ

369 1679 464 1780 Θεῷ·
487 1676 507 1752 ό
526 1675 564 1754 δέ
576 1674 761 1761 Ἀτταλος
780 1673 887 1756 ὁπότε
905 1679 963 1756 ἐπὶ
980 1681 1044 1775 τῆς
1062 1679 1212 1776 σιδηρᾶς
1231 1676 1377 1775 ἐπετέθη
1396 1710 1461 1755 κα·

368 1806 494 1908 θέδρας
507 1811 565 1886 καί
577 1810 800 1909 περιεκαίετο,
815 1810 917 1906 ἡνίκα
930 1810 952 1908 ἡ
967 1808 1039 1888 ἀπὸ
1057 1817 1121 1888 τοῦ
1134 1810 1318 1906 σωματίου
1329 1811 1466 1888 κνίσσα

367 1942 565 2047 ἀνεφέρετο,
597 1942 667 2047 ἔφη
695 1939 786 2046 πρὸς
815 1941 858 2021 τὸ
888 1947 1030 2042 πλῆθος
1058 1948 1104 2047 τῇ
1134 1944 1316 2046 Ῥωμαϊκῇ
1350 1947 1464 2047 φωνῇ.
1567 2002 1572 2010 -

323 2076 442 2155 1οἰδού
455 2075 562 2156 τοῦτό
574 2080 675 2157 ἐστιν
688 2079 897 2181 ἀνθρώπους
910 2078 1051 2175 ἐσθίειν,
1063 2075 1083 2157 δ
1097 2084 1225 2157 ποιεῖτε
1239 2079 1344 2175 ὑμεῖς.
1363 2076 1465 2176 ἡμεῖς

311 2243 316 2256 ·
366 2209 404 2288 δέ
432 2212 511 2290 οὔτε
543 2211 751 2313 ἀνθρώπους
780 2212 957 2324 ἐσθίομεν,
987 2212 1061 2290 οὔθ
1092 2209 1211 2313 ἕτερόν
1243 2243 1278 2289 τι
1307 2208 1466 2313 πονηρόν

364 2342 578 2444 πράττομεν.
622 2345 889 2448 ἐπερωτώμενος
921 2344 960 2423 δέ
988 2347 1026 2424 τί
1052 2344 1165 2444 ὄνομα
1201 2343 1273 2448 ἕχει
1306 2346 1326 2422 ὁ
1359 2343 1463 2443 Θεὸς,

364 2478 548 2578 ἀπεκρίθη·
579 2478 599 2556 ό
618 2476 711 2560 Θεὸς
729 2477 841 2576 ὄνομα
860 2479 924 2557 οὐκ
942 2479 1014 2582 ἔχει
1032 2481 1080 2562 ὡς
1098 2477 1299 2580 ἅνθρωπος.

421 2611 477 2688 ιδ.
495 2613 580 2689 Ἐπὶ
597 2618 691 2690 πᾶσι
709 2610 747 2689 δέ
760 2610 897 2692 τούτοις
910 2617 956 2715 τῇ
969 2610 1107 2715 ἐσχάτῃ
1120 2611 1249 2691 λοιπὸν
1263 2611 1376 2717 ἡμέρᾳ
1391 2619 1464 2691 τῶν

320 2752 603 2850 ι5μονομαχιῶν,
635 2746 658 2843 ἦ
687 2746 870 2826 Βλανδίνα
895 2743 1008 2825 πάλιν
1033 2744 1266 2849 εἰσεκομίζετο
1292 2743 1381 2845 μετά
1406 2748 1464 2825 καὶ

365 2885 540 2959 Ποντικοῦ
557 2881 745 2983 παιδαρίου
763 2883 812 2965 ὡς
828 2881 1077 2960 πεντεκαίδεκα
1094 2882 1196 2959 ἐτοῖν.
1219 2879 1254 2958 οἰ
1271 2882 1330 2958 καὶ
1347 2884 1461 2977 καθη-

362 3014 474 3116 μέραν
491 3013 680 3115 εἰσήγοντο
704 3014 796 3117 πρὸς
819 3013 861 3093 τὸ
885 3018 1034 3109 βλέπειν
1051 3013 1118 3114 τὴν
1142 3020 1215 3093 τῶν
1240 3019 1378 3092 λοιπῶν
1396 3011 1460 3091 κό-

362 3158 483 3243 λασιν,
496 3151 555 3227 καί
566 3145 808 3251 ἠναγκάζοντο
817 3147 966 3248 ἀμιοίναι
980 3146 1070 3227 κατά
1083 3153 1155 3227 τῶν
1168 3146 1326 3226 εἰδώλων
1335 3147 1462 3226 αὐτῶν.

362 3440 572 3488 tormentorum
604 3448 710 3507 genero
741 3447 806 3506 qun
836 3429 887 3489 nd.
937 3430 1032 3509 agitis.
1075 3428 1140 3486 Nos
1161 3447 1230 3486 vero
1251 3445 1347 3505 neque
1368 3428 1462 3485 homi.

316 3528 353 3568 το
362 3529 462 3568 versus
502 3512 581 3587 ipsos
619 3510 782 3588 excogitato
821 3509 887 3568 fue-
937 3529 989 3569 nes
1027 3510 1170 3576 voramus,
1209 3527 1304 3584 neque
1343 3508 1462 3566 omnino

361 3600 437 3655 rant,
472 3589 504 3647 in
535 3589 748 3669 amphitheatro
783 3608 886 3668 percn-
936 3588 1096 3667 quidquam
1109 3587 1178 3646 mali
1192 3587 1324 3645 fecimus.
1364 3587 1462 3645 Inter.

362 3669 528 3735 currissent,
567 3668 751 3746 maximoque
792 3680 885 3728 certu-
936 3680 1056 3747 rogetus
1077 3668 1164 3727 etiam
1184 3666 1263 3743 quod
1279 3685 1384 3725 nomen
1405 3666 1462 3725 Dei

361 3748 439 3805 mine
464 3748 611 3826 perfuncti
635 3758 741 3817 essent,
768 3748 886 3807 tandem
936 3759 1032 3807 essete
1056 3749 1150 3813 Dens,
1165 3746 1271 3823 inquit,
1285 3765 1461 3804 nomennon

360 3826 458 3903 glodio
471 3829 599 3905 percussi
616 3839 694 3887 sunt.
737 3829 779 3886 Et
793 3828 885 3888 Alex-
935 3827 1023 3887 habet
1037 3826 1158 3908 perinde
1172 3846 1205 3883 sc
1219 3844 1271 3883 nos
1286 3824 1431 3883 mortales.

314 3908 451 3986 n5nnder
464 3907 580 3983 quidem
595 3927 649 3966 nec
667 3908 811 3985 ingemuit
830 3926 884 3965 nn·
980 3923 1027 3981 14„
1056 3908 1125 3964 Post
1160 3904 1214 3963 hos
1248 3924 1357 3970 omnes,
1392 3903 1462 3962 ulti·

361 4005 457 4061 quam,
479 4005 532 4044 nec
555 4006 655 4045 vocem
676 3986 766 4045 ullam
782 3996 885 4064 protu-
934 4005 984 4044 mo
1007 3984 1125 4043 tandem
1148 3983 1379 4062 spectaculorum
1402 3982 1460 4050 die,

360 4064 404 4132 lit,
432 4065 483 4123 sed
513 4066 637 4123 interius
667 4077 766 4124 mente
793 4068 824 4123 in
854 4085 886 4123 se
936 4064 1082 4123 Blendina
1105 4082 1204 4121 rursus
1228 4061 1309 4119 illsts
1332 4072 1377 4120 est
1401 4082 1460 4119 unn

360 4144 481 4202 collecte
494 4143 714 4221 colloquebatur
727 4163 794 4202 cum
808 4145 882 4203 Deo.
935 4163 1001 4203 cum
1024 4143 1149 4201 Pontico
1171 4141 1352 4200 adolescente
1374 4141 1460 4218 quin.

360 4222 482 4282 Attalus
515 4243 584 4282 vero
618 4244 684 4282 cum
723 4224 754 4281 in
792 4224 886 4282 ferrea
934 4222 1029 4282 decim
1044 4223 1159 4282 circiter
1172 4240 1264 4279 snnos
1277 4230 1355 4278 nuto.
1398 4220 1460 4291 Qui

311 4326 350 4381 30
360 4303 496 4362 cathedre
547 4303 705 4362 collocutus
755 4302 885 4380 undique
935 4303 1024 4361 etiam
1047 4301 1178 4379 quotidie
1196 4309 1282 4358 antea
1300 4299 1460 4359 introducti

359 4393 528 4448 torreretur,
560 4393 591 4442 et
624 4384 788 4441 ambustum
821 4401 885 4441 cor.
934 4383 1062 4452 fuerant,
1077 4392 1111 4439 ut
1124 4381 1302 4458 reliquorum
1314 4380 1460 4438 cruciatus

358 4481 415 4597 qus
442 4463 572 4522 nidorem
604 4462 806 4541 gravissimum
834 4483 883 4520 ex·
935 4463 1131 4521 intuerentur.
1163 4459 1329 4535 Adnctique
1349 4479 1402 4538 per
1420 4458 1459 4517 si·

379 4541 480 4611 oleret,
507 4542 614 4601 Latino
635 4561 767 4601 nemone
788 4562 828 4620 po
848 4562 883 4600 u·
933 4540 1062 4600 mulacrn
1080 4540 1242 4600 Gentilium
1263 4539 1371 4615 jurare,
1392 4557 1459 4598 cum

358 4620 420 4679 lum
439 4621 603 4681 allocutus:
630 4622 678 4679 En
701 4622 808 4700 inquit,
828 4561 885 4681 λος
934 4620 964 4678 in
1002 4621 1152 4700 proposito
1192 4629 1359 4678 constantes
1393 4637 1458 4697 per·

312 4728 327 4784 3
332 4699 476 4785 5demum
490 4713 535 4762 est
549 4702 680 4761 homines
694 4701 885 4780 vornrequod
934 4711 1094 4771 manerent,
1115 4700 1252 4777 Deosque
1274 4698 1392 4759 illorum
1413 4699 1457 4758 ni·

956 4820 1036 4868 ΒΗ
