3809 5650
498 680 549 742 IN
575 679 858 742 FRAGMENT.
884 680 1085 744 INCERTI
1111 682 1404 745 SCRIPTORIS.
1438 683 1502 744 423

398 855 565 911 enarratas
578 848 686 913 fuisse.
728 848 810 911 Tum
830 870 904 912 vero
922 870 944 912 a
964 849 1051 934 Syris
1071 849 1237 934 epistolam
1257 849 1373 913 Jacobi
1395 871 1502 934 recep-

398 956 467 1012 tam
489 970 568 1025 esse,
593 949 691 1012 refert
717 949 849 1013 Cosmus
869 949 1121 1035 Indicopleustes
1146 951 1195 1014 De
1222 950 1343 1013 inundo
1371 951 1426 1014 lib.
1448 952 1500 1014 vii.

397 1072 429 1134 p.
441 1070 513 1130 292.
526 1050 602 1113 edit.
615 1051 835 1114 Montiaucon.
851 1053 1024 1136 eademque
1035 1054 1170 1137 epistola
1181 1054 1212 1116 in
1224 1053 1366 1117 versione
1378 1075 1503 1138 semper

399 1151 509 1214 extitit
521 1150 662 1234 Syriaca,
678 1151 760 1213 siout
774 1150 839 1212 iere
854 1173 979 1234 semper
993 1173 1057 1214 una
1071 1150 1133 1214 alia
1148 1174 1186 1214 ex
1197 1159 1318 1233 septem
1330 1149 1503 1234 Scripturis

400 1251 653 1332 ἀντιλεγομέναις,
670 1251 804 1335 epistola
818 1252 859 1314 ad
877 1252 1042 1315 Hebraeos.
1089 1252 1152 1314 lll.
1176 1251 1321 1335 Denique
1337 1252 1376 1314 de
1398 1253 1503 1315 Tertia

399 1352 540 1436 Epium
556 1353 731 1416 &Ioannis
750 1352 817 1415 haec
836 1353 973 1426 addam;
998 1360 1246 1416 commentatum
1262 1352 1387 1437 quidem
1407 1353 1503 1416 inisse

400 1453 434 1515 in
448 1453 528 1515 duas
550 1452 672 1537 priores
694 1452 788 1535 hujus
809 1452 945 1536 apostoli
969 1453 1118 1538 epistolas
1140 1453 1273 1516 eundem
1293 1452 1501 1529 Clementem,

400 1553 433 1616 id
448 1561 589 1617 testante
604 1554 636 1617 in
651 1554 704 1617 lib.
720 1554 823 1638 primo
837 1554 946 1617 Dicis.
966 1555 1138 1618 lactionum
1158 1574 1286 1616 suarum
1302 1553 1503 1628 Oassiodom,

400 1667 469 1740 cap.
486 1656 517 1718 8.
542 1656 638 1720 immo
657 1678 732 1719 vero
754 1662 865 1719 extare
879 1655 995 1730 adhue,
1010 1676 1081 1740 quae
1104 1653 1329 1717 adscribuntur
1348 1645 1503 1718 Clementi

401 1755 495 1818 Alex.
518 1755 767 1820 Admudrutioms
788 1757 821 1819 in
843 1756 901 1820 has
923 1757 1003 1820 duas
1025 1755 1186 1840 epistolas,
1209 1777 1272 1817 nou
1294 1755 1326 1816 in
1351 1755 1503 1830 tertiam3

401 1857 457 1918 sed
472 1863 580 1920 tamen
595 1858 723 1920 tradere
739 1857 911 1920 Eusebium
923 1857 977 1920 lib.
988 1857 1028 1920 vi.
1045 1857 1132 1919 His.
1148 1875 1278 1940 cap.14.
1309 1854 1503 1920 Clementem

402 1956 435 2020 in
449 1958 538 2021 libris
551 1956 789 2022 ‘Tuomsdceau
803 1958 944 2022 omnium
963 1958 1127 2041 utriusque
1142 1955 1341 2022 Testamenti
1363 1956 1505 2040 Scriptu-

402 2079 510 2122 rarum
525 2060 779 2145 compendiosam
793 2059 968 2124 instituisse
983 2059 1227 2135 enarrationem,
1242 2059 1294 2121 Ns
1308 2057 1371 2120 illis
1384 2057 1504 2141 quidem

396 2161 609 2243 pretermisso
626 2162 795 2246 scripturis,
819 2161 980 2246 dequibus
998 2162 1079 2224 inter
1097 2159 1203 2223 stultos
1221 2157 1395 2243 umbipitur,
1410 2160 1506 2222 «ludeo

402 2261 536 2346 epistota,
551 2271 579 2325 et
597 2263 765 2338 Buruuboe,
781 2286 818 2327 ac
836 2265 961 2348 reliqu-is
980 2263 1132 2327 catholicis
1148 2262 1289 2347 epistolas.
1327 2261 1505 2346 Scripsernt

403 2385 479 2448 ergo
494 2364 647 2431 Clemens.
664 2365 690 2426 si
713 2372 880 2427 accuratus
894 2365 988 2428 testis
1008 2370 1058 2427 est
1080 2363 1247 2438 Eusebius,
1262 2364 1506 2427 commentarios

403 2465 436 2526 in
451 2464 580 2529 tertiam
597 2465 763 2548 epistolam
778 2467 801 2526 J
804 2465 925 2537 oannis,
938 2487 1030 2548 aeque
1041 2487 1079 2528 ae
1092 2463 1116 2526 J
1118 2465 1208 2528 aeobi
1224 2465 1400 2548 epistolam.
1443 2466 1505 2529 Ut

404 2589 526 2651 cunque
541 2589 591 2630 res
610 2568 719 2644 habet,
734 2567 792 2630 hoc
808 2577 894 2631 certe
909 2569 1118 2652 colligendum
1133 2575 1191 2641 est,
1208 2589 1246 2628 ex
1262 2589 1299 2630 eo
1318 2568 1401 2651 quod
1422 2568 1504 2631 idem

404 2669 551 2732 Clemens
563 2669 595 2731 in
607 2668 701 2732 libii.
717 2670 905 2731 Strcmutum
915 2692 982 2752 cap.
993 2690 1000 2730 ι
1007 2689 1037 2751 5.
1051 2648 1213 2732 adducens
1224 2667 1358 2751 primam
1369 2668 1392 2729 J
1395 2669 1505 2731 oannis

404 2770 580 2856 epistolam,
592 2792 687 2856 quam
702 2792 810 2834 omnes
821 2793 841 2834 a
853 2770 1020 2856 Polycarpi
1032 2777 1065 2834 et
1079 2771 1187 2855 Papia
1199 2792 1298 2852 usque
1309 2768 1506 2854 temporibus

404 2875 710 2958 receperant,tvrf1
732 2875 844 2951 μείζονι
866 2875 1010 2958 ἐπιστολῇ
1033 2874 1073 2936 de
1093 2895 1131 2936 ea
1155 2871 1279 2956 posuit;
1303 2872 1505 2935 tribuendam

404 2997 473 3038 essc
488 2975 602 3038 saltem
617 2975 786 3038 secundam
798 2973 964 3058 epistolam
976 2996 1015 3037 ex
1026 2973 1196 3038 Clementis
1212 2972 1371 3037 sententia
1385 2972 1409 3033 J
1411 2972 1505 3035 oanni

404 3076 561 3160 apostolo,
583 3099 645 3139 non
668 3078 862 3160 presbytero,
880 3075 929 3139 cui
953 3075 1080 3159 quidem
1101 3075 1193 3139 multi
1216 3074 1402 3159 antiquitus,
1423 3080 1508 3137 teste

406 3179 604 3262 Hieronymo
619 3202 644 3242 c.
656 3199 685 3262 9.
702 3181 750 3240 De
772 3178 856 3241 Viris
878 3178 931 3241 Ill.
956 3185 989 3240 et
1012 3177 1151 3240 Eusebio
1172 3177 1224 3240 lib.
1244 3176 1286 3239 iii.
1310 3176 1396 3238 Hist.
1413 3197 1440 3238 c.
1452 3194 1471 3258 3
1473 3193 1505 3258 5.

404 3281 485 3343 duas
500 3279 648 3365 epistolas
663 3280 853 3363 posteriores
867 3301 1008 3342 asserere
1023 3279 1185 3355 solebant3
1208 3279 1292 3342 haud
1311 3285 1419 3342 tamen
1434 3299 1507 3340 con-

405 3383 562 3445 sentiente
585 3381 782 3464 Hieronymo
802 3382 882 3464 ipso,
898 3380 963 3464 qui,
979 3388 1016 3444 ut
1036 3403 1075 3444 ex
1096 3382 1248 3465 Epistulas
1265 3382 1333 3465 ejus
1353 3380 1397 3443 ad
1417 3382 1507 3444 Pau*

405 3482 503 3545 licum
517 3505 546 3566 p.
559 3504 587 3567 9.
603 3482 652 3545 ed.
670 3482 807 3545 Froben.
823 3491 856 3545 et
870 3483 915 3545 od
922 3483 1097 3567 Eoupstum
1107 3506 1138 3567 p.
1151 3503 1226 3567 334.
1239 3489 1377 3558 constat,
1389 3490 1508 3545 utram-

406 3606 466 3667 que
493 3584 609 3647 Joauni
635 3583 780 3668 apostolo
805 3584 982 3669 adscripsit.
1029 3584 1160 3649 Interea
1186 3586 1314 3669 quinam
1339 3584 1509 3667 scriptores

405 3692 481 3748 ante
496 3683 645 3769 Cypriani
667 3692 813 3769 tempora
835 3685 1006 3750 secundam
1029 3686 1167 3769 amplexi
1190 3687 1309 3750 fuerint
1329 3684 1508 3768 epistolam,

406 3786 531 3849 ostendi
552 3788 595 3849 ad
618 3789 743 3850 Concu..
766 3788 927 3851 struxu.
943 3810 998 3850 vu.
1019 3809 1091 3871 pag.
1110 3790 1181 3850 166.
1200 3787 1259 3850 vol.
1270 3787 1312 3849 iii.
1336 3785 1509 3869 Reliquias.

407 3886 520 3969 quibus
546 3910 628 3951 nune
654 3889 771 3952 addam
795 3896 959 3952 auctorem
983 3896 1059 3951 ante
1085 3888 1239 3971 synodum
1266 3886 1428 3949 Nicaeuam
1456 3886 1509 3969 qui

406 3985 544 4068 scripsit,
567 3986 789 4051 Alexandrum
813 3986 907 4049 Alex.
930 3986 963 4048 in
983 3986 1125 4070 Epistola
1145 4008 1203 4049 sua
1221 3987 1307 4070 apud
1334 3986 1509 4061 Socratem,

405 4086 459 4150 lib.
475 4086 497 4149 i.
514 4088 599 4150 Hs'st.
616 4110 643 4151 c.
654 4090 683 4150 6.
724 4087 904 4151 Fatendum
925 4109 999 4151 vero
1019 4094 1079 4162 est,
1096 4088 1128 4149 in
1149 4087 1269 4149 nullum
1289 4108 1339 4150 me
1364 4087 1510 4150 incidisse

406 4187 593 4272 scriptorem
620 4187 896 4264 Ante-Nicaenum,
923 4189 1060 4252 sortasse
1085 4196 1217 4272 propter
1241 4189 1382 4272 epistolae
1409 4187 1510 4251 brevi·

406 4297 520 4367 tatem,
536 4292 589 4374 qui
611 4291 742 4355 tertiam
757 4292 924 4375 epistolam
944 4291 1125 4367 adduxerit,
1140 4290 1200 4354 nisi
1221 4288 1274 4376 qui
1294 4297 1367 4373 post
1390 4286 1510 4353 factam

406 4393 598 4456 mentionem
624 4392 701 4478 ejus,
728 4394 776 4456 vel
800 4393 979 4477 suiipsius,
1003 4393 1050 4456 vel
1075 4392 1209 4456 aliorum
1233 4393 1359 4468 saltem,
1385 4391 1510 4454 dubita·

406 4493 527 4557 tionem
542 4495 582 4557 de
596 4493 692 4578 hujus
705 4501 803 4578 atque
817 4496 963 4558 secundae
979 4494 1120 4578 epistolas
1135 4497 1307 4575 γνησιότηιι
1317 4493 1410 4557 simul
1421 4493 1510 4557 addi·

406 4596 502 4659 derit.
547 4596 610 4659 Sed
625 4596 693 4659 haec
708 4597 871 4659 hactenus.

453 4697 584 4763 Interea
598 4698 653 4780 qui
674 4698 723 4774 fit,
740 4698 824 4781 quod
846 4697 947 4781 magis
970 4698 1130 4774 miremur,
1145 4706 1182 4762 ut
1204 4697 1297 4761 sileat
1318 4695 1416 4782 hujus
1427 4695 1510 4781 frag-
1567 4773 1570 4780 Ι
