3809 5650
530 693 580 757 IN
604 691 855 757 MELITONIS
879 692 1176 757 FRAGMENTA.
1375 695 1438 763 149

330 863 511 931 attulerunt
534 862 687 940 haeretici,
713 860 957 946 Theopasehitae
985 861 1148 946 appellati,
1178 863 1338 948 egregium
1368 885 1440 928 eum

331 966 428 1030 inisse
443 965 610 1030 ambarum
625 970 812 1028 naturarum
830 963 863 1026 in
879 964 1007 1028 Christo
1023 963 1185 1040 vindicem,
1202 965 1281 1029 satis
1299 967 1440 1031 ostendit

332 1067 438 1132 Pani
451 1064 638 1150 Labyristki
656 1065 742 1151 apud
762 1065 935 1129 Eusebium
955 1065 1051 1142 locus,
1068 1087 1161 1150 quem
1176 1088 1261 1151 saepe
1282 1066 1377 1152 hujus
1395 1067 1441 1132 rei

332 1176 449 1234 testem
463 1167 569 1232 citavi.

375 1270 413 1334 P.
430 1288 500 1334 122.
525 1270 547 1333 l.
570 1288 616 1349 14
641 1268 700 1331 ὑπὸ
724 1271 819 1346 beflas
843 1268 1073 1354 Ἰσραηλίτιδος]
1099 1269 1244 1333 Obscuro
1267 1270 1337 1335 ioco
1363 1271 1443 1337 lucis

332 1372 541 1457 aliquantum,
572 1369 605 1432 ni
629 1369 731 1445 fallor,
765 1368 888 1433 dabunt
921 1370 1038 1433 veteris
1071 1371 1235 1454 cujusdam
1268 1373 1441 1437 Christiani

334 1475 429 1539 verba
453 1496 474 1538 a
495 1495 546 1537 me
565 1478 642 1535 ante
664 1471 764 1535 allata
788 1493 860 1556 pag.
873 1474 1028 1556 55.-καὶ,
1049 1474 1088 1538 ὡς
1109 1473 1168 1554 ἔφη
1188 1499 1231 1540 τις
1250 1481 1308 1537 τῶν
1328 1483 1439 1556 προβε-

333 1578 479 1655 βηκότων,
495 1578 544 1638 διὰ
558 1577 609 1651 τῆς
622 1573 705 1639 θείας
720 1570 868 1640 ἐκτάσεως
882 1580 941 1636 τῶν
956 1579 1064 1656 χειρῶν
1079 1574 1146 1640 τοὺς
1157 1577 1207 1637 δύο
1223 1573 1315 1641 Adon
1330 1578 1371 1643 εἰς
1388 1577 1442 1641 ἕνα

336 1676 418 1743 Θεὸν
432 1676 571 1758 συνάγων
587 1674 667 1756 (scil.
691 1677 708 1736 ὁ
730 1673 830 1755 Λόγος
852 1681 904 1738 τοῦ
927 1679 1035 1751 Θεοῦ).
1058 1678 1110 1739 δύο
1124 1679 1180 1754 μὲν
1201 1680 1259 1757 γὰρ
1280 1681 1311 1741 αἱ
1332 1685 1443 1764 χεῖρες,

334 1781 380 1842 ὅτι
396 1780 444 1842 καὶ
458 1779 509 1843 δύο
524 1777 594 1840 λαοὶ
614 1776 825 1855 διεσπαρμένοι
845 1778 886 1842 εἰς
900 1779 937 1839 τὰ
961 1776 1073 1857 περάτα
1094 1781 1144 1855 τῆς
1165 1782 1228 1859 γῆς·
1250 1783 1304 1857 μία
1318 1782 1350 1842 δὲ
1364 1781 1443 1860 μέση

335 1879 465 1960 κεφαλὴ,
481 1879 527 1941 ὅτι
542 1879 584 1943 εἷς
599 1879 616 1939 ὁ
633 1874 721 1948 Θεὸς,
738 1879 755 1938 ὁ
771 1877 820 1940 ἐπὶ
833 1875 953 1941 πάντων
970 1878 1024 1941 &c
1071 1876 1152 1941 Haec
1170 1878 1268 1942 habet
1288 1879 1443 1955 irenaeus,

334 1979 389 2044 lib.
404 2001 432 2044 v.
448 2002 476 2046 c.
493 1999 542 2061 17.
558 2001 579 2043 a
594 1978 724 2042 Seniore
745 1977 851 2062 aliquo
871 1986 1012 2062 accepta.
1058 1980 1207 2063 Itaqueri
1228 1978 1310 2058 δεξίο
1328 1981 1444 2066 allego-

335 2079 423 2144 ristis
440 2101 519 2164 gens
541 2085 613 2143 erat
635 2078 815 2141 Israelitica
837 2079 994 2142 referente
1018 2079 1191 2154 Melit0n03
1221 2081 1347 2146 Auctor
1368 2104 1444 2148 vero

339 2181 446 2266 Ομιιςῗι
459 2180 635 2271 Imperfecti
654 2180 688 2242 ιἰι
702 2180 884 2242 Medicum
904 2181 990 2264 apud
1010 2182 1111 2264 Opera
1129 2184 1166 2245 S.
1181 2182 1386 2267 otryastomi,
1402 2186 1444 2250 ad

337 2283 421 2346 Mat.
438 2282 479 2345 vi.
494 2302 525 2366 3.
541 2282 688 2345 dextram
704 2302 725 2343 a
740 2281 902 2344 Matthaec
917 2290 1125 2345 memnintam
1147 2285 1186 2346 da
1204 2285 1320 2368 populo
1336 2286 1445 2351 Chris·

338 2384 439 2461 tiano,
453 2383 565 2448 laevam
588 2383 628 2446 de
649 2381 774 2446 Judaeis
797 2382 1027 2467 interpretatus
1041 2392 1100 2448 est.
1143 2385 1269 2451 Scilicet
1292 2387 1444 2472 interpre·
1498 2450 1501 2455 ⁴

337 2484 477 2550 tationes
490 2506 580 2569 aeque
596 2483 786 2568 probabiles.

382 2586 466 2651 Ibid.
482 2586 502 2648 l,
521 2605 529 2648 ι
535 2602 566 2670 5.
586 2585 687 2648 Lianl
706 2585 859 2670 ixcnani]
884 2586 1160 2671 Fragmentorum‚
1174 2610 1244 2671 quae
1259 2597 1445 2673 sequuntur,

338 2688 475 2774 primum
489 2687 698 2772 ultimumque
719 2687 873 2764 auctiora,
890 2709 987 2771 quam
1008 2689 1154 2765 antehac,
1171 2711 1254 2752 nunc
1276 2691 1446 2774 prodeunt.

339 2788 440 2855 Primi
455 2787 538 2854 enim
560 2794 688 2853 tantum
710 2788 847 2873 pn‘orem
870 2796 996 2874 partem
1011 2811 1110 2873 usque
1125 2789 1167 2853 ad
1186 2790 1284 2854 verba
1302 2797 1447 2874 παρεῖχεν

340 2893 503 2973 ἀνθρώποις
521 2891 542 2954 l.
566 2910 594 2954 ν.
617 2914 648 2976 p.
668 2911 739 2971 117.
763 2891 907 2954 exhibuit
930 2891 1112 2954 Halloixius
1136 2913 1210 2975 pag.
1224 2892 1296 2976 835.
1320 2900 1397 2955 tom.
1413 2892 1446 2955 ii.

348 2994 408 3058 Vis.
424 2994 559 3056 Patrem
576 2993 724 3057 Oriental.
743 3014 783 3056 ex
799 2995 924 3057 Catena
944 2993 1081 3077 quadam
1100 2992 1133 3055 in
1149 2991 1296 3055 Genesin.
1344 2993 1449 3057 Verba

340 3100 508 3177 acceperet
522 3116 544 3157 a
559 3092 737 3171 Sirmond0‚
754 3094 807 3177 qui
822 3094 909 3157 misit
925 3094 954 3157 ei
969 3101 1003 3157 et
1018 3092 1071 3155 illa
1086 3093 1276 3176 fragmenta,
1293 3115 1363 3177 quae
1379 3093 1449 3158 Ιοοο

340 3195 478 3259 secundo
492 3208 526 3259 et
548 3194 645 3258 tertio
667 3194 871 3257 collocantur.
917 3195 981 3257 Sed
996 3200 1030 3256 ct
1047 3194 1159 3257 eadem
1178 3193 1247 3256 haec
1267 3215 1308 3256 ex
1323 3196 1449 3258 Catena

341 3296 374 3359 in
389 3297 529 3360 Genesin
544 3297 622 3361 cod.
640 3297 698 3359 182
700 3316 730 3380 5.
755 3296 863 3381 chiae
876 3296 1082 3359 Bibliothecae
1095 3294 1198 3358 Paris.
1212 3295 1279 3359 acl.
1294 3296 1451 3379 Lequinio

342 3396 502 3480 descripta
516 3396 549 3459 in
565 3395 677 3460 Grabii
695 3396 819 3459 schedis
835 3396 967 3460 MSStis
988 3395 1102 3471 inveni,
1120 3418 1190 3480 quae
1206 3396 1238 3459 in
1258 3397 1450 3462 bibliotheca

342 3496 517 3560 Bodleiana
542 3504 769 3560 conservantur
781 3521 790 3571 ;
815 3497 952 3581 primum
979 3519 1053 3560 vero
1074 3498 1286 3583 fragmentum
1312 3498 1382 3583 plus
1404 3497 1451 3560 di·

343 3596 440 3661 midio
455 3619 551 3681 quam
566 3596 823 3661 Sirmondianum
842 3604 891 3661 est
911 3598 1045 3661 auctius.
1092 3599 1217 3662 Eadem
1235 3621 1370 3683 quoquc,
1386 3620 1450 3662 non

343 3705 451 3762 autem
470 3697 614 3762 similiter
633 3705 737 3775 aucta,
754 3721 817 3761 una
832 3719 903 3762 cum
924 3699 988 3762 alia
1008 3707 1165 3782 praeterea
1186 3699 1272 3780 ῥήσει
1287 3707 1402 3783 quarto
1416 3705 1451 3762 et

344 3797 453 3862 ultimo
467 3798 537 3862 loco
551 3800 665 3883 posita,
681 3798 714 3862 in
729 3799 889 3862 codicibus
900 3797 1058 3862 nonnullis
1072 3799 1271 3864 bibliothecae
1285 3799 1452 3863 Vaticanae

344 3906 479 3975 extant;
503 3921 574 3983 quae
589 3899 717 3983 quidem
732 3899 764 3962 in
782 3921 885 3962 meam
904 3899 1041 3983 gratiam
1056 3906 1092 3962 ut
1112 3899 1375 3975 describerentur,
1390 3897 1449 3959 ini·

345 4000 484 4083 petravit
510 4000 649 4063 Thomas
671 3999 869 4080 Burgessius‚
893 4000 941 4062 vii·
962 3997 1060 4061 etiam
1083 4000 1169 4082 apud
1191 4006 1318 4061 exteras
1339 4005 1454 4082 gentes

346 4099 532 4162 eruditionis
553 4099 647 4163 laude
671 4099 811 4183 insignis,
828 4121 911 4162 nunc
926 4098 1091 4182 episcopus
1115 4097 1316 4161 Menevensis
1330 4095 1449 4180 dignis-

346 4198 453 4264 simus.
498 4201 629 4280 Quartae
649 4207 759 4264 autem
780 4200 894 4281 ῥήσεως
909 4199 1080 4271 initiunt
1102 4201 1195 4278 Σύρος
1211 4200 1258 4261 καὶ
1277 4197 1454 4277 ὁῈβροῖος

346 4299 528 4380 ερεμάμενός
543 4310 646 4381 φησιν·
671 4303 710 4368 ὡς
725 4302 915 4381 σαφέστερον
930 4305 1041 4363 τυποῦν
1055 4299 1108 4363 τὸν
1122 4298 1252 4379 σταυρὸν
1267 4299 1300 4361 in
1310 4300 1452 4363 Roaiam

346 4400 417 4464 ode.
433 4406 492 4463 τῶν
506 4400 542 4463 o‘.
565 4402 607 4465 ad
632 4403 762 4465 Genesin
776 4423 844 4485 cap.
862 4400 937 4463 xxii.
961 4400 1101 4464 affertur.
1147 4400 1250 4463 Immo
1273 4422 1346 4463 vero
1368 4401 1452 4485 frag-

347 4507 457 4565 menta
476 4501 592 4578 omnia,
607 4503 664 4565 sed
682 4502 786 4565 minus
806 4502 914 4585 ampla
929 4523 987 4585 pro
1007 4524 1045 4565 eo
1060 4500 1145 4586 quod
1160 4500 1223 4563 ista
1242 4500 1274 4562 in
1290 4501 1453 4565 codicibus

346 4601 505 4665 nonnullis
528 4603 696 4680 habentur,
721 4602 851 4666 exhibet
881 4603 995 4666 Oateaa
1021 4604 1054 4665 ιἰι
1082 4600 1289 4666 octateuchum
1313 4625 1334 4666 a
1358 4602 1452 4667 Nice·
