3809 5650
678 712 726 776 IN
751 710 1066 777 APOLLONIUM.
1367 711 1430 778 479

326 898 389 957 qua
404 881 545 962 pccunioe
561 881 693 964 publicae
714 880 980 955 recondebantur,
995 887 1032 943 ut
1047 902 1087 942 ex
1107 880 1322 943 Demosthene
1338 880 1431 941 docet

328 977 575 1062 Harpocration.
622 981 684 1043 Sed
707 988 741 1042 ct
763 980 795 1043 in
817 979 963 1043 omnibus
985 981 1112 1064 templis
1132 987 1203 1045 erat
1225 982 1432 1056 ὀπισθόδομος.

329 1077 435 1141 Varro
451 1081 482 1143 in
497 1081 551 1143 lib.
563 1080 603 1143 iv.
619 1080 659 1143 de
679 1080 787 1163 lingua
804 1079 929 1143 Latina.
962 1081 1037 1143 Ideo
1057 1082 1090 1143 ιἰι
1114 1081 1232 1144 cedibus
1250 1081 1346 1143 meria
1365 1089 1434 1141 octe

326 1178 442 1254 cellam,
465 1179 518 1242 ubi
538 1180 619 1242 scales
640 1181 701 1242 Dei
726 1190 777 1256 eet,
804 1181 907 1243 Groeei
929 1180 1037 1243 dicant
1060 1179 1226 1261 πρόδομοιιε
1258 1180 1338 1264 quod
1353 1187 1433 1262 port,

328 1278 538 1357 ὀπισθόδομον.
585 1279 707 1341 Eadem
723 1279 821 1343 habet
838 1281 953 1343 Pollux
968 1281 1001 1342 in
1016 1280 1069 1343 lib.
1085 1280 1111 1340 Ι.
1144 1280 1209 1343 Hic
1224 1302 1298 1342 vcro
1312 1276 1434 1341 ὀπισθό-

327 1383 416 1455 δομος
433 1402 491 1461 pre
512 1380 671 1441 tabulario
691 1380 837 1456 sumitur,
854 1404 909 1444 seu
931 1402 989 1464 pro
1004 1381 1074 1443 loeo
1095 1381 1127 1442 in
1143 1402 1205 1462 quo
1221 1381 1339 1443 tabula
1357 1379 1435 1462 pub-

327 1478 395 1542 licae
417 1481 683 1553 asservabantur;
708 1502 771 1542 non
794 1503 852 1564 pro
873 1482 997 1555 aeraria,
1014 1488 1050 1543 ut
1070 1479 1206 1543 sumitur
1225 1480 1311 1563 apud
1331 1479 1436 1541 Athe-

328 1578 460 1642 nienses.
507 1580 594 1641 lnlrn
617 1578 757 1658 δημόσιον
779 1583 902 1661 ἀρχεῖον
925 1589 1018 1643 vocat
1041 1580 1238 1662 Apollonius.
1272 1579 1433 1641 Vsnrsrus.

330 1678 448 1740 Itidem
468 1680 499 1741 in
520 1680 653 1762 epistola
676 1680 717 1742 ad
744 1679 824 1762 Imp.
846 1680 995 1742 Marcum
1016 1680 1150 1754 Fronto,
1175 1681 1262 1763 eujus
1280 1680 1435 1762 Reliquae

329 1786 439 1840 nestra
461 1780 587 1841 denium
609 1787 707 1842 aetate
729 1801 789 1862 ope
813 1780 870 1842 ecl.
893 1780 975 1842 Maii
1001 1780 1199 1862 prodierunt,
1219 1781 1287 1843 haec
1312 1781 1434 1854 scribit,

329 1879 401 1940 elim
421 1889 593 1942 testamenta
615 1903 651 1942 ec·
676 1880 799 1942 (ἶιτοιιιιιι
820 1881 1033 1942 occultissimis
1056 1879 1172 1942 adibus
1188 1879 1434 1963 proferebantur,

333 1986 391 2041 aut
400 1979 566 2042 tabulariis
577 1989 634 2043 aut
645 1980 766 2065 [lu]cis‚
778 1980 850 2061 (lor.
861 1980 977 2060 thecis)
988 1989 1046 2043 aut
1056 1980 1183 2055 archiis,
1191 1986 1260 2062 (seu
1272 1980 1433 2059 archivis)

335 2084 392 2140 ant
416 2078 654 2161 opisthodornis.
675 2080 751 2142 edit.
775 2080 929 2142 Niebuhr.
956 2102 987 2162 p.
1012 2097 1063 2163 73.
1110 2079 1216 2142 Abest
1239 2078 1392 2142 articulus
1415 2101 1436 2142 a

335 2181 409 2241 MS.
425 2180 564 2262 ll‘orfelc.
581 2181 792 2264 scribiturque
812 2181 844 2243 in
863 2181 923 2243 ced.
941 2181 1039 2243 coelice
1058 2179 1143 2260 λέγει
1157 2201 1215 2263 pro
1231 2181 1304 2261 ἔχει.
1346 2178 1436 2262 Ἔχει

333 2288 441 2342 autem
463 2283 594 2363 Rectene
617 2282 748 2356 invenit,
774 2282 827 2365 qui
853 2281 1026 2357 ventitant
1045 2289 1115 2343 arto
1136 2281 1200 2343 laec
1212 2280 1340 2364 publicu
1361 2303 1437 2344 con-

240 2451 253 2469 .
333 2381 448 2458 tinent,
468 2383 528 2444 etsi
551 2383 652 2464 magis
674 2384 715 2444 ad
738 2383 864 2444 literam
890 2382 1051 2444 redditum
1075 2390 1169 2457 esset,
1192 2382 1244 2445 aad
1266 2391 1336 2445 acta
1355 2381 1436 2466 pub·

332 2480 392 2541 lica
402 2480 582 2563 posticulum
600 2482 751 2544 continet.
769 2481 840 2543 ἀλλ’
856 2484 872 2542 ὁ
888 2484 990 2543 ὀτισθ.
1006 2482 1135 2563 Niccpl.

376 2580 413 2641 P.
424 2586 497 2659 469.
514 2579 534 2640 l.
553 2600 599 2641 11.
621 2582 637 2642 ὁ
660 2580 897 2662 προφήτης-τῷ
917 2579 1067 2660 προφήτῃ]
1087 2581 1251 2644 Strothius
1272 2581 1399 2663 quidem
1419 2583 1437 2660 ἡ

332 2684 476 2759 προφῆτις
485 2687 518 2742 ct
530 2683 565 2764 τῇ
575 2679 676 2758 τροφή
680 2686 732 2742 τιδι
744 2678 970 2762 exNiceplero‚
982 2680 1103 2760 Recine,
1116 2679 1438 2763 Clrrlrtopltorseaoquc

332 2781 470 2864 recepit;
495 2781 580 2864 qued
595 2780 644 2844 bis
659 2802 783 2865 quoque
798 2780 873 2844 feeit
888 2780 982 2855 iufra,
997 2780 1102 2843 neutri
1117 2780 1243 2843 lectioni
1258 2781 1301 2844 ibi
1312 2781 1439 2846 favente

331 2883 452 2963 Rufino,
479 2890 584 2945 totum
607 2890 714 2946 autem
742 2883 843 2945 locum
872 2881 1042 2945 omittente
1067 2882 1250 2965 Niceplrero.
1290 2885 1339 2945 At
1363 2904 1438 2945 vero

333 3005 394 3044 non
417 2991 544 3046 tantum
566 2982 691 3046 Ειιςοόίὶ
706 2983 818 3046 cortices
837 2982 870 3043 in
890 2988 942 3045 tot
960 2980 1036 3043 loeis
1056 2982 1242 3058 reclamant,
1258 2983 1313 3045 sed
1340 2983 1438 3047 etiam

332 3083 536 3166 Hieronymus
559 3084 811 3166 Nicephorusque
834 3082 906 3144 leet.
931 3081 1066 3144 alteram
1089 3082 1185 3164 paulo
1210 3091 1283 3164 post
1307 3090 1439 3145 tuentur

332 3205 362 3264 p.
378 3200 452 3265 471.
469 3184 522 3246 ubi
543 3184 666 3246 duobus
688 3182 720 3244 in
743 3182 819 3245 locis
840 3181 975 3243 Rufinus
995 3180 1122 3263 quidem
1135 3182 1356 3264 prophetissam
1381 3205 1439 3266 pro

328 3284 478 3368 propheta
502 3284 618 3368 posuit.
663 3283 727 3345 Res
753 3282 851 3366 igitur
879 3281 926 3344 ita
955 3302 990 3343 sc
1015 3280 1132 3343 habere
1161 3290 1280 3365 potest,
1310 3288 1347 3345 ut
1377 3282 1438 3366 sig-

335 3393 430 3448 natus
452 3384 495 3448 sit
521 3383 799 3468 pseudopropheta
822 3382 1008 3443 Montanus.
1074 3384 1156 3444 Haec
1182 3381 1255 3444 olim
1278 3382 1439 3447 adnotavi.

336 3485 380 3548 Et
396 3487 539 3569 quamvis
558 3507 641 3547 nunc
661 3484 755 3548 aliter
774 3482 875 3546 visum
894 3482 991 3545 fucrit
1006 3483 1045 3545 de
1066 3482 1126 3546 hae
1146 3483 1281 3548 lectione
1296 3492 1439 3548 statuere

335 3587 591 3649 Zimmermanno
620 3592 654 3648 et
685 3583 896 3658 Heiniehene,
927 3583 981 3666 qui
1011 3583 1191 3647 Strothium
1223 3584 1323 3649 secuti
1353 3595 1440 3660 sunt,

336 3686 477 3751 Burtono
492 3695 600 3751 tamen
615 3694 740 3750 mutare
755 3685 920 3749 lectionem
936 3684 1021 3747 haud
1035 3682 1165 3767 placuit.

381 3789 462 3852 lbid.
482 3789 502 3852 l.
517 3807 565 3868 17.
582 3790 650 3869 παρ’
666 3788 777 3871 αὐτοῖς]
793 3785 860 3867 παρ’
882 3787 971 3849 αὐτοῦ
991 3785 1038 3847 ed.
1055 3785 1155 3867 Stat.
1169 3784 1301 3846 Srnern.
1332 3784 1441 3848 Aliter

335 3890 426 3953 codd.
442 3912 559 3954 omnes.
607 3889 720 3953 Posuit
735 3889 833 3952 αὐτοῖς
848 3908 888 3949 ex
903 3886 1000 3949 MSto
1014 3906 1072 3947 sue
1088 3883 1229 3967 Scaliger
1247 3883 1279 3946 in
1294 3905 1394 3968 marg.

382 3993 418 4053 P.
431 4008 504 4073 470.
521 3992 541 4054 l.
556 4010 583 4054 2.
607 3991 765 4068 στήτωσαν
787 3988 935 4071 ἐντούτῳ]
955 3985 1038 4049 Cum
1059 3984 1173 4049 MSStl
1194 4006 1302 4047 omnes
1322 3993 1440 4069 praeter

336 4092 420 4154 codd.
443 4094 516 4176 lep.
540 4099 573 4155 et
599 4093 695 4154 Vener.
719 4088 890 4152 exhibeant
912 4087 998 4150 istud
1018 4109 1077 4171 pre
1103 4087 1248 4170 ἐντούτῳ
1271 4086 1438 4165 οτήτωοον,

336 4193 450 4276 recipit
469 4193 553 4255 idcm
572 4192 605 4253 in
626 4198 751 4254 textum
775 4197 865 4251 suum
886 4188 1060 4263 Burtonus,
1086 4208 1179 4269 quem
1206 4208 1288 4249 nune
1313 4197 1440 4252 secutus

338 4316 416 4356 sum.
463 4294 581 4357 Itidem
602 4291 694 4375 paule
715 4297 789 4374 pest
808 4311 879 4352 eum
895 4289 1039 4352 Burtene
1057 4290 1149 4366 ξύλον
1168 4309 1227 4371 pro
1247 4288 1369 4368 δένδρον
1393 4310 1440 4352 re-

339 4395 441 4478 posui,
456 4394 540 4477 quod
556 4393 644 4456 codar
658 4398 785 4455 tantum
800 4390 912 4475 nepte
926 4397 961 4453 et
975 4390 1164 4453 Parisiorum
1172 4389 1264 4473 prior
1275 4396 1439 4472 praestant.

339 4495 378 4557 In
395 4505 529 4579 utraque
545 4517 579 4558 rc
594 4495 739 4557 Burtono
753 4492 912 4556 censentit
926 4493 1017 4555 coclea
1028 4490 1218 4566 medeae,
1232 4496 1315 4553 teste
1328 4491 1440 4554 Heini-

337 4597 438 4659 cheno
453 4596 485 4659 in
500 4596 711 4680 Supplemeuto
726 4596 891 4657 Natorum.

385 4698 466 4760 lbid.
483 4698 503 4760 l.
513 4717 544 4780 3.
557 4698 798 4778 διορισάοθωσαν
807 4695 856 4757 ἐπὶ
871 4692 994 4776 τούτοις]
1011 4692 1176 4756 Musoulus
1190 4690 1296 4770 vertit,
1312 4703 1340 4757 et
1354 4716 1443 4778 super
