3809 5650
402 704 495 775 xviii
774 700 1073 776 PRAEFATIO.

412 900 668 994 Testamenti,
708 903 884 1007 arentique
927 930 979 980 ar
1026 902 1095 979 illu
1137 901 1225 1007 msa
1266 901 1450 980 doctrina

401 1033 582 1115 catholici
594 1048 749 1143 piures,
764 1048 802 1114 et
822 1048 971 1115 veteres
989 1031 1163 1141 episcopi
1188 1031 1450 1139 colmgerinff.

403 1168 510 1248 Nam
529 1182 646 1249 cavet
665 1166 834 1248 ecelesia
853 1197 877 1248 a
898 1167 1174 1260 novatoribus
1187 1167 1258 1275 qui
1276 1195 1326 1246 ex
1341 1166 1451 1247 salu-

401 1302 589 1382 berrimis
621 1300 818 1380 hauriant
848 1328 1016 1394 venena,
1045 1313 1088 1380 et
1116 1328 1166 1379 ex
1200 1300 1277 1407 piis
1312 1301 1450 1407 impia,

401 1436 527 1514 imnro
548 1436 579 1514 si
601 1436 708 1516 forte
730 1464 753 1515 e
778 1437 910 1515 Sacrae
936 1433 1162 1540 Scripturas
1184 1434 1298 1512 fonte
1319 1433 1445 1513 Mon·

402 1571 488 1650 tani
522 1588 649 1676 atque
681 1569 988 1649 Mohammedis
1021 1568 1445 1676 pseudo-prophetias.

402 1703 486 1782 Eos
506 1715 644 1782 autern
667 1703 925 1809 potissimum
954 1703 1006 1780 ad
1026 1701 1223 1809 opuscula
1248 1729 1339 1781 mea
1359 1730 1450 1809 per-

400 1835 575 1943 legenda
610 1863 720 1928 voce,
755 1836 825 1940 qui
861 1863 1022 1914 mecum
1064 1837 1257 1929 sentiant,
1294 1836 1336 1914 in
1373 1864 1449 1914 nu-

400 1997 559 2049 merum
582 1968 750 2047 maximi
771 1969 973 2048 momenti
994 1970 1236 2075 dogmatum
1258 1996 1329 2047 seu
1347 1968 1449 2047 veri-

400 2116 534 2182 tatum
561 2104 861 2210 praecipuarum
890 2103 942 2181 ad
972 2119 1111 2183 saneta
1141 2103 1290 2208 pieque
1311 2103 1450 2182 viven-

399 2238 500 2317 dum
516 2236 753 2331 efficacium,
769 2247 813 2315 et
831 2237 884 2316 ad
905 2235 1080 2315 salutern
1103 2250 1298 2315 aeternam
1321 2236 1448 2342 perti-

399 2369 603 2463 nentium,
631 2371 766 2476 (eujus
795 2369 965 2476 quidem
996 2370 1157 2476 generis
1186 2369 1319 2476 capita
1349 2369 1448 2448 fidei

399 2501 501 2609 quin
523 2503 715 2597 existant,
736 2502 824 2582 fieri
848 2531 928 2582 non
952 2514 1116 2609 potest)
1139 2501 1255 2582 nulla
1277 2501 1449 2581 omnino

399 2634 551 2742 placita
585 2636 800 2715 referenda
829 2663 927 2730 esse,
957 2636 1035 2715 nisi
1066 2663 1160 2741 quae
1192 2663 1286 2714 eum
1318 2663 1368 2713 ex
1403 2634 1446 2711 S.

399 2768 610 2876 Scriptura
648 2768 823 2877 probari,
858 2784 948 2849 tum
984 2798 1034 2850 ex
1073 2768 1257 2875 antiquae
1296 2768 1446 2851 seholae

399 2903 553 2984 Christi
576 2903 852 2998 monimentis
874 2905 1049 2984 testibus
1068 2904 1237 3010 quidem
1259 2932 1341 2984 non
1368 2905 1448 2984 ori-

398 3038 565 3145 ginibus
578 3039 642 3119 vel
658 3040 896 3119 auctoribus
909 3038 1103 3132 veritatis,
1112 3038 1264 3117 firmari
1279 3052 1446 3145 queant.

399 3174 581 3268 Etenim,
600 3186 651 3252 ut
670 3174 825 3281 optime
845 3175 904 3252 ait
922 3173 948 3250 J
951 3199 1104 3252 oannes
1122 3169 1294 3266 BalaeuS,
1317 3172 1446 3254 Haud

398 3318 544 3386 temne
562 3307 644 3385 ulla
665 3303 846 3385 doctrina
873 3307 1120 3386 admittenda
1140 3319 1209 3400 est,
1229 3307 1346 3412 crey'rts
1365 3321 1444 3388 tes·

398 3437 609 3518 tinronium
629 3468 707 3519 reon
737 3454 842 3520 estet
870 3442 913 3519 in
939 3437 1090 3548 prirnoe
1119 3439 1291 3521 encletice
1318 3443 1446 3522 docto-

399 3568 546 3652 ribasd.
605 3573 739 3666 Certe,
773 3586 979 3679 quantum
1014 3575 1207 3682 equidem
1245 3573 1445 3680 intelligo,

398 3703 504 3784 nihil
524 3706 699 3787 existere
729 3708 781 3788 de
810 3708 987 3788 essentia
1017 3708 1114 3787 fidei
1136 3710 1312 3802 videtur,
1330 3710 1445 3816 quod

397 3842 525 3921 saneti
548 3845 722 3948 majores
744 3845 870 3923 nostri
893 3857 1019 3949 atque
1036 3855 1099 3922 tot
1120 3844 1228 3923 beati
1246 3855 1445 3950 martyres

440 4028 562 4093 cLibro
579 4033 739 4095 Caranum
753 4034 827 4095 anni
846 4035 937 4098 1571.
974 4034 1077 4096 Artis.
1095 4035 1134 4096 de
1148 4034 1443 4099 Coneionat-oribus.

440 4132 454 4170 ‘¹
469 4133 617 4216 Epistola
627 4136 801 4197 sirinano
812 4157 869 4198 suo
879 4135 1058 4198 Britannice
1068 4138 1258 4219 Smamtmmn
1269 4137 1444 4219 praemissa.

399 4235 447 4297 Et
467 4234 540 4299 huie
557 4239 645 4321 quasi
670 4237 835 4322 negatoris
858 4237 1008 4320 suffragio
1030 4235 1245 4319 adstipulatus
1266 4259 1335 4300 esse
1359 4236 1446 4320 ipsos

398 4337 685 4416 qnoqueliallaeum
695 4338 943 4412 ethritbeiunr,
954 4338 1093 4401 ostendit
1102 4338 1303 4402 doctissimus
1316 4338 1359 4396 W
1361 4346 1445 4400 ater-

397 4433 509 4496 landus
520 4436 550 4497 in
563 4436 643 4500 libro
655 4439 823 4501 vernacula
835 4439 941 4522 lingua
951 4439 1071 4522 scripto
1081 4439 1128 4501 De
1139 4439 1282 4541 Mnmmo
1293 4440 1445 4501 Montano

398 4536 557 4617 mametis
570 4540 626 4601 SS.
648 4540 732 4601 Tria.
750 4562 817 4621 cap.
830 4541 880 4602 vii.
897 4563 925 4622 p.
936 4543 1119 4607 aaa-390.
