<?xml version="1.0" encoding="UTF-8"?>
<!DOCTYPE html PUBLIC "-//W3C//DTD XHTML 1.0 Transitional//EN"
    "http://www.w3.org/TR/xhtml1/DTD/xhtml1-transitional.dtd">
<html xmlns="http://www.w3.org/1999/xhtml" xml:lang="en" lang="en">
 <head>
  <title>
</title>
<meta http-equiv="Content-Type" content="text/html;charset=utf-8" />
  <meta name='ocr-system' content='tesseract 3.04.00' />
  <meta name='ocr-capabilities' content='ocr_page ocr_carea ocr_par ocr_line ocrx_word'/>
</head>
<body>
  <div class='ocr_page' id='page_1' title='image "./reliquiaesacrae07routgoog_0437.png"; bbox 0 0 3809 5650; ppageno 0'>
   <div class='ocr_carea' id='block_1_1' title="bbox 394 679 1124 745">
    <p class='ocr_par' dir='ltr' id='par_1_1' title="bbox 394 679 1124 745">
     <span class='ocr_line' id='line_1_1' title="bbox 394 679 1124 745; baseline 0 -2"><span class='ocrx_word' id='word_1_1' title='bbox 394 682 460 744; x_wconf 75' lang='lat'>354</span> <span class='ocrx_word' id='word_1_2' title='bbox 770 679 1124 745; x_wconf 80' lang='lat' dir='ltr'>ANNOTA&#39;I&#39;IONES</span> 
     </span>
    </p>
   </div>
   <div class='ocr_carea' id='block_1_2' title="bbox 395 849 1505 3164">
    <p class='ocr_par' dir='ltr' id='par_1_2' title="bbox 395 849 1505 3164">
     <span class='ocr_line' id='line_1_2' title="bbox 439 849 1502 935; baseline 0.001 -22"><span class='ocrx_word' id='word_1_3' title='bbox 439 851 476 913; x_wconf 91' lang='lat' dir='ltr'>P.</span> <span class='ocrx_word' id='word_1_4' title='bbox 493 869 568 935; x_wconf 77' lang='grc' dir='ltr'>313.Ι</span> <span class='ocrx_word' id='word_1_5' title='bbox 589 849 610 912; x_wconf 94' lang='lat' dir='ltr'>l.</span> <span class='ocrx_word' id='word_1_6' title='bbox 626 870 658 934; x_wconf 84' lang='lat'>3.</span> <span class='ocrx_word' id='word_1_7' title='bbox 681 850 747 916; x_wconf 74' lang='grc' dir='ltr'>τοὺς</span> <span class='ocrx_word' id='word_1_8' title='bbox 768 852 824 928; x_wconf 79' lang='grc' dir='ltr'>μὲν</span> <span class='ocrx_word' id='word_1_9' title='bbox 847 851 1157 934; x_wconf 79' lang='grc' dir='ltr'>ἆτοτυμπανισθῆναι]</span> <span class='ocrx_word' id='word_1_10' title='bbox 1183 851 1281 914; x_wconf 79' lang='lat' dir='ltr'>Hane</span> <span class='ocrx_word' id='word_1_11' title='bbox 1301 872 1410 914; x_wconf 82' lang='lat' dir='ltr'>vocem</span> <span class='ocrx_word' id='word_1_12' title='bbox 1436 872 1502 921; x_wconf 88' lang='lat' dir='ltr'>non</span> 
     </span>
     <span class='ocr_line' id='line_1_3' title="bbox 395 951 1503 1036; baseline 0.001 -21"><span class='ocrx_word' id='word_1_13' title='bbox 395 952 551 1016; x_wconf 79' lang='lat' dir='ltr'>intellexit</span> <span class='ocrx_word' id='word_1_14' title='bbox 566 951 880 1035; x_wconf 85' lang='lat' dir='ltr'>Ohristophorsonus‚</span> <span class='ocrx_word' id='word_1_15' title='bbox 897 951 950 1035; x_wconf 91' lang='lat' dir='ltr'>qui</span> <span class='ocrx_word' id='word_1_16' title='bbox 966 953 1119 1036; x_wconf 76' lang='lat' dir='ltr'>tympanis</span> <span class='ocrx_word' id='word_1_17' title='bbox 1133 952 1265 1035; x_wconf 77' lang='lat' dir='ltr'>torqueri</span> <span class='ocrx_word' id='word_1_18' title='bbox 1279 952 1385 1015; x_wconf 85' lang='lat' dir='ltr'>vertit.</span> <span class='ocrx_word' id='word_1_19' title='bbox 1416 953 1503 1032; x_wconf 79' lang='lat' dir='ltr'>Quid</span> 
     </span>
     <span class='ocr_line' id='line_1_4' title="bbox 395 1052 1504 1137; baseline 0.002 -23"><span class='ocrx_word' id='word_1_20' title='bbox 395 1052 455 1116; x_wconf 92' lang='lat' dir='ltr'>hoc</span> <span class='ocrx_word' id='word_1_21' title='bbox 485 1053 615 1116; x_wconf 85' lang='lat' dir='ltr'>verbum</span> <span class='ocrx_word' id='word_1_22' title='bbox 644 1052 810 1136; x_wconf 81' lang='lat' dir='ltr'>significet,</span> <span class='ocrx_word' id='word_1_23' title='bbox 843 1052 1035 1137; x_wconf 90' lang='lat' dir='ltr'>jampridem</span> <span class='ocrx_word' id='word_1_24' title='bbox 1066 1052 1174 1116; x_wconf 89' lang='lat' dir='ltr'>docuit</span> <span class='ocrx_word' id='word_1_25' title='bbox 1205 1054 1264 1115; x_wconf 88' lang='lat' dir='ltr'>Ivo</span> <span class='ocrx_word' id='word_1_26' title='bbox 1293 1052 1504 1116; x_wconf 84' lang='lat' dir='ltr'>Villiomams</span> 
     </span>
     <span class='ocr_line' id='line_1_5' title="bbox 396 1153 1503 1239; baseline 0.001 -23"><span class='ocrx_word' id='word_1_27' title='bbox 396 1154 434 1233; x_wconf 91' lang='lat' dir='ltr'>(J</span> <span class='ocrx_word' id='word_1_28' title='bbox 436 1154 571 1238; x_wconf 87' lang='lat' dir='ltr'>osephus</span> <span class='ocrx_word' id='word_1_29' title='bbox 587 1154 741 1239; x_wconf 79' lang='lat' dir='ltr'><strong>Scaliger)</strong></span> <span class='ocrx_word' id='word_1_30' title='bbox 760 1155 792 1217; x_wconf 93' lang='lat' dir='ltr'>in</span> <span class='ocrx_word' id='word_1_31' title='bbox 808 1154 895 1218; x_wconf 90' lang='lat' dir='ltr'>libris</span> <span class='ocrx_word' id='word_1_32' title='bbox 910 1155 1061 1217; x_wconf 87' lang='lat' dir='ltr'>adversus</span> <span class='ocrx_word' id='word_1_33' title='bbox 1072 1154 1249 1217; x_wconf 86' lang='lat' dir='ltr'>Robertum</span> <span class='ocrx_word' id='word_1_34' title='bbox 1261 1153 1390 1217; x_wconf 84' lang='lat' dir='ltr'>Titium.</span> <span class='ocrx_word' id='word_1_35' title='bbox 1419 1154 1503 1217; x_wconf 85' lang='lat' dir='ltr'>Haec</span> 
     </span>
     <span class='ocr_line' id='line_1_6' title="bbox 397 1255 1503 1340; baseline 0.002 -23"><span class='ocrx_word' id='word_1_36' title='bbox 397 1255 560 1319; x_wconf 69' lang='lat' dir='ltr'>Vsummu.</span> <span class='ocrx_word' id='word_1_37' title='bbox 605 1256 667 1336; x_wconf 78' lang='lat' dir='ltr'>Qui</span> <span class='ocrx_word' id='word_1_38' title='bbox 682 1257 749 1340; x_wconf 87' lang='lat' dir='ltr'>ipse</span> <span class='ocrx_word' id='word_1_39' title='bbox 764 1276 889 1339; x_wconf 91' lang='lat' dir='ltr'>quoque</span> <span class='ocrx_word' id='word_1_40' title='bbox 903 1255 1010 1331; x_wconf 86' lang='lat' dir='ltr'>vertit,</span> <span class='ocrx_word' id='word_1_41' title='bbox 1026 1265 1059 1318; x_wconf 80' lang='lat' dir='ltr'>ut</span> <span class='ocrx_word' id='word_1_42' title='bbox 1079 1256 1243 1337; x_wconf 71' lang='lat' dir='ltr'>confitentes</span> <span class='ocrx_word' id='word_1_43' title='bbox 1257 1255 1378 1339; x_wconf 81' lang='lat' dir='ltr'>quidem</span> <span class='ocrx_word' id='word_1_44' title='bbox 1396 1256 1503 1340; x_wconf 67' lang='lat' dir='ltr'>plodio</span> 
     </span>
     <span class='ocr_line' id='line_1_7' title="bbox 396 1356 1503 1440; baseline -0.001 -18"><span class='ocrx_word' id='word_1_45' title='bbox 396 1358 591 1422; x_wconf 71' lang='lat' dir='ltr'>crederemur.</span> <span class='ocrx_word' id='word_1_46' title='bbox 637 1357 701 1420; x_wconf 91' lang='lat' dir='ltr'>Sed</span> <span class='ocrx_word' id='word_1_47' title='bbox 715 1365 819 1420; x_wconf 87' lang='lat' dir='ltr'>morte</span> <span class='ocrx_word' id='word_1_48' title='bbox 833 1356 1020 1440; x_wconf 76' lang='lat' dir='ltr'>generatim,</span> <span class='ocrx_word' id='word_1_49' title='bbox 1036 1379 1100 1419; x_wconf 92' lang='lat' dir='ltr'>non</span> <span class='ocrx_word' id='word_1_50' title='bbox 1114 1357 1228 1440; x_wconf 84' lang='lat' dir='ltr'>capitis</span> <span class='ocrx_word' id='word_1_51' title='bbox 1242 1365 1370 1421; x_wconf 86' lang='lat' dir='ltr'>tantum</span> <span class='ocrx_word' id='word_1_52' title='bbox 1384 1358 1503 1421; x_wconf 85' lang='lat' dir='ltr'>abscis-</span> 
     </span>
     <span class='ocr_line' id='line_1_8' title="bbox 396 1457 1502 1541; baseline -0.001 -19"><span class='ocrx_word' id='word_1_53' title='bbox 396 1459 493 1534; x_wconf 88' lang='lat' dir='ltr'>sione,</span> <span class='ocrx_word' id='word_1_54' title='bbox 510 1458 644 1521; x_wconf 85' lang='lat' dir='ltr'>fortasse</span> <span class='ocrx_word' id='word_1_55' title='bbox 658 1458 829 1522; x_wconf 87' lang='lat' dir='ltr'>intellecta.</span> <span class='ocrx_word' id='word_1_56' title='bbox 869 1458 986 1521; x_wconf 86' lang='lat' dir='ltr'>Glossa</span> <span class='ocrx_word' id='word_1_57' title='bbox 1001 1457 1127 1541; x_wconf 89' lang='lat' dir='ltr'>quidem</span> <span class='ocrx_word' id='word_1_58' title='bbox 1146 1459 1217 1522; x_wconf 88' lang='lat' dir='ltr'>MS.</span> <span class='ocrx_word' id='word_1_59' title='bbox 1235 1458 1267 1521; x_wconf 90' lang='lat' dir='ltr'>in</span> <span class='ocrx_word' id='word_1_60' title='bbox 1279 1459 1356 1523; x_wconf 81' lang='lat' dir='ltr'>cod.</span> <span class='ocrx_word' id='word_1_61' title='bbox 1373 1459 1502 1523; x_wconf 83' lang='lat' dir='ltr'>(loislin.</span> 
     </span>
     <span class='ocr_line' id='line_1_9' title="bbox 397 1557 1504 1643; baseline 0 -22"><span class='ocrx_word' id='word_1_62' title='bbox 397 1580 494 1642; x_wconf 89' lang='lat' dir='ltr'>quam</span> <span class='ocrx_word' id='word_1_63' title='bbox 507 1558 602 1622; x_wconf 82' lang='lat' dir='ltr'>affert</span> <span class='ocrx_word' id='word_1_64' title='bbox 615 1558 653 1622; x_wconf 86' lang='lat' dir='ltr'>cl.</span> <span class='ocrx_word' id='word_1_65' title='bbox 671 1559 797 1623; x_wconf 83' lang='lat' dir='ltr'>Alberti</span> <span class='ocrx_word' id='word_1_66' title='bbox 818 1560 860 1622; x_wconf 89' lang='lat' dir='ltr'>ad</span> <span class='ocrx_word' id='word_1_67' title='bbox 880 1559 1068 1622; x_wconf 72' lang='lat' dir='ltr'>Glossarium</span> <span class='ocrx_word' id='word_1_68' title='bbox 1087 1559 1145 1621; x_wconf 81' lang='lat' dir='ltr'>Gr.</span> <span class='ocrx_word' id='word_1_69' title='bbox 1163 1582 1193 1643; x_wconf 91' lang='lat' dir='ltr'>p.</span> <span class='ocrx_word' id='word_1_70' title='bbox 1209 1561 1279 1636; x_wconf 88' lang='lat'>178.</span> <span class='ocrx_word' id='word_1_71' title='bbox 1298 1559 1395 1623; x_wconf 90' lang='lat' dir='ltr'>habet</span> <span class='ocrx_word' id='word_1_72' title='bbox 1409 1557 1504 1622; x_wconf 87' lang='grc' dir='ltr'>Ἀπο-</span> 
     </span>
     <span class='ocr_line' id='line_1_10' title="bbox 396 1659 1504 1744; baseline 0.001 -22"><span class='ocrx_word' id='word_1_73' title='bbox 396 1661 599 1739; x_wconf 78' lang='grc' dir='ltr'>τυμπαυισμὸς</span> <span class='ocrx_word' id='word_1_74' title='bbox 624 1663 666 1737; x_wconf 75' lang='lat' dir='ltr'>u,</span> <span class='ocrx_word' id='word_1_75' title='bbox 695 1664 712 1723; x_wconf 87' lang='grc' dir='ltr'><strong><em>ὁ</em></strong></span> <span class='ocrx_word' id='word_1_76' title='bbox 739 1660 997 1740; x_wconf 82' lang='grc' dir='ltr'>ἀποκεφαλισμὸς,</span> <span class='ocrx_word' id='word_1_77' title='bbox 1026 1659 1206 1744; x_wconf 77' lang='lat' dir='ltr'>Hesychius</span> <span class='ocrx_word' id='word_1_78' title='bbox 1235 1682 1320 1735; x_wconf 87' lang='lat' dir='ltr'>vero,</span> <span class='ocrx_word' id='word_1_79' title='bbox 1350 1661 1504 1739; x_wconf 84' lang='grc' dir='ltr'>Τυμπανί-</span> 
     </span>
     <span class='ocr_line' id='line_1_11' title="bbox 396 1761 1504 1845; baseline 0.002 -19"><span class='ocrx_word' id='word_1_80' title='bbox 396 1771 486 1838; x_wconf 76' lang='grc' dir='ltr'>ζεται.</span> <span class='ocrx_word' id='word_1_81' title='bbox 508 1764 687 1841; x_wconf 80' lang='grc' dir='ltr'>πλήσσεται,</span> <span class='ocrx_word' id='word_1_82' title='bbox 703 1763 862 1844; x_wconf 75' lang='grc' dir='ltr'>ἑκδέρεται,</span> <span class='ocrx_word' id='word_1_83' title='bbox 880 1766 1009 1845; x_wconf 72' lang='grc' dir='ltr'>ἰσχυρῶς</span> <span class='ocrx_word' id='word_1_84' title='bbox 1023 1765 1169 1838; x_wconf 82' lang='grc' dir='ltr'>τύπτεται,</span> <span class='ocrx_word' id='word_1_85' title='bbox 1185 1775 1220 1825; x_wconf 87' lang='lat' dir='ltr'>et</span> <span class='ocrx_word' id='word_1_86' title='bbox 1233 1764 1404 1839; x_wconf 80' lang='grc' dir='ltr'>Τύμπαυον.</span> <span class='ocrx_word' id='word_1_87' title='bbox 1426 1761 1504 1828; x_wconf 80' lang='grc' dir='ltr'>εἶδος</span> 
     </span>
     <span class='ocr_line' id='line_1_12' title="bbox 396 1861 1503 1948; baseline 0 -21"><span class='ocrx_word' id='word_1_88' title='bbox 396 1867 541 1945; x_wconf 77' lang='grc' dir='ltr'>τιμωρίας.</span> <span class='ocrx_word' id='word_1_89' title='bbox 557 1872 591 1927; x_wconf 83' lang='lat' dir='ltr'>et</span> <span class='ocrx_word' id='word_1_90' title='bbox 605 1864 696 1941; x_wconf 80' lang='lat' dir='ltr'>infra,</span> <span class='ocrx_word' id='word_1_91' title='bbox 712 1867 884 1943; x_wconf 81' lang='grc' dir='ltr'>Τύμπανον,</span> <span class='ocrx_word' id='word_1_92' title='bbox 901 1864 966 1927; x_wconf 86' lang='lat' dir='ltr'>sive</span> <span class='ocrx_word' id='word_1_93' title='bbox 981 1865 1123 1927; x_wconf 80' lang='grc' dir='ltr'>τύπαναν.</span> <span class='ocrx_word' id='word_1_94' title='bbox 1145 1866 1237 1940; x_wconf 68' lang='grc' dir='ltr'>ξύλον</span> <span class='ocrx_word' id='word_1_95' title='bbox 1251 1865 1279 1926; x_wconf 86' lang='grc' dir='ltr'>τὶ</span> <span class='ocrx_word' id='word_1_96' title='bbox 1297 1866 1331 1926; x_wconf 76' lang='grc' dir='ltr'>ἓν</span> <span class='ocrx_word' id='word_1_97' title='bbox 1353 1861 1375 1948; x_wconf 74' lang='grc' dir='ltr'><strong><em>ᾧ</em></strong></span> <span class='ocrx_word' id='word_1_98' title='bbox 1391 1889 1503 1943; x_wconf 84' lang='grc' dir='ltr'>τυμπα·</span> 
     </span>
     <span class='ocr_line' id='line_1_13' title="bbox 397 1964 1503 2049; baseline -0.001 -20"><span class='ocrx_word' id='word_1_99' title='bbox 397 1968 536 2041; x_wconf 73' lang='grc' dir='ltr'>νίζουσα.</span> <span class='ocrx_word' id='word_1_100' title='bbox 568 1965 644 2029; x_wconf 89' lang='lat' dir='ltr'>Vid.</span> <span class='ocrx_word' id='word_1_101' title='bbox 659 1964 697 2028; x_wconf 93' lang='lat' dir='ltr'>cl.</span> <span class='ocrx_word' id='word_1_102' title='bbox 715 1965 859 2029; x_wconf 84' lang='lat' dir='ltr'>Gottlieb</span> <span class='ocrx_word' id='word_1_103' title='bbox 875 1965 1004 2028; x_wconf 82' lang='lat' dir='ltr'>Ernesti</span> <span class='ocrx_word' id='word_1_104' title='bbox 1019 1965 1062 2027; x_wconf 91' lang='lat' dir='ltr'>ad</span> <span class='ocrx_word' id='word_1_105' title='bbox 1078 1965 1230 2049; x_wconf 89' lang='lat' dir='ltr'>Hesychii</span> <span class='ocrx_word' id='word_1_106' title='bbox 1248 1965 1367 2028; x_wconf 68' lang='lat' dir='ltr'>Ghssoe</span> <span class='ocrx_word' id='word_1_107' title='bbox 1376 1968 1503 2042; x_wconf 69' lang='lat' dir='ltr'>Sacrae,</span> 
     </span>
     <span class='ocr_line' id='line_1_14' title="bbox 397 2066 1504 2149; baseline 0 -19"><span class='ocrx_word' id='word_1_108' title='bbox 397 2067 483 2130; x_wconf 89' lang='lat' dir='ltr'>adv.</span> <span class='ocrx_word' id='word_1_109' title='bbox 500 2068 772 2145; x_wconf 78' lang='grc' dir='ltr'>ἐτυμπανίσθησαν.</span> <span class='ocrx_word' id='word_1_110' title='bbox 819 2068 935 2130; x_wconf 87' lang='lat' dir='ltr'>Verum</span> <span class='ocrx_word' id='word_1_111' title='bbox 955 2087 1026 2129; x_wconf 88' lang='lat' dir='ltr'>mea</span> <span class='ocrx_word' id='word_1_112' title='bbox 1047 2066 1174 2149; x_wconf 88' lang='lat' dir='ltr'>quidem</span> <span class='ocrx_word' id='word_1_113' title='bbox 1197 2067 1408 2130; x_wconf 71' lang='lat' dir='ltr'>sententiani</span> <span class='ocrx_word' id='word_1_114' title='bbox 1430 2069 1504 2130; x_wconf 82' lang='grc' dir='ltr'>ἁπο-</span> 
     </span>
     <span class='ocr_line' id='line_1_15' title="bbox 397 2166 1504 2251; baseline 0.001 -19"><span class='ocrx_word' id='word_1_115' title='bbox 397 2172 634 2247; x_wconf 80' lang='grc' dir='ltr'>τυμπανισθῆναι</span> <span class='ocrx_word' id='word_1_116' title='bbox 667 2167 727 2229; x_wconf 92' lang='lat' dir='ltr'>hoc</span> <span class='ocrx_word' id='word_1_117' title='bbox 763 2166 832 2229; x_wconf 85' lang='lat' dir='ltr'>loeo</span> <span class='ocrx_word' id='word_1_118' title='bbox 868 2167 901 2229; x_wconf 95' lang='lat' dir='ltr'>in</span> <span class='ocrx_word' id='word_1_119' title='bbox 940 2189 1067 2231; x_wconf 88' lang='lat' dir='ltr'>sensum</span> <span class='ocrx_word' id='word_1_120' title='bbox 1100 2169 1280 2251; x_wconf 85' lang='lat' dir='ltr'>generalem</span> <span class='ocrx_word' id='word_1_121' title='bbox 1314 2173 1365 2230; x_wconf 82' lang='grc' dir='ltr'>τοῦ</span> <span class='ocrx_word' id='word_1_122' title='bbox 1402 2170 1504 2233; x_wconf 88' lang='lat' dir='ltr'>occidi</span> 
     </span>
     <span class='ocr_line' id='line_1_16' title="bbox 397 2268 1503 2354; baseline 0.003 -23"><span class='ocrx_word' id='word_1_123' title='bbox 397 2268 614 2351; x_wconf 86' lang='lat' dir='ltr'>accipiendum</span> <span class='ocrx_word' id='word_1_124' title='bbox 642 2275 711 2341; x_wconf 87' lang='lat' dir='ltr'>est;</span> <span class='ocrx_word' id='word_1_125' title='bbox 752 2290 824 2331; x_wconf 88' lang='lat' dir='ltr'>cum</span> <span class='ocrx_word' id='word_1_126' title='bbox 852 2277 1010 2353; x_wconf 79' lang='lat' dir='ltr'>martyres</span> <span class='ocrx_word' id='word_1_127' title='bbox 1039 2270 1157 2354; x_wconf 89' lang='lat' dir='ltr'>partim</span> <span class='ocrx_word' id='word_1_128' title='bbox 1186 2270 1291 2353; x_wconf 90' lang='lat' dir='ltr'>capite</span> <span class='ocrx_word' id='word_1_129' title='bbox 1322 2277 1503 2344; x_wconf 84' lang='lat' dir='ltr'>truncatos,</span> 
     </span>
     <span class='ocr_line' id='line_1_17' title="bbox 397 2371 1504 2457; baseline 0.004 -25"><span class='ocrx_word' id='word_1_130' title='bbox 397 2371 516 2456; x_wconf 83' lang='lat' dir='ltr'>partim</span> <span class='ocrx_word' id='word_1_131' title='bbox 537 2391 610 2433; x_wconf 91' lang='lat' dir='ltr'>vero</span> <span class='ocrx_word' id='word_1_132' title='bbox 625 2371 765 2434; x_wconf 87' lang='lat' dir='ltr'>traditos</span> <span class='ocrx_word' id='word_1_133' title='bbox 786 2393 854 2435; x_wconf 86' lang='lat' dir='ltr'>esse</span> <span class='ocrx_word' id='word_1_134' title='bbox 875 2372 995 2448; x_wconf 87' lang='lat' dir='ltr'>bestiis,</span> <span class='ocrx_word' id='word_1_135' title='bbox 1012 2373 1123 2437; x_wconf 87' lang='lat' dir='ltr'>statim</span> <span class='ocrx_word' id='word_1_136' title='bbox 1143 2381 1216 2457; x_wconf 84' lang='lat' dir='ltr'>post</span> <span class='ocrx_word' id='word_1_137' title='bbox 1235 2372 1302 2437; x_wconf 88' lang='lat' dir='ltr'>haec</span> <span class='ocrx_word' id='word_1_138' title='bbox 1318 2381 1504 2437; x_wconf 85' lang='lat' dir='ltr'>narrantem</span> 
     </span>
     <span class='ocr_line' id='line_1_18' title="bbox 397 2469 1504 2555; baseline 0 -21"><span class='ocrx_word' id='word_1_139' title='bbox 397 2471 517 2534; x_wconf 85' lang='lat' dir='ltr'>habeas</span> <span class='ocrx_word' id='word_1_140' title='bbox 538 2469 679 2555; x_wconf 87' lang='lat' dir='ltr'>epistolae</span> <span class='ocrx_word' id='word_1_141' title='bbox 704 2477 878 2534; x_wconf 78' lang='lat' dir='ltr'>auctorem.</span> <span class='ocrx_word' id='word_1_142' title='bbox 923 2471 1034 2554; x_wconf 89' lang='lat' dir='ltr'>Neque</span> <span class='ocrx_word' id='word_1_143' title='bbox 1059 2471 1143 2534; x_wconf 89' lang='lat' dir='ltr'>euim</span> <span class='ocrx_word' id='word_1_144' title='bbox 1166 2471 1205 2534; x_wconf 92' lang='lat' dir='ltr'>de</span> <span class='ocrx_word' id='word_1_145' title='bbox 1231 2470 1349 2534; x_wconf 87' lang='lat' dir='ltr'>civibus</span> <span class='ocrx_word' id='word_1_146' title='bbox 1375 2478 1504 2536; x_wconf 84' lang='lat' dir='ltr'>tentum</span> 
     </span>
     <span class='ocr_line' id='line_1_19' title="bbox 398 2572 1505 2658; baseline 0.003 -23"><span class='ocrx_word' id='word_1_147' title='bbox 398 2572 551 2636; x_wconf 86' lang='lat' dir='ltr'>Romanis</span> <span class='ocrx_word' id='word_1_148' title='bbox 573 2572 746 2656; x_wconf 87' lang='lat' dir='ltr'>imperator</span> <span class='ocrx_word' id='word_1_149' title='bbox 764 2572 926 2636; x_wconf 84' lang='lat' dir='ltr'>consultus</span> <span class='ocrx_word' id='word_1_150' title='bbox 948 2580 1009 2648; x_wconf 87' lang='lat' dir='ltr'>est,</span> <span class='ocrx_word' id='word_1_151' title='bbox 1025 2580 1062 2636; x_wconf 89' lang='lat' dir='ltr'>ut</span> <span class='ocrx_word' id='word_1_152' title='bbox 1077 2595 1116 2636; x_wconf 87' lang='lat' dir='ltr'>ex</span> <span class='ocrx_word' id='word_1_153' title='bbox 1138 2573 1232 2636; x_wconf 89' lang='lat' dir='ltr'>rebus</span> <span class='ocrx_word' id='word_1_154' title='bbox 1256 2595 1380 2656; x_wconf 91' lang='lat' dir='ltr'>quoque</span> <span class='ocrx_word' id='word_1_155' title='bbox 1403 2574 1505 2658; x_wconf 85' lang='lat' dir='ltr'>gestis</span> 
     </span>
     <span class='ocr_line' id='line_1_20' title="bbox 397 2673 1504 2760; baseline 0.001 -22"><span class='ocrx_word' id='word_1_156' title='bbox 397 2695 465 2738; x_wconf 88' lang='lat' dir='ltr'>rem</span> <span class='ocrx_word' id='word_1_157' title='bbox 478 2673 626 2739; x_wconf 86' lang='lat' dir='ltr'>aestimes.</span> <span class='ocrx_word' id='word_1_158' title='bbox 672 2674 783 2749; x_wconf 86' lang='lat' dir='ltr'>Porro,</span> <span class='ocrx_word' id='word_1_159' title='bbox 801 2681 837 2737; x_wconf 92' lang='lat' dir='ltr'>ut</span> <span class='ocrx_word' id='word_1_160' title='bbox 852 2682 966 2757; x_wconf 86' lang='lat' dir='ltr'>postea</span> <span class='ocrx_word' id='word_1_161' title='bbox 980 2673 1052 2750; x_wconf 88' lang='lat' dir='ltr'>vidi,</span> <span class='ocrx_word' id='word_1_162' title='bbox 1069 2675 1109 2737; x_wconf 92' lang='lat' dir='ltr'>de</span> <span class='ocrx_word' id='word_1_163' title='bbox 1124 2675 1254 2758; x_wconf 90' lang='lat' dir='ltr'>hujusce</span> <span class='ocrx_word' id='word_1_164' title='bbox 1269 2675 1329 2738; x_wconf 87' lang='lat' dir='ltr'>loci</span> <span class='ocrx_word' id='word_1_165' title='bbox 1350 2675 1504 2760; x_wconf 88' lang='lat' dir='ltr'>interpre-</span> 
     </span>
     <span class='ocr_line' id='line_1_21' title="bbox 397 2774 1504 2855; baseline -0.001 -14"><span class='ocrx_word' id='word_1_166' title='bbox 397 2775 520 2841; x_wconf 75' lang='lat' dir='ltr'>tatione</span> <span class='ocrx_word' id='word_1_167' title='bbox 535 2774 612 2838; x_wconf 91' lang='lat' dir='ltr'>mihi</span> <span class='ocrx_word' id='word_1_168' title='bbox 627 2774 785 2840; x_wconf 86' lang='lat' dir='ltr'>consentit</span> <span class='ocrx_word' id='word_1_169' title='bbox 809 2774 964 2852; x_wconf 79' lang='lat' dir='ltr'>Suicems,</span> <span class='ocrx_word' id='word_1_170' title='bbox 982 2775 1013 2837; x_wconf 90' lang='lat' dir='ltr'>in</span> <span class='ocrx_word' id='word_1_171' title='bbox 1034 2797 1109 2839; x_wconf 88' lang='lat' dir='ltr'>voce</span> <span class='ocrx_word' id='word_1_172' title='bbox 1129 2777 1303 2855; x_wconf 77' lang='grc' dir='ltr'>τυμπανίζω.</span> <span class='ocrx_word' id='word_1_173' title='bbox 1345 2776 1429 2839; x_wconf 78' lang='lat' dir='ltr'>Tlos.</span> <span class='ocrx_word' id='word_1_174' title='bbox 1444 2777 1504 2841; x_wconf 80' lang='lat' dir='ltr'>Ec·</span> 
     </span>
     <span class='ocr_line' id='line_1_22' title="bbox 399 2877 1504 2962; baseline -0.001 -20"><span class='ocrx_word' id='word_1_175' title='bbox 399 2878 524 2942; x_wconf 80' lang='lat' dir='ltr'>closioct.</span> <span class='ocrx_word' id='word_1_176' title='bbox 539 2900 570 2961; x_wconf 93' lang='lat' dir='ltr'>p.</span> <span class='ocrx_word' id='word_1_177' title='bbox 587 2897 679 2962; x_wconf 83' lang='lat'><strong>1334.</strong></span> <span class='ocrx_word' id='word_1_178' title='bbox 701 2877 755 2940; x_wconf 92' lang='lat' dir='ltr'>ubi</span> <span class='ocrx_word' id='word_1_179' title='bbox 770 2878 915 2962; x_wconf 85' lang='lat' dir='ltr'>exempla</span> <span class='ocrx_word' id='word_1_180' title='bbox 927 2877 1021 2961; x_wconf 89' lang='lat' dir='ltr'>hujus</span> <span class='ocrx_word' id='word_1_181' title='bbox 1041 2899 1151 2940; x_wconf 83' lang='lat' dir='ltr'>sensus</span> <span class='ocrx_word' id='word_1_182' title='bbox 1165 2878 1261 2940; x_wconf 87' lang='lat' dir='ltr'>verbo</span> <span class='ocrx_word' id='word_1_183' title='bbox 1277 2879 1504 2955; x_wconf 80' lang='grc' dir='ltr'>ἆποτυμπανίζω</span> 
     </span>
     <span class='ocr_line' id='line_1_23' title="bbox 397 2978 1505 3064; baseline -0.002 -21"><span class='ocrx_word' id='word_1_184' title='bbox 397 2980 485 3043; x_wconf 85' lang='lat' dir='ltr'>affixi</span> <span class='ocrx_word' id='word_1_185' title='bbox 510 2988 662 3064; x_wconf 85' lang='lat' dir='ltr'>congesta</span> <span class='ocrx_word' id='word_1_186' title='bbox 685 2980 833 3044; x_wconf 84' lang='lat' dir='ltr'>invenias.</span> <span class='ocrx_word' id='word_1_187' title='bbox 881 2979 995 3041; x_wconf 89' lang='lat' dir='ltr'>Addas</span> <span class='ocrx_word' id='word_1_188' title='bbox 1021 2978 1094 3041; x_wconf 90' lang='lat' dir='ltr'>huic</span> <span class='ocrx_word' id='word_1_189' title='bbox 1121 2978 1365 3054; x_wconf 84' lang='lat' dir='ltr'>Tillemontium‚</span> <span class='ocrx_word' id='word_1_190' title='bbox 1391 2978 1445 3062; x_wconf 90' lang='lat' dir='ltr'>qui</span> <span class='ocrx_word' id='word_1_191' title='bbox 1471 2979 1505 3041; x_wconf 93' lang='lat' dir='ltr'>in</span> 
     </span>
     <span class='ocr_line' id='line_1_24' title="bbox 399 3080 1505 3164; baseline 0.002 -23"><span class='ocrx_word' id='word_1_192' title='bbox 399 3080 494 3142; x_wconf 80' lang='lat' dir='ltr'>Mem.</span> <span class='ocrx_word' id='word_1_193' title='bbox 525 3081 608 3144; x_wconf 83' lang='lat' dir='ltr'>Ecol.</span> <span class='ocrx_word' id='word_1_194' title='bbox 624 3083 662 3145; x_wconf 88' lang='lat' dir='ltr'>V.</span> <span class='ocrx_word' id='word_1_195' title='bbox 689 3081 729 3144; x_wconf 89' lang='lat' dir='ltr'>iv.</span> <span class='ocrx_word' id='word_1_196' title='bbox 760 3089 825 3144; x_wconf 91' lang='lat' dir='ltr'>not.</span> <span class='ocrx_word' id='word_1_197' title='bbox 847 3101 879 3164; x_wconf 86' lang='lat'>5.</span> <span class='ocrx_word' id='word_1_198' title='bbox 911 3080 1062 3143; x_wconf 86' lang='lat' dir='ltr'>lectorem</span> <span class='ocrx_word' id='word_1_199' title='bbox 1088 3080 1220 3155; x_wconf 90' lang='lat' dir='ltr'>monuit,</span> <span class='ocrx_word' id='word_1_200' title='bbox 1252 3088 1375 3144; x_wconf 89' lang='lat' dir='ltr'>vertere</span> <span class='ocrx_word' id='word_1_201' title='bbox 1400 3080 1505 3143; x_wconf 85' lang='lat' dir='ltr'>locum</span> 
     </span>
    </p>
   </div>
   <div class='ocr_carea' id='block_1_3' title="bbox 304 3180 1505 3266">
    <p class='ocr_par' dir='ltr' id='par_1_3' title="bbox 304 3180 1505 3266">
     <span class='ocr_line' id='line_1_25' title="bbox 304 3180 1505 3266; baseline -0.002 -20"><span class='ocrx_word' id='word_1_202' title='bbox 304 3236 309 3246; x_wconf 93' lang='lat'><strong>.</strong></span> <span class='ocrx_word' id='word_1_203' title='bbox 399 3180 558 3258; x_wconf 83' lang='lat' dir='ltr'>Rufinum,</span> <span class='ocrx_word' id='word_1_204' title='bbox 570 3191 604 3245; x_wconf 76' lang='lat' dir='ltr'>ot</span> <span class='ocrx_word' id='word_1_205' title='bbox 608 3182 796 3266; x_wconf 75' lang='lat' dir='ltr'>persistentes</span> <span class='ocrx_word' id='word_1_206' title='bbox 806 3182 928 3266; x_wconf 75' lang='lat' dir='ltr'>quidem</span> <span class='ocrx_word' id='word_1_207' title='bbox 935 3183 1133 3265; x_wconf 68' lang='lat' dir='ltr'>potirentur,</span> <span class='ocrx_word' id='word_1_208' title='bbox 1146 3191 1283 3265; x_wconf 73' lang='grc' dir='ltr'>ααρααιαε</span> <span class='ocrx_word' id='word_1_209' title='bbox 1290 3190 1390 3245; x_wconf 79' lang='lat' dir='ltr'>actem</span> <span class='ocrx_word' id='word_1_210' title='bbox 1401 3181 1505 3244; x_wconf 65' lang='lat' dir='ltr'>‹Musit-</span> 
     </span>
    </p>
   </div>
   <div class='ocr_carea' id='block_1_4' title="bbox 397 3283 1509 4783">
    <p class='ocr_par' dir='ltr' id='par_1_4' title="bbox 397 3283 1506 3770">
     <span class='ocr_line' id='line_1_26' title="bbox 397 3283 1505 3367; baseline 0.001 -21"><span class='ocrx_word' id='word_1_211' title='bbox 397 3292 539 3347; x_wconf 72' lang='lat' dir='ltr'>toroutcr.</span> <span class='ocrx_word' id='word_1_212' title='bbox 584 3283 795 3346; x_wconf 88' lang='lat' dir='ltr'>Nihilominus</span> <span class='ocrx_word' id='word_1_213' title='bbox 810 3283 955 3346; x_wconf 84' lang='lat' dir='ltr'>Strot-hio</span> <span class='ocrx_word' id='word_1_214' title='bbox 975 3306 1026 3346; x_wconf 90' lang='lat' dir='ltr'>res</span> <span class='ocrx_word' id='word_1_215' title='bbox 1045 3283 1138 3347; x_wconf 83' lang='lat' dir='ltr'>aliter</span> <span class='ocrx_word' id='word_1_216' title='bbox 1161 3284 1278 3346; x_wconf 85' lang='lat' dir='ltr'>habere</span> <span class='ocrx_word' id='word_1_217' title='bbox 1299 3283 1435 3359; x_wconf 88' lang='lat' dir='ltr'>videtur,</span> <span class='ocrx_word' id='word_1_218' title='bbox 1450 3283 1505 3367; x_wconf 91' lang='lat' dir='ltr'>qui</span> 
     </span>
     <span class='ocr_line' id='line_1_27' title="bbox 398 3384 1506 3469; baseline 0 -22"><span class='ocrx_word' id='word_1_219' title='bbox 398 3384 455 3456; x_wconf 89' lang='lat' dir='ltr'>ait,</span> <span class='ocrx_word' id='word_1_220' title='bbox 468 3384 537 3468; x_wconf 87' lang='lat' dir='ltr'>jam</span> <span class='ocrx_word' id='word_1_221' title='bbox 552 3405 591 3447; x_wconf 82' lang='lat' dir='ltr'>ex</span> <span class='ocrx_word' id='word_1_222' title='bbox 606 3384 644 3448; x_wconf 91' lang='lat' dir='ltr'>iis</span> <span class='ocrx_word' id='word_1_223' title='bbox 659 3408 729 3468; x_wconf 84' lang='lat' dir='ltr'>quae</span> <span class='ocrx_word' id='word_1_224' title='bbox 745 3397 921 3469; x_wconf 86' lang='lat' dir='ltr'>sequuntur</span> <span class='ocrx_word' id='word_1_225' title='bbox 935 3406 1099 3469; x_wconf 85' lang='lat' dir='ltr'>apparere,</span> <span class='ocrx_word' id='word_1_226' title='bbox 1115 3386 1245 3448; x_wconf 89' lang='lat' dir='ltr'>verbum</span> <span class='ocrx_word' id='word_1_227' title='bbox 1257 3387 1506 3462; x_wconf 78' lang='grc' dir='ltr'>ᾰποτυμπαυίξειν</span> 
     </span>
     <span class='ocr_line' id='line_1_28' title="bbox 398 3483 1506 3570; baseline 0.003 -23"><span class='ocrx_word' id='word_1_228' title='bbox 398 3483 576 3568; x_wconf 85' lang='lat' dir='ltr'>significare</span> <span class='ocrx_word' id='word_1_229' title='bbox 596 3485 701 3569; x_wconf 73' lang='lat' dir='ltr'>plodio</span> <span class='ocrx_word' id='word_1_230' title='bbox 727 3486 912 3563; x_wconf 75' lang='lat' dir='ltr'>obtruncare,</span> <span class='ocrx_word' id='word_1_231' title='bbox 938 3495 1035 3570; x_wconf 90' lang='lat' dir='ltr'>atque</span> <span class='ocrx_word' id='word_1_232' title='bbox 1061 3487 1180 3550; x_wconf 88' lang='lat' dir='ltr'>consuli</span> <span class='ocrx_word' id='word_1_233' title='bbox 1206 3502 1354 3570; x_wconf 83' lang='lat' dir='ltr'>oportere</span> <span class='ocrx_word' id='word_1_234' title='bbox 1380 3488 1419 3550; x_wconf 92' lang='lat' dir='ltr'>de</span> <span class='ocrx_word' id='word_1_235' title='bbox 1444 3487 1506 3550; x_wconf 91' lang='lat' dir='ltr'>hac</span> 
     </span>
     <span class='ocr_line' id='line_1_29' title="bbox 400 3585 1506 3672; baseline 0.004 -25"><span class='ocrx_word' id='word_1_236' title='bbox 400 3606 476 3648; x_wconf 87' lang='lat' dir='ltr'>voce</span> <span class='ocrx_word' id='word_1_237' title='bbox 512 3585 643 3648; x_wconf 83' lang='lat' dir='ltr'>Suidem</span> <span class='ocrx_word' id='word_1_238' title='bbox 680 3593 714 3649; x_wconf 88' lang='lat' dir='ltr'>et</span> <span class='ocrx_word' id='word_1_239' title='bbox 750 3586 955 3671; x_wconf 87' lang='lat' dir='ltr'>Hesychium‚</span> <span class='ocrx_word' id='word_1_240' title='bbox 994 3588 1192 3671; x_wconf 88' lang='lat' dir='ltr'>potissimum</span> <span class='ocrx_word' id='word_1_241' title='bbox 1228 3610 1303 3652; x_wconf 89' lang='lat' dir='ltr'>vero</span> <span class='ocrx_word' id='word_1_242' title='bbox 1341 3588 1506 3672; x_wconf 86' lang='lat' dir='ltr'>Etymolo·</span> 
     </span>
     <span class='ocr_line' id='line_1_30' title="bbox 399 3686 567 3770; baseline 0 -21"><span class='ocrx_word' id='word_1_243' title='bbox 399 3686 504 3770; x_wconf 83' lang='lat' dir='ltr'>gicum</span> <span class='ocrx_word' id='word_1_244' title='bbox 521 3687 567 3749; x_wconf 90' lang='lat' dir='ltr'>M.</span> 
     </span>
    </p>

    <p class='ocr_par' dir='ltr' id='par_1_5' title="bbox 399 3788 1509 4783">
     <span class='ocr_line' id='line_1_31' title="bbox 446 3788 1505 3875; baseline 0.005 -24"><span class='ocrx_word' id='word_1_245' title='bbox 446 3789 507 3852; x_wconf 88' lang='lat' dir='ltr'>Sed</span> <span class='ocrx_word' id='word_1_246' title='bbox 524 3789 563 3852; x_wconf 94' lang='lat' dir='ltr'>de</span> <span class='ocrx_word' id='word_1_247' title='bbox 585 3788 645 3851; x_wconf 88' lang='lat' dir='ltr'>hac</span> <span class='ocrx_word' id='word_1_248' title='bbox 667 3810 702 3851; x_wconf 87' lang='lat' dir='ltr'>re</span> <span class='ocrx_word' id='word_1_249' title='bbox 724 3789 803 3851; x_wconf 88' lang='lat' dir='ltr'>satis</span> <span class='ocrx_word' id='word_1_250' title='bbox 827 3811 1000 3874; x_wconf 81' lang='lat' dir='ltr'>superque3</span> <span class='ocrx_word' id='word_1_251' title='bbox 1023 3793 1077 3875; x_wconf 84' lang='lat' dir='ltr'>qui</span> <span class='ocrx_word' id='word_1_252' title='bbox 1099 3794 1137 3854; x_wconf 84' lang='lat' dir='ltr'>lit</span> <span class='ocrx_word' id='word_1_253' title='bbox 1155 3791 1340 3868; x_wconf 69' lang='lat' dir='ltr'>intereant</span> <span class='ocrx_word' id='word_1_254' title='bbox 1361 3792 1505 3871; x_wconf 88' lang='lat' dir='ltr'>Attalus,</span> 
     </span>
     <span class='ocr_line' id='line_1_32' title="bbox 401 3890 1507 3977; baseline 0.003 -22"><span class='ocrx_word' id='word_1_255' title='bbox 401 3891 428 3955; x_wconf 94' lang='lat' dir='ltr'>is</span> <span class='ocrx_word' id='word_1_256' title='bbox 451 3892 504 3977; x_wconf 91' lang='lat' dir='ltr'>qui</span> <span class='ocrx_word' id='word_1_257' title='bbox 528 3912 624 3975; x_wconf 84' lang='lat' dir='ltr'>supra</span> <span class='ocrx_word' id='word_1_258' title='bbox 642 3913 672 3973; x_wconf 93' lang='lat' dir='ltr'>p.</span> <span class='ocrx_word' id='word_1_259' title='bbox 685 3909 760 3973; x_wconf 79' lang='lat'><strong>312.</strong></span> <span class='ocrx_word' id='word_1_260' title='bbox 775 3890 796 3952; x_wconf 91' lang='lat' dir='ltr'>l.</span> <span class='ocrx_word' id='word_1_261' title='bbox 808 3910 839 3973; x_wconf 88' lang='grc'>3.</span> <span class='ocrx_word' id='word_1_262' title='bbox 862 3890 1025 3955; x_wconf 84' lang='lat' dir='ltr'>Romanus</span> <span class='ocrx_word' id='word_1_263' title='bbox 1043 3893 1139 3956; x_wconf 85' lang='lat' dir='ltr'>fuisse</span> <span class='ocrx_word' id='word_1_264' title='bbox 1160 3894 1286 3968; x_wconf 89' lang='lat' dir='ltr'>dicitur,</span> <span class='ocrx_word' id='word_1_265' title='bbox 1307 3893 1418 3957; x_wconf 86' lang='lat' dir='ltr'>bestiis</span> <span class='ocrx_word' id='word_1_266' title='bbox 1438 3902 1507 3958; x_wconf 83' lang='lat' dir='ltr'>tra·</span> 
     </span>
     <span class='ocr_line' id='line_1_33' title="bbox 401 3993 1508 4080; baseline 0.005 -24"><span class='ocrx_word' id='word_1_267' title='bbox 401 3995 539 4071; x_wconf 83' lang='lat' dir='ltr'>deretur,</span> <span class='ocrx_word' id='word_1_268' title='bbox 563 3993 647 4077; x_wconf 89' lang='lat' dir='ltr'>quod</span> <span class='ocrx_word' id='word_1_269' title='bbox 670 3993 861 4076; x_wconf 87' lang='lat' dir='ltr'>procedente</span> <span class='ocrx_word' id='word_1_270' title='bbox 885 3993 1029 4057; x_wconf 90' lang='lat' dir='ltr'>oratione</span> <span class='ocrx_word' id='word_1_271' title='bbox 1051 3995 1234 4070; x_wconf 82' lang='lat' dir='ltr'>constabit3</span> <span class='ocrx_word' id='word_1_272' title='bbox 1260 3995 1371 4058; x_wconf 90' lang='lat' dir='ltr'>itidem</span> <span class='ocrx_word' id='word_1_273' title='bbox 1393 4004 1508 4080; x_wconf 82' lang='lat' dir='ltr'>postea</span> 
     </span>
     <span class='ocr_line' id='line_1_34' title="bbox 400 4093 1508 4181; baseline 0.001 -23"><span class='ocrx_word' id='word_1_274' title='bbox 400 4096 531 4179; x_wconf 90' lang='lat' dir='ltr'>perinde</span> <span class='ocrx_word' id='word_1_275' title='bbox 543 4117 581 4158; x_wconf 91' lang='lat' dir='ltr'>ac</span> <span class='ocrx_word' id='word_1_276' title='bbox 602 4093 713 4177; x_wconf 89' lang='lat' dir='ltr'>reliqui</span> <span class='ocrx_word' id='word_1_277' title='bbox 732 4093 884 4169; x_wconf 87' lang='lat' dir='ltr'>bestiarii,</span> <span class='ocrx_word' id='word_1_278' title='bbox 903 4093 1089 4178; x_wconf 72' lang='lat' dir='ltr'>jugulatus?</span> <span class='ocrx_word' id='word_1_279' title='bbox 1112 4096 1196 4159; x_wconf 93' lang='lat' dir='ltr'>Num</span> <span class='ocrx_word' id='word_1_280' title='bbox 1215 4096 1397 4180; x_wconf 84' lang='lat' dir='ltr'>posthabito</span> <span class='ocrx_word' id='word_1_281' title='bbox 1411 4097 1508 4181; x_wconf 88' lang='lat' dir='ltr'>privi-</span> 
     </span>
     <span class='ocr_line' id='line_1_35' title="bbox 401 4194 1508 4281; baseline 0.002 -22"><span class='ocrx_word' id='word_1_282' title='bbox 401 4196 483 4281; x_wconf 85' lang='lat' dir='ltr'>legio</span> <span class='ocrx_word' id='word_1_283' title='bbox 502 4196 570 4279; x_wconf 91' lang='lat' dir='ltr'>ejus</span> <span class='ocrx_word' id='word_1_284' title='bbox 595 4216 712 4279; x_wconf 87' lang='lat' dir='ltr'>praeses</span> <span class='ocrx_word' id='word_1_285' title='bbox 736 4194 851 4277; x_wconf 91' lang='lat' dir='ltr'>populo</span> <span class='ocrx_word' id='word_1_286' title='bbox 877 4195 1039 4259; x_wconf 81' lang='lat' dir='ltr'>ferocienti</span> <span class='ocrx_word' id='word_1_287' title='bbox 1067 4196 1226 4259; x_wconf 89' lang='lat' dir='ltr'>hominem</span> <span class='ocrx_word' id='word_1_288' title='bbox 1251 4197 1395 4273; x_wconf 76' lang='lat' dir='ltr'>tradidit,</span> <span class='ocrx_word' id='word_1_289' title='bbox 1420 4198 1508 4280; x_wconf 91' lang='lat' dir='ltr'>quod</span> 
     </span>
     <span class='ocr_line' id='line_1_36' title="bbox 402 4295 1508 4381; baseline 0.003 -22"><span class='ocrx_word' id='word_1_290' title='bbox 402 4297 529 4381; x_wconf 86' lang='lat' dir='ltr'>quidem</span> <span class='ocrx_word' id='word_1_291' title='bbox 550 4295 600 4359; x_wconf 92' lang='lat' dir='ltr'>his</span> <span class='ocrx_word' id='word_1_292' title='bbox 621 4295 756 4358; x_wconf 86' lang='lat' dir='ltr'>fortasse</span> <span class='ocrx_word' id='word_1_293' title='bbox 776 4296 879 4358; x_wconf 87' lang='lat' dir='ltr'>verbis</span> <span class='ocrx_word' id='word_1_294' title='bbox 898 4296 1052 4373; x_wconf 90' lang='lat' dir='ltr'>innuitur,</span> <span class='ocrx_word' id='word_1_295' title='bbox 1067 4299 1115 4361; x_wconf 74' lang='grc' dir='ltr'>καὶ</span> <span class='ocrx_word' id='word_1_296' title='bbox 1136 4302 1193 4378; x_wconf 81' lang='grc' dir='ltr'>γὰρ</span> <span class='ocrx_word' id='word_1_297' title='bbox 1214 4300 1261 4360; x_wconf 81' lang='grc' dir='ltr'>καὶ</span> <span class='ocrx_word' id='word_1_298' title='bbox 1281 4297 1335 4360; x_wconf 85' lang='grc' dir='ltr'>τὸν</span> <span class='ocrx_word' id='word_1_299' title='bbox 1352 4296 1508 4362; x_wconf 79' lang='grc' dir='ltr'>Ἀτταλον</span> 
     </span>
     <span class='ocr_line' id='line_1_37' title="bbox 402 4399 1508 4483; baseline 0.003 -23"><span class='ocrx_word' id='word_1_300' title='bbox 402 4402 442 4483; x_wconf 74' lang='grc' dir='ltr'>τῷ</span> <span class='ocrx_word' id='word_1_301' title='bbox 458 4401 541 4481; x_wconf 82' lang='grc' dir='ltr'>ὄχλῳ</span> <span class='ocrx_word' id='word_1_302' title='bbox 556 4401 747 4480; x_wconf 74' lang='grc' dir='ltr'>χαριζόμενος</span> <span class='ocrx_word' id='word_1_303' title='bbox 762 4400 778 4459; x_wconf 87' lang='grc' dir='ltr'>ὁ</span> <span class='ocrx_word' id='word_1_304' title='bbox 793 4399 911 4478; x_wconf 78' lang='grc' dir='ltr'>ἡγεμὼν</span> <span class='ocrx_word' id='word_1_305' title='bbox 927 4399 1050 4475; x_wconf 76' lang='grc' dir='ltr'>ἐξέδωκε</span> <span class='ocrx_word' id='word_1_306' title='bbox 1065 4399 1158 4461; x_wconf 80' lang='grc' dir='ltr'>πάλιν</span> <span class='ocrx_word' id='word_1_307' title='bbox 1173 4406 1235 4465; x_wconf 87' lang='grc' dir='ltr'>τοῖς</span> <span class='ocrx_word' id='word_1_308' title='bbox 1250 4401 1376 4478; x_wconf 63' lang='lat' dir='ltr'>duplum?</span> <span class='ocrx_word' id='word_1_309' title='bbox 1402 4399 1508 4463; x_wconf 85' lang='lat' dir='ltr'>Immo</span> 
     </span>
     <span class='ocr_line' id='line_1_38' title="bbox 402 4497 1509 4583; baseline 0.003 -24"><span class='ocrx_word' id='word_1_310' title='bbox 402 4497 500 4560; x_wconf 82' lang='lat' dir='ltr'>hebet</span> <span class='ocrx_word' id='word_1_311' title='bbox 515 4506 605 4561; x_wconf 83' lang='lat' dir='ltr'>vetus</span> <span class='ocrx_word' id='word_1_312' title='bbox 619 4498 776 4582; x_wconf 87' lang='lat' dir='ltr'>interpres</span> <span class='ocrx_word' id='word_1_313' title='bbox 791 4499 935 4574; x_wconf 83' lang='lat' dir='ltr'>Rufinus,</span> <span class='ocrx_word' id='word_1_314' title='bbox 950 4520 1036 4582; x_wconf 78' lang='lat' dir='ltr'>qoem</span> <span class='ocrx_word' id='word_1_315' title='bbox 1051 4509 1154 4562; x_wconf 76' lang='lat' dir='ltr'>contro</span> <span class='ocrx_word' id='word_1_316' title='bbox 1167 4508 1356 4583; x_wconf 61' lang='lat' dir='ltr'>praeceptum</span> <span class='ocrx_word' id='word_1_317' title='bbox 1372 4500 1509 4563; x_wconf 79' lang='lat' dir='ltr'>Coeaaris</span> 
     </span>
     <span class='ocr_line' id='line_1_39' title="bbox 399 4599 1508 4684; baseline 0.003 -23"><span class='ocrx_word' id='word_1_318' title='bbox 399 4599 573 4683; x_wconf 68' lang='lat' dir='ltr'>prot-{ficari</span> <span class='ocrx_word' id='word_1_319' title='bbox 582 4600 695 4684; x_wconf 79' lang='lat' dir='ltr'>populo</span> <span class='ocrx_word' id='word_1_320' title='bbox 708 4600 805 4663; x_wconf 78' lang='lat' dir='ltr'>volcas</span> <span class='ocrx_word' id='word_1_321' title='bbox 822 4601 878 4663; x_wconf 77' lang='lat' dir='ltr'>&amp;a</span> <span class='ocrx_word' id='word_1_322' title='bbox 922 4599 1102 4680; x_wconf 78' lang='lat' dir='ltr'>Quinetiam</span> <span class='ocrx_word' id='word_1_323' title='bbox 1118 4602 1200 4663; x_wconf 86' lang='lat' dir='ltr'>hanc</span> <span class='ocrx_word' id='word_1_324' title='bbox 1219 4599 1410 4664; x_wconf 88' lang='lat' dir='ltr'>sententiam</span> <span class='ocrx_word' id='word_1_325' title='bbox 1429 4607 1508 4664; x_wconf 86' lang='lat' dir='ltr'>sunt</span> 
     </span>
     <span class='ocr_line' id='line_1_40' title="bbox 402 4700 1506 4783; baseline 0.003 -20"><span class='ocrx_word' id='word_1_326' title='bbox 402 4700 539 4783; x_wconf 86' lang='lat' dir='ltr'>amplexi</span> <span class='ocrx_word' id='word_1_327' title='bbox 563 4701 781 4765; x_wconf 82' lang='lat' dir='ltr'>Tillemontius</span> <span class='ocrx_word' id='word_1_328' title='bbox 802 4702 897 4764; x_wconf 80' lang='lat' dir='ltr'>Mem.</span> <span class='ocrx_word' id='word_1_329' title='bbox 918 4702 1002 4765; x_wconf 77' lang='lat' dir='ltr'>Eocl.</span> <span class='ocrx_word' id='word_1_330' title='bbox 1026 4710 1059 4765; x_wconf 92' lang='lat' dir='ltr'>et</span> <span class='ocrx_word' id='word_1_331' title='bbox 1083 4701 1264 4765; x_wconf 88' lang='lat' dir='ltr'>Lardnerus</span> <span class='ocrx_word' id='word_1_332' title='bbox 1288 4701 1321 4763; x_wconf 93' lang='lat' dir='ltr'>in</span> <span class='ocrx_word' id='word_1_333' title='bbox 1348 4700 1506 4766; x_wconf 77' lang='lat' dir='ltr'>Testimors.</span> 
     </span>
    </p>
   </div>
   <div class='ocr_carea' id='block_1_5' title="bbox 0 0 1920 5650">
    <p class='ocr_par' dir='ltr' id='par_1_6' title="bbox 0 0 1920 5650">
     <span class='ocr_line' id='line_1_41' title="bbox 0 0 1920 5650; baseline 0 0"><span class='ocrx_word' id='word_1_334' title='bbox 0 0 1920 5650; x_wconf 95' lang='lat' dir='ltr'> </span> 
     </span>
    </p>
   </div>
  </div>
 </body>
</html>
