3809 5650
476 686 528 751 IN
553 684 697 750 EPIST.
724 685 752 746 V
758 685 941 750 lENNEN.
967 687 1023 750 ET
1050 687 1314 754 LUGDUNEN.
1380 695 1445 757 343

347 862 365 888 “
382 852 501 937 petreri
516 852 591 915 sassi
608 859 711 915 eraut.
755 853 802 916 At
817 875 891 916 vero
907 853 990 916 unde
1005 861 1129 917 constet
1144 853 1250 938 lapsos
1265 855 1332 919 haec
1344 856 1445 921 lassos

345 955 451 1030 luisse,
467 954 587 1039 ignoro,
603 952 758 1037 siquidem
773 954 812 1016 de
827 953 987 1038 lapsorum
1008 954 1222 1040 hujuscemodi
1242 957 1444 1033 consessione,

345 1057 433 1132 nihil,
444 1056 529 1141 quod
540 1057 680 1131 credam,
689 1056 757 1118 haec
768 1056 853 1120 inter
861 1064 979 1119 exstet.
1008 1056 1127 1120 Valesii
1138 1056 1303 1121 lectionem
1317 1059 1444 1124 firmant

343 1161 433 1222 Lectt
458 1159 557 1221 Venet.
574 1157 645 1221 MS.
662 1157 801 1242 Norsolc.
818 1180 890 1220 cum
904 1159 1053 1242 allarpioe
1071 1158 1173 1242 sepo.
1188 1159 1233 1222 ed.
1251 1160 1284 1221 ia
1301 1159 1443 1225 Bittiort.

344 1261 435 1324 Bodl.
451 1260 760 1346 Christopdorsoniqae
772 1261 856 1324 lectt
909 1260 1032 1324 Extare
1047 1260 1078 1322 in
1092 1262 1221 1325 iussos
1232 1262 1326 1346 Itepio
1336 1263 1443 1327 Paris.

347 1384 374 1427 1.
390 1363 632 1449 Florentia-isque
648 1364 802 1447 Stephani
819 1362 995 1437 lectionem,
1012 1362 1109 1427 refert
1129 1362 1255 1446 quidem
1271 1363 1442 1440 Burtonus,

344 1467 397 1528 sed
418 1472 502 1529 teste
524 1466 667 1529 codicum
688 1464 945 1528 Florentinorum
968 1465 1135 1528 cellatione
1151 1465 1364 1543 Gronoviana,
1381 1488 1445 1531 uns

344 1569 383 1630 de
398 1568 459 1630 illis
478 1567 674 1648 βλασφήμοις
694 1565 834 1629 habebat
853 1587 873 1629 a
894 1565 996 1650 primu
1016 1588 1121 1641 manu,
1138 1567 1214 1629 dum
1232 1566 1264 1629 in
1285 1568 1387 1633 altere
1407 1576 1444 1633 ut

343 1667 436 1732 lectio
452 1668 587 1743 varians,
603 1668 645 1731 ad
661 1689 749 1730 oram
765 1667 966 1730 afferebatur.

386 1768 424 1830 P.
441 1789 515 1853 304.
533 1767 552 1830 l.
573 1785 620 1848 17.
638 1773 699 1833 πῶς
718 1767 756 1830 δν
776 1769 878 1830 παιδία
899 1765 1042 1852 φάγοιεν]
1057 1766 1225 1831 Erubescat
1246 1790 1333 1832 error
1354 1777 1445 1832 ecstor

345 1868 537 1941 Chrestiaos‘s,
552 1869 606 1953 qui
620 1889 656 1930 ne
669 1868 853 1931 astructione
867 1869 987 1953 quidem
1001 1870 1175 1953 sanquinem
1195 1870 1229 1932 io
1248 1869 1343 1953 spretis
1362 1892 1441 1934 osca·

343 1971 432 2034 lentis
446 1970 596 2048 tabernas,
610 1972 664 2056 qai
672 1981 836 2055 propterea
856 1993 969 2055 qaoque
987 1971 1139 2053 suffocatis
1159 1981 1184 2033 et
1204 1971 1369 2034 morticinis
1388 1969 1442 2034 ab·

341 2074 490 2148 stiaemas,
505 2095 542 2136 rte
561 2094 618 2158 qao
637 2072 722 2136 modo
740 2073 886 2155 scopolus
906 2074 1141 2136 contaminemur
1156 2072 1203 2136 oet
1221 2073 1308 2136 intro
1327 2073 1443 2137 viscera

341 2175 462 2258 sepulto.
486 2175 617 2239 Tertull.
634 2175 728 2259 Apol.
745 2198 814 2257 cap.
831 2196 861 2256 9.
907 2175 1031 2238 Eadem
1047 2175 1112 2238 fere
1127 2182 1273 2238 assemnt
1290 2175 1443 2259 Origenes

342 2286 455 2341 contra
469 2276 595 2340 Celsum
610 2275 664 2339 lib.
682 2276 744 2340 viii.
762 2277 846 2341 eirca
861 2278 1007 2340 medium.
1048 2278 1206 2342 lllinutius
1222 2276 1313 2340 Felix
1329 2278 1440 2342 Oetev.

342 2401 414 2463 pag.
441 2398 493 2460 55.
522 2379 622 2441 Clem.
649 2379 744 2441 Alex.
769 2380 899 2462 Paedeg.
923 2380 976 2442 lib.
1001 2379 1043 2442 iii.
1067 2402 1134 2464 cap.
1158 2401 1189 2462 3.
1213 2403 1311 2464 prope
1337 2382 1442 2447 finem.

342 2480 485 2543 Ecclesia
510 2479 683 2542 Orientalis
708 2479 790 2543 hanc
812 2480 1039 2544 abstinentiam
1062 2491 1216 2564 perpetuo
1239 2484 1385 2557 servavit,
1409 2493 1443 2549 et

341 2582 514 2644 etiamnum
530 2586 645 2643 servat.
694 2581 908 2665 Augustinum
924 2604 1007 2656 vere,
1024 2581 1163 2665 aliosque
1179 2582 1319 2667 ejusdem
1335 2585 1443 2650 estatis

342 2681 549 2757 Christianos,
566 2682 598 2744 iu
619 2683 779 2746 contraria
799 2682 895 2744 luisse
918 2682 1076 2765 opinione,
1090 2705 1129 2745 ex
1152 2683 1202 2744 his
1224 2683 1321 2767 ipsius
1337 2687 1442 2751 verbis

341 2782 445 2868 palem
461 2791 520 2847 est.
556 2783 601 2847 Et
615 2782 947 2868 chiemseensem
962 2783 1149 2866 totiseffecto
1165 2794 1216 2861 cst,
1231 2794 1264 2848 at
1278 2787 1312 2849 ιἰι
1326 2808 1362 2849 eo
1376 2787 1443 2851 nol-

341 2886 387 2949 tns
402 2886 549 2950 Israelita
564 2887 700 2951 carseolis
714 2894 885 2970 appaream
910 2886 978 2970 quis
985 2886 1055 2969 jorn
1069 2886 1121 2949 too
1135 2885 1276 2963 observat,
1292 2898 1326 2951 at
1340 2889 1443 2953 tardos

341 2990 389 3052 oet
400 2990 573 3053 minutiores
587 2989 723 3055 aviculas
737 3011 796 3052 ooo
810 2989 950 3073 attioyot,
966 2989 1028 3052 uisi
1044 3010 1174 3073 quoram
1193 2991 1317 3073 sanquis
1334 2993 1443 3072 effosm

340 3095 407 3155 est?
434 3096 500 3156 Aut
519 3094 646 3178 leporem
667 3115 726 3156 ιιοιι
747 3093 826 3167 edet,
841 3094 870 3155 si
892 3114 986 3183 mona
1007 3114 1027 3155 ο
1050 3092 1160 3154 cervice
1175 3094 1443 3175 percusseramus

340 3204 458 3257 cruento
475 3195 594 3258 saluere
612 3196 721 3258 cccmus
739 3196 804 3257 est?
849 3195 895 3257 Et
916 3195 970 3278 qai
983 3195 1068 3276 sorte
1088 3192 1188 3256 attus
1201 3195 1298 3277 persei
1321 3205 1443 3280 tauyere

339 3297 399 3358 ista
404 3298 590 3380 formidaret,
606 3320 627 3360 a
641 3298 745 3360 ceteris
759 3296 940 3360 irridenter.
967 3294 1139 3380 Augustin.
1155 3303 1269 3358 contra
1284 3294 1441 3362 Faustum

342 3398 481 3462 Manich.
498 3399 551 3462 lib.
568 3399 666 3463 xxxii.
682 3421 751 3483 cap.
774 3419 819 3482 ¹3·
843 3398 1001 3489 Rsxnrne.

384 3503 421 3564 P.
438 3519 510 3586 305.
527 3500 546 3563 l.
568 3520 594 3563 Ι.
612 3502 661 3563 καὶ
682 3502 721 3585 τῷ
740 3501 853 3587 κλήρῳ]
876 3502 924 3564 καὶ
945 3503 979 3564 ἐν
996 3504 1036 3585 τῷ
1054 3508 1100 3563 κλ.
1116 3502 1191 3564 MS.
1207 3501 1301 3565 Boot.
1348 3501 1440 3567 Nune

338 3603 429 3665 addit
445 3602 607 3665 Burtonus
621 3602 705 3665 codd.
721 3602 809 3666 Med.
825 3603 911 3666 Moe.
927 3603 1037 3667 Faket.
1053 3604 1309 3688 Florentinosqoe.

384 3703 467 3766 lbid.
482 3703 503 3766 l.
521 3718 551 3785 7.
568 3705 681 3771 καὶτὰς
697 3707 730 3767 ἓν
745 3709 785 3788 τῷ
801 3707 880 3788 ξύλῳ
895 3703 1045 3769 διατάσεις
1059 3711 1117 3767 τῶν
1131 3704 1246 3791 ποδῶν]
1271 3705 1441 3789 Superiore

338 3802 419 3864 libro
434 3803 485 3866 ubi
501 3803 541 3867 de
556 3805 578 3866 J
581 3804 678 3869 ustini
692 3804 846 3888 martyrio
861 3805 982 3868 dictum
997 3819 1056 3882 est,
1070 3805 1303 3868 observavimus
1317 3808 1408 3882 ξύλον
1419 3829 1441 3869 a

338 3904 461 3968 Graecis
483 3905 556 3983 dici,
572 3928 665 3990 quem
687 3905 795 3971 Latini
816 3906 980 3991 appellant
1002 3927 1137 3969 ocream.
1184 3906 1224 3967 Id
1248 3905 1340 3990 plane
1367 3928 1439 3970 con-

337 4008 445 4073 firmat
459 4010 593 4072 Rufinus
609 4009 662 4092 qui
677 4009 760 4073 hunc
776 4010 879 4072 locum
895 4009 942 4071 ite
962 4007 1206 4089 interpretetur.
1249 4009 1300 4069 Ac
1318 4008 1440 4090 septimo

338 4112 387 4190 (at
401 4110 521 4191 diecret)
530 4121 643 4193 poeste
657 4111 692 4173 io
705 4131 794 4171 ser-oo
801 4109 903 4192 pedes,
919 4116 1127 4191 contraquam
1144 4106 1293 4189 credisas
1310 4117 1362 4182 est,
1378 4108 1440 4171 dis-

337 4211 418 4288 teeti,
434 4212 469 4274 ia
492 4212 597 4274 iatineo
612 4232 776 4295 poenorum
799 4210 859 4272 loco
882 4210 1063 4293 deperirent.
1109 4208 1182 4271 Has
1207 4213 1355 4275 διατάσεις
1380 4213 1439 4273 τῶν

336 4314 436 4376 ποδῶν
450 4313 569 4396 optime
584 4312 740 4396 expressit
756 4311 950 4375 Prudentius
965 4311 998 4374 iu
1014 4311 1156 4374 versibus
1179 4333 1258 4394 quos
1277 4332 1373 4393 supra
1393 4311 1436 4375 ci-

337 4416 482 4479 tavimus.

674 4503 826 4587 Ltpeoqae
833 4501 961 4585 plautas
975 4500 1091 4572 inserit,

680 4588 874 4651 Dioardcotis
888 4583 1038 4648 creridas.

337 4720 439 4783 Porro
454 4720 548 4805 hujus
563 4721 707 4806 supplicii
721 4722 789 4785 haec
804 4721 929 4785 videtur
943 4721 1039 4785 fuisse
1053 4721 1165 4785 forma.
1212 4720 1355 4784 Truncus
1376 4718 1436 4783 luit
