3809 5650
899 658 952 730 vii

399 853 500 928 libus
530 855 644 929 undis
673 856 909 942 emersimus
937 856 1019 929 sine
1049 856 1168 930 atroci
1194 855 1339 952 flagitio
1373 879 1450 931 non

400 996 588 1070 violanda.
639 997 797 1070 Accedit
826 998 952 1084 etiam,
981 998 1082 1093 quod
1110 1021 1188 1092 pax
1218 1000 1334 1086 istaec,
1362 1022 1450 1072 curn

400 1138 467 1210 diu
495 1144 712 1232 temporum
738 1138 861 1210 solum
885 1138 1051 1231 justitiae
1078 1139 1162 1212 visa
1186 1147 1287 1219 esset
1312 1141 1450 1226 deberi,

401 1279 548 1374 legibus
565 1279 780 1353 durioribus
796 1280 873 1353 illis
893 1280 1086 1375 abrogatis
1102 1280 1206 1353 haud
1227 1281 1284 1354 ita
1304 1282 1450 1375 pridem

401 1418 573 1492 stabilita
597 1426 666 1491 est.
718 1418 794 1492 Vos
823 1426 954 1492 autem
977 1420 1061 1512 Jam
1088 1425 1173 1493 tum
1200 1420 1277 1494 illis
1306 1428 1452 1517 tempo·

402 1560 507 1632 ribus
535 1559 684 1665 animos
708 1559 748 1631 in
774 1560 940 1653 patriam
966 1559 1156 1653 gerebatis
1184 1567 1313 1653 gratos
1339 1561 1451 1636 fidos-

402 1721 496 1794 que;
522 1721 645 1794 neque
672 1700 774 1771 enim
800 1700 1132 1785 exulcerabantur,
1160 1699 1257 1773 bene
1280 1702 1448 1785 memini,

403 1839 450 1911 ob
477 1860 588 1911 voces
617 1845 766 1912 vestras
796 1840 985 1935 supplices
1012 1840 1215 1933 neglectas
1239 1842 1382 1935 jusque
1411 1842 1450 1913 in

403 1979 520 2051 sacris
533 1978 760 2072 permissum
778 1978 884 2052 vobis
897 1979 1048 2053 nonnisi
1065 1981 1289 2073 precarium.
1326 1979 1452 2055 Vivite

402 2118 528 2212 igitur,
559 2118 658 2191 sicut
688 2119 827 2204 soletis,
856 2120 1004 2192 ambitu
1034 2121 1203 2213 partium
1230 2120 1386 2209 remoti3
1412 2126 1453 2192 et

402 2259 526 2332 Deum
561 2260 737 2334 omnibus
775 2262 1009 2355 temporibus
1046 2268 1196 2355 sperate
1234 2261 1450 2355 propitium,

405 2412 424 2440 ‘⁴
436 2402 477 2473 in
493 2424 586 2495 pace
603 2404 816 2496 praemium,
835 2405 900 2498 qui
919 2404 1042 2475 virtus
1060 2402 1100 2473 in
1117 2402 1246 2473 belle.’'

454 2685 640 2759 Faustum
657 2707 768 2759 omen
785 2684 955 2779 accipite.
1005 2684 1319 2757 Commuuionem
1337 2683 1453 2777 potis-

404 2826 544 2900 simum
562 2834 728 2900 vestram
746 2827 867 2899 voluit
884 2849 968 2900 esse
981 2826 1148 2899 ecclesiae
1162 2823 1452 2918 Novo-Anglicae

403 2967 602 3039 matricem
646 2988 820 3039 summus
859 2966 923 3038 ille
959 2962 1204 3037 ecclesiarum
1246 2967 1377 3055 pastor
1414 2967 1453 3034 et

405 3106 582 3180 dominus
598 3107 784 3181 Dominus
801 3114 841 3180 et
864 3106 969 3179 Deus
985 3110 1115 3177 noster
1135 3102 1161 3174 J
1162 3122 1250 3174 esus
1267 3099 1452 3173 Christus.

405 3245 586 3341 Magnum
614 3253 716 3319 certe
745 3247 968 3339 clarumque
998 3244 1147 3316 Divinae
1178 3240 1453 3315 benevolentiae

406 3384 597 3458 indicium.
650 3386 734 3472 Quo
757 3388 873 3459 etiam
896 3386 1091 3481 provisum
1113 3389 1181 3467 est,
1200 3388 1245 3453 ut
1261 3380 1323 3454 cui
1347 3379 1453 3474 genti

407 3525 567 3620 vosipsi
593 3526 868 3599 successionem
896 3532 1064 3599 vestram
1091 3520 1364 3596 sacerdotalem
1391 3520 1454 3592 de·

406 3665 513 3751 betis,
539 3666 579 3737 in
605 3666 688 3759 ejus
712 3666 890 3760 progenie
919 3687 1050 3759 parem
1076 3661 1251 3737 referatis
1280 3659 1454 3754 gratiam,

407 3814 445 3881 et
473 3808 548 3902 ipsi
578 3808 778 3881 emineatis
803 3829 1046 3901 nequaquam
1071 3804 1221 3878 minimi
1249 3804 1288 3874 in
1319 3802 1456 3896 princi-

406 3948 519 4042 pibus
533 3948 657 4022 Judae.

459 4229 601 4318 Valete‚
628 4237 668 4305 et
693 4231 788 4304 illud
817 4232 913 4304 mihi
939 4230 1132 4325 ignoscite,
1153 4248 1215 4298 me
1239 4230 1393 4297 tenuem
1419 4229 1459 4294 et

409 4371 612 4445 obscurum
641 4372 834 4445 hominem
861 4396 973 4446 curas
999 4378 1146 4445 vestras
1172 4372 1288 4462 atque
1310 4364 1459 4437 labores

407 4510 680 4606 interpellasse.
745 4511 877 4597 Immo,
917 4512 949 4584 si
986 4510 1078 4604 quid
1119 4515 1158 4582 et
1191 4502 1459 4579 ardentissimo
