3809 5650
546 700 595 764 IN
618 701 867 766 HEGESIPPI
891 700 1192 766 FRAGMENTA.
1355 705 1421 769 237
1480 746 1484 753 -

320 880 340 909 “
356 872 419 935 alia
440 870 528 947 lucis,
551 872 755 936 tenebrarum
777 872 861 945 alia;
885 894 962 949 una,
978 894 1049 956 quae
1072 872 1160 936 ducit
1181 872 1223 935 ad
1246 871 1355 946 vitam,
1376 870 1421 935 al-

319 981 342 1011 “
359 980 430 1036 tera
444 974 486 1035 ad
501 982 655 1045 mortem
680 973 766 1057 (vide
786 974 934 1038 Menardi
955 982 988 1038 et
1003 973 1152 1039 Ootelerii
1172 981 1266 1036 notas
1285 973 1326 1036 ad
1344 973 1421 1036 Bar-

319 1082 338 1108 “
351 1074 442 1137 nabae
458 1075 562 1160 Epist.
579 1077 608 1157 ξ.
628 1078 693 1161 18.)
708 1077 755 1140 ita
770 1092 804 1140 et
824 1077 902 1139 duos
918 1087 1028 1160 portas
1042 1076 1107 1140 sive
1124 1076 1187 1137 duo
1207 1075 1291 1139 ostia
1309 1074 1333 1137 J
1335 1074 1419 1137 udaei

320 1184 341 1212 “
357 1176 468 1238 crebro
484 1176 516 1238 in
531 1199 585 1240 ore
600 1177 747 1241 habuisse
763 1178 920 1254 videntur,
937 1177 984 1241 uti
1001 1177 1159 1261 colligitur
1174 1199 1214 1240 ex
1231 1176 1353 1240 Matth.
1370 1176 1420 1238 vii.

320 1286 338 1312 “
356 1298 403 1362 ¹3·
424 1288 457 1341 et
472 1300 558 1361 sequ.
576 1279 630 1341 ubi
646 1279 798 1343 Servator
814 1290 937 1363 porram
951 1280 1088 1364 amptum
1101 1288 1130 1342 et
1148 1278 1312 1362 spatiosam
1327 1279 1420 1353 ciana

320 1387 339 1413 ‘⁴
355 1401 412 1442 nec
438 1401 502 1441 non
527 1389 685 1462 arepertum
707 1390 833 1463 portam
856 1390 883 1443 et
908 1390 1026 1443 oratam
1051 1380 1133 1442 aiam
1159 1379 1333 1463 conjungit.
1381 1380 1422 1443 ld

318 1488 338 1514 ‘⁶
353 1480 461 1563 itaque
475 1480 499 1542 J
501 1481 582 1543 udaei
599 1481 658 1543 hao
674 1481 848 1563 quaestione
863 1481 1037 1544 intendisse
1053 1481 1208 1555 videntur,
1226 1489 1262 1545 ut
1277 1479 1420 1545 Jacobus

320 1590 340 1617 “
355 1583 568 1665 profiteretur,
584 1581 735 1666 quidnam
753 1582 813 1666 ipsi
832 1583 993 1646 videretur
1008 1584 1047 1647 de
1062 1584 1086 1645 J
1088 1603 1144 1646 esu
1159 1581 1298 1659 christo,
1314 1591 1421 1645 utrum

321 1691 340 1718 ‘⁸
355 1683 407 1747 ille
427 1684 524 1748 luerit
544 1684 658 1747 doctor
676 1683 834 1760 veritatis,
859 1706 901 1747 an
921 1685 1090 1758 seductam
1121 1705 1165 1746 an
1185 1684 1253 1767 ejus
1275 1683 1422 1747 doctrina

321 1785 403 1847 “vel
424 1786 502 1848 fides
522 1784 555 1846 in
576 1784 679 1869 ipsum
699 1794 784 1849 esset
804 1795 899 1869 porte
918 1795 1016 1870 atque
1030 1787 1082 1850 via
1101 1786 1214 1849 salutis
1228 1794 1262 1849 et
1277 1786 1362 1861 vitae,
1379 1806 1422 1848 an

322 1886 542 1970 “perditionis
571 1895 670 1969 atque
698 1886 821 1949 mortis.
867 1886 992 1956 Quibus
1022 1887 1073 1950 ille
1101 1886 1276 1970 respondit,
1303 1889 1421 1964 Ἰησοῦν

321 1997 340 2023 “
357 1988 434 2052 εἶναι
454 1992 581 2068 σωτῆρα,
600 1990 706 2051 Jeeum
728 2010 785 2052 ecee
800 1991 993 2052 Structorem
1010 1991 1126 2052 ruendi.
1172 1990 1217 2053 Et
1234 1989 1330 2073 paulo
1348 1996 1422 2073 post

321 2098 341 2125 “
356 2112 452 2174 supra
471 2113 543 2175 pag.
567 2107 633 2172 107.
681 2090 765 2168 Quid
777 2112 823 2154 rue
836 2092 1031 2176 interrogantis
1045 2090 1081 2154 de
1094 2091 1248 2171 Jaufilio
1264 2090 1420 2153 hominia?

322 2200 341 2227 ‘⁸
356 2193 418 2276 ipae
438 2193 518 2255 sedet
539 2192 573 2254 iu
593 2191 663 2256 coelo
685 2215 706 2256 α
728 2191 845 2255 deutris
866 2215 990 2255 carruae
1013 2193 1147 2268 virtutb,
1169 2201 1361 2256 ereatura
1381 2200 1422 2255 eet

320 2303 341 2331 ‘·
357 2295 391 2357 in
406 2293 532 2357 aubibus
546 2293 641 2357 oeli?
665 2293 745 2357 Haec
762 2294 900 2357 Grabius
915 2317 945 2377 p.
965 2312 1037 2378 255.
1084 2294 1281 2357 Moshemius
1301 2300 1421 2368 autem,

320 2395 352 2457 in
368 2394 422 2458 lib.
437 2397 485 2459 De
500 2394 598 2459 aaa
615 2395 858 2458 Christianorum
871 2405 941 2458 aare
961 2398 1061 2458 Cenat.
1078 2395 1127 2458 M.
1144 2395 1223 2459 Saec.
1242 2397 1269 2458 l.
1287 2396 1316 2477 ξ.
1333 2395 1420 2458 xxiii.

321 2521 352 2582 p.
369 2520 420 2583 95.
440 2508 609 2584 postquem
628 2498 744 2563 eruditi
769 2500 933 2583 cujusdam
957 2498 1043 2562 Galli
1067 2498 1202 2583 protulit
1228 2499 1422 2562 emendatio-

322 2622 403 2672 nem,
423 2600 475 2683 qui
496 2600 681 2664 vocabulum
703 2603 777 2680 θύρα
797 2600 993 2664 Hebraicum
1013 2622 1082 2663 esse
1097 2599 1309 2684 judicaverat,
1324 2608 1422 2684 atque

322 2704 458 2767 scribere
467 2703 610 2786 jusserat
623 2711 727 2770 ΠἾἸΠ
738 2705 794 2782 la,
807 2712 864 2767 aut
880 2703 987 2789 potius
1002 2705 1076 2783 θύρα
1091 2704 1338 2766 convertendum
1353 2725 1422 2766 esse

323 2804 354 2866 in
376 2806 450 2886 θόρα
469 2811 613 2887 putarat,
634 2804 715 2869 istac
733 2806 915 2891 improbata
934 2805 1118 2889 conjectura
1133 2803 1244 2868 vitium
1264 2803 1341 2889 ipse,
1357 2825 1420 2866 non

322 2906 354 2968 in
378 2906 530 2969 vocabulo
554 2908 638 2987 θύρα,
663 2908 718 2970 aed
742 2908 850 2991 potius
873 2908 906 2970 iu
930 2907 1057 2970 nomine
1080 2907 1103 2970 J
1106 2929 1161 2970 esu
1186 2907 1286 2990 quari
1313 2906 1422 2969 deberi

321 3017 447 3083 oenset;
480 3008 649 3071 nonenim
673 3009 810 3086 dubitat,
832 3010 908 3093 quin
933 3009 1039 3094 patrio
1063 3030 1205 3072 sermone
1231 3031 1293 3092 quo
1314 3007 1337 3070 J
1340 3008 1422 3071 udaei

322 3110 505 3185 utebantur,
521 3109 708 3173 vocabulum
728 3111 879 3175 «leschoah
897 3119 1014 3187 mmm*
1034 3110 1250 3181 adhibuerint,
1265 3117 1362 3192 atque
1382 3131 1422 3172 ex

322 3209 345 3271 J
347 3210 446 3273 aeobo
462 3210 684 3292 quaesiverint3
708 3211 778 3283 Die,
795 3235 955 3297 rogamus,
970 3212 1073 3286 nobis,
1089 3212 1251 3296 quodnam
1265 3210 1323 3274 tibi
1339 3210 1422 3274 vide-

322 3320 398 3373 atur
418 3333 486 3374 esse
508 3312 620 3375 salutis
643 3313 783 3377 ostiuml
827 3315 975 3378 Graecum
1000 3314 1208 3397 interpretem
1232 3334 1306 3376 vero
1328 3311 1422 3395 hujus

322 3411 517 3495 quaestionis,
540 3421 598 3476 aut
624 3414 777 3477 sermonis
804 3415 957 3478 Hebraici
984 3436 1048 3477 non
1074 3413 1167 3476 nimis
1196 3434 1340 3497 gnarum,
1365 3419 1423 3476 aut

322 3513 426 3576 minus
443 3520 614 3591 attentum,
631 3536 745 3578 nomen
765 3516 926 3601 proprium
945 3515 1118 3580 servatoris
1135 3514 1237 3578 nostri
1252 3516 1344 3577 deora
1357 3536 1423 3577 oer-

323 3637 397 3679 nerc
422 3638 456 3678 se
482 3624 621 3699 putasse,
648 3623 682 3680 ct
707 3639 874 3702 perperam
897 3617 1015 3681 ideirco
1040 3616 1214 3701 scripsisse,
1238 3617 1322 3693 τίςὴ
1349 3618 1423 3696 θύρα

322 3716 431 3792 Ἰησοῦ,
448 3739 506 3801 pro
525 3718 569 3783 τίς
588 3719 606 3796 ἡ
625 3719 699 3797 θύρα
719 3724 769 3796 τῆς
790 3722 955 3798 σοτηρίαςς
984 3719 1105 3803 Atque,
1124 3717 1150 3779 si
1171 3716 1217 3780 ita
1234 3716 1423 3779 Judaeorum

323 3818 457 3897 quaestio
476 3818 684 3903 intelligatur,
704 3819 782 3882 nihil
797 3820 864 3883 lieri
887 3820 995 3902 aptius
1016 3840 1110 3902 posse
1131 3818 1179 3880 vir
1198 3817 1236 3880 el.
1257 3824 1352 3900 putat
1372 3838 1420 3879 re·

322 3918 489 4002 sponsione
513 3920 640 3983 Jacobi.
686 3922 773 3984 Huic
804 3942 899 4004 porro
929 3921 1118 4003 conjecturae
1147 3917 1301 3981 caleulum
1331 3938 1423 3979 suum

322 4019 413 4081 addit
442 4019 479 4081 ol.
510 4020 676 4084 Michaelis
704 4023 736 4083 in
766 4022 935 4085 Introduct.
962 4021 1007 4084 ad
1030 4022 1110 4083 Noe.
1140 4019 1214 4081 Text.
1241 4039 1310 4100 cap.
1338 4017 1421 4079 xxvi.

323 4121 406 4184 Sect.
426 4120 489 4183 ΙΙΙ.
535 4124 584 4186 At
604 4123 750 4185 consulas
770 4123 806 4185 ol.
823 4122 1032 4186 Sehulthcssii
1049 4118 1206 4203 Spartolos
1226 4119 1321 4181 modo
1339 4140 1422 4181 com·

323 4234 515 4286 memoratus
531 4223 589 4286 vol.
606 4223 625 4285 i.
643 4246 694 4307 pp.
711 4244 752 4307 45
769 4232 802 4287 et
821 4227 891 4307 136.

367 4327 430 4388 Sed
452 4326 521 4388 haec
545 4326 708 4388 hactenus.
749 4326 781 4386 A
807 4323 967 4387 Michaele
993 4324 1120 4408 quidem
1146 4323 1247 4406 Glyce
1270 4322 1423 4387 afferente

323 4425 405 4489 huno
421 4426 522 4490 locum
535 4427 567 4488 in
579 4424 754 4489 Annalibus
764 4426 830 4489 suis
841 4427 885 4491 τίς
899 4427 917 4503 ἡ
933 4426 1007 4506 θύρα
1023 4431 1075 4487 τοῦ
1089 4430 1172 4489 Θεοῦ
1186 4446 1244 4509 pro
1258 4428 1310 4486 τοῦ
1322 4422 1422 4501 Ἰησοῦ

323 4528 475 4612 seriptum
490 4529 603 4591 inveni.
621 4529 660 4591 P.
674 4527 716 4590 iii.
732 4550 763 4611 p.
782 4526 855 4593 228.
873 4527 921 4589 ed.
939 4525 1079 4590 Labbaei.
1125 4525 1204 4606 Quis
1218 4547 1292 4588 vero
1307 4525 1367 4587 hac
1383 4526 1423 4589 de

322 4649 356 4690 rc
382 4630 478 4691 fidem
503 4630 594 4692 dabit
620 4630 697 4693 testi
723 4628 847 4713 longius
876 4652 896 4691 a
920 4635 1112 4713 tempestate
1138 4634 1274 4701 remoto,
1298 4627 1423 4689 oaeteris

322 4731 549 4794 vetustioribus
575 4731 721 4796 omnibus
744 4729 1057 4795 contradicentibus!
1094 4731 1248 4813 Idemque
1271 4729 1311 4791 de
1336 4728 1422 4790 The·
