3809 5650
544 696 590 760 IN
616 697 754 761 EPIST.
780 696 996 762 VIENNEN.
1021 696 1078 761 ΕΤ
1101 698 1365 764 LUGDUNEN.
1433 700 1497 762 353

443 874 479 936 Ρ.
487 892 507 956 3
518 894 524 935 Ι
534 893 563 938 2.
579 874 598 936 l.
613 894 662 936 11.
676 874 724 938 καὶ
737 874 881 954 μάρτυρες
895 880 957 941 τοῖς
971 877 1010 954 μὴ
1021 875 1166 955 μάρτυσιν
1178 876 1363 962 ἐχαρίζοντο]
1383 875 1421 938 ld
1437 883 1496 947 est,

396 975 545 1039 dextram
559 974 655 1059 lapsis
669 984 889 1060 porrexerunt,
907 985 940 1039 et
954 977 1142 1039 medicinam
1155 978 1379 1054 adhibuerunt,
1393 984 1426 1041 et
1441 998 1499 1060 pro

397 1076 436 1140 iis
451 1079 706 1142 intercesserunt.
747 1078 786 1141 ld
801 1077 884 1140 enim
899 1078 1044 1142 solebant
1059 1086 1225 1162 martyres,
1237 1088 1274 1143 ut
1288 1101 1327 1142 ex
1340 1079 1498 1164 Cypriane

398 1179 573 1244 didicimus.
597 1181 762 1242 Vannius.
794 1180 886 1242 Conl.
904 1199 921 1241 2
940 1180 1008 1243 Cor.
1026 1179 1058 1243 ii.
1075 1199 1104 1262 7.
1150 1181 1284 1245 Rufinus
1298 1189 1389 1245 vetus
1403 1182 1499 1245 inter-

398 1302 471 1365 pres
486 1283 582 1345 verba
597 1283 641 1345 sic
658 1282 775 1346 Latine
790 1280 906 1355 reddit,
920 1290 949 1343 et
968 1281 1029 1365 ipsi
1046 1282 1179 1344 οοτιάντο
1198 1292 1347 1366 rmrtyrea
1366 1283 1498 1346 cotona·

398 1384 528 1448 tioaibaa
541 1387 604 1448 raia
610 1386 763 1469 plurimos
777 1384 1101 1468 martyresfacc'edaat.
1137 1386 1217 1449 Mihi
1233 1395 1305 1450 orta
1320 1394 1369 1451 est
1383 1386 1499 1471 opinio,

399 1486 560 1569 scripsisse
582 1494 754 1561 auctorem,
783 1488 830 1548 καὶ
855 1486 1000 1566 μάρτυρες
1029 1494 1092 1554 τοῖς
1115 1490 1201 1565 μήπω
1226 1487 1372 1568 μάρτυσιν
1403 1491 1501 1571 ἐχαρί-

398 1588 492 1663 ζοντο.
508 1597 537 1650 et
550 1597 701 1671 martyres
722 1588 774 1662 ta,
788 1588 842 1670 qai
861 1588 1002 1649 nondum
1018 1598 1166 1670 martyres
1184 1599 1279 1664 eruat,
1298 1590 1435 1674 qratiam
1452 1589 1502 1654 da·

398 1688 509 1751 deraret
522 1699 551 1752 et
565 1699 775 1752 memmerunt.
806 1690 834 1750 A
850 1688 948 1751 codice
964 1689 1101 1772 Norfhle.
1118 1689 1274 1773 particula
1288 1692 1328 1770 ph
1342 1693 1443 1755 abest

447 1790 528 1852 lbid.
556 1790 576 1854 l.
599 1811 644 1870 ¹4
670 1789 898 1872 ὰνεμητροῦντο]
929 1789 1058 1853 Dudum
1083 1790 1277 1874 conjeceram
1303 1791 1503 1855 scribendum

399 1912 468 1954 esse
494 1893 720 1971 ἆνεμητροΰντο.
768 1893 886 1954 Postea
914 1913 988 1954 vcro
1014 1892 1046 1954 in
1073 1892 1179 1955 codice
1204 1892 1304 1976 Regio
1327 1893 1374 1956 ita
1397 1914 1503 1977 super·

400 1992 553 2077 scriptum
573 1992 676 2056 inveni
696 1993 807 2056 eadem
826 2014 933 2056 manu.
978 1992 1162 2062 Quinetiam
1183 1993 1504 2078 (lhristophorsonum

401 2094 448 2157 ita
462 2093 574 2179 legisse
589 2102 732 2178 apparet.
753 2117 784 2180 p.
794 2113 813 2177 3
824 2096 869 2157 ¹8.
912 2097 1128 2180 Hieronymus
1148 2096 1180 2159 in
1200 2118 1268 2181 cap.
1281 2097 1320 2159 iv.
1342 2097 1445 2183 Epist.
1462 2097 1505 2160 ad

402 2196 556 2260 Galatas:
580 2197 644 2259 Sed
664 2208 692 2260 et
715 2197 798 2260 itata
819 2209 861 2261 ert
886 2199 1073 2276 intuendam,
1100 2200 1180 2284 qaod
1203 2201 1257 2285 qai
1273 2222 1334 2284 par
1349 2209 1506 2286 peccatam

401 2298 615 2381 quedammodo
635 2299 718 2361 tortio
741 2321 799 2362 aare
825 2300 962 2375 decimat,
981 2323 1041 2385 per
1060 2303 1272 2386 penitentiam
1295 2303 1464 2387 emtcipimr
1485 2323 1506 2364 a

401 2401 555 2485 capistro,
580 2410 608 2462 ct
630 2423 752 2463 rursum
774 2403 808 2464 ia
827 2425 859 2465 ω
884 2403 998 2466 utrici
1020 2406 1194 2486 reformatio
1216 2406 1435 2489 repromittitur
1449 2404 1504 2479 dsc.

404 2503 568 2563 Vnnrsrus.
606 2504 821 2581 ἀνεμετροῦντο
850 2504 935 2565 codd.
966 2512 999 2566 et
1028 2505 1095 2567 edd.
1128 2527 1246 2568 omnes.
1285 2509 1506 2587 ἆνεμορφοῦντο

404 2602 570 2685 Otriatopl.
595 2603 688 2664 Lertt.
709 2609 745 2665 at
767 2603 798 2665 in
821 2604 964 2667 versione
988 2612 1130 2668 nostram
1154 2606 1319 2669 lectionem
1341 2607 1508 2690 expressit,

403 2725 474 2788 quae
495 2702 593 2766 etiam
613 2701 644 2764 in
671 2703 740 2766 cod.
761 2703 839 2788 Reg.
864 2704 1079 2787 superscripta
1105 2712 1165 2780 est,
1193 2707 1349 2789 probante
1373 2706 1507 2768 Valcsio.

404 2807 537 2870 Srnorn.
577 2803 694 2869 Errare
713 2805 839 2870 videtur
859 2806 906 2868 vir
924 2806 963 2869 cl.
987 2806 1070 2869 circa
1090 2806 1263 2870 versionem
1285 2793 1508 2892 Christophor·

403 2909 483 2985 soni,
500 2930 570 2993 quae
585 2909 692 2981 habet,
708 2909 819 2971 lteram
833 2909 868 2970 ia
882 2906 1014 2971 mamhra
1026 2910 1171 2991 forem,
1188 2908 1264 2971 illud
1285 2911 1508 2990 ἆνεμορφοῦντο

404 3011 512 3096 potius
526 3017 643 3074 secuta.
693 3010 796 3073 Vertit
819 3010 982 3073 Musculus
1004 3009 1232 3093 rejtapehaatar.
1275 3011 1420 3074 Proxime
1436 3032 1510 3073 vero

405 3122 481 3177 ante
500 3113 568 3177 haec
583 3125 616 3176 et
632 3113 664 3175 in
680 3136 710 3196 p.
727 3133 799 3195 299.
815 3112 944 3174 verbum
961 3133 1085 3194 quoque
1100 3115 1281 3191 ἑκτιτρώσκω
1296 3112 1510 3197 metaphorice

405 3215 584 3278 adhibetur.
630 3212 712 3282 Quae
742 3214 864 3276 interea
890 3220 1079 3296 argumenta
1103 3234 1160 3297 pro
1189 3214 1329 3277 codicum
1354 3214 1511 3297 scriptura

406 3319 621 3396 ἀνεμετροῦντο
635 3315 746 3379 attulit
761 3314 799 3377 cl.
817 3316 991 3389 Burtonus‚
1005 3336 1043 3378 ea
1058 3336 1158 3402 nuper
1170 3316 1322 3380 refutavit
1338 3315 1370 3377 in
1383 3315 1510 3400 Sapple

405 3428 501 3481 meato
516 3419 669 3480 Notaram
683 3416 728 3479 ad
740 3415 903 3479 Eri-reditun
918 3438 1008 3479 suum
1028 3416 1251 3481 Heinichenus

453 3519 633 3596 lbid.l.17.
659 3517 923 3603 ἐγγλυκοίνοντοε]
950 3520 1024 3581 Ηοο
1043 3520 1173 3581 verbum
1193 3529 1260 3584 tam
1283 3519 1395 3591 active,
1417 3540 1511 3603 quam

406 3622 529 3703 passive
553 3619 632 3682 sumi
657 3625 773 3702 potest.
813 3619 857 3682 Et
885 3619 1084 3702 Nicephorus
1111 3622 1238 3705 quidem
1264 3622 1366 3685 active
1392 3622 1512 3684 (lictum

406 3721 571 3784 intellexit.
617 3721 669 3784 Sic
684 3720 767 3783 enim
784 3721 868 3784 hunc
883 3721 986 3784 locum
1002 3721 1214 3806 interpolavit,
1231 3725 1279 3786 καὶ
1300 3723 1511 3804 ἔγλυκαίνοντο

406 3821 531 3884 dadraei
552 3823 591 3900 μὴ
612 3822 753 3888 θέλοντος
774 3824 826 3885 τὸν
847 3823 987 3886 θάνατον.
1034 3824 1227 3906 Metaphora
1241 3831 1291 3885 est
1311 3824 1352 3886 ab
1375 3823 1512 3885 oleastro

406 3922 461 4006 qui
477 3923 590 3986 insitus
604 3923 767 4000 dulcescit,
783 3924 823 3986 de
838 3945 901 4007 quo
919 3924 1036 3986 Paulus
1051 3924 1222 4006 apostolus.
1264 3924 1326 3986 Sed
1341 3930 1375 3987 et
1390 3922 1513 4006 passive

407 4020 489 4083 sumi
507 4029 627 4104 potest,
643 4031 676 4084 et
696 4021 822 4104 quidem
844 4022 1019 4097 commode,
1036 4031 1073 4085 ut
1092 4021 1168 4085 mihi
1190 4022 1325 4086 videtur.
1373 4023 1413 4085 Id
1430 4023 1512 4084 enim

407 4122 467 4185 sibi
483 4122 592 4185 volunt
617 4122 854 4205 Lugdunenses,
874 4144 988 4185 nomen
1011 4123 1141 4199 Christi,
1166 4145 1257 4207 quem
1280 4123 1360 4207 lapsi
1382 4145 1514 4207 negave-

408 4232 491 4299 rant,
509 4223 599 4286 dulce
614 4223 654 4286 de
669 4231 776 4285 cetero
799 4223 875 4307 ipsis
896 4223 1001 4286 fuisse.
1049 4223 1149 4287 Paulo
1164 4233 1238 4310 post
1257 4246 1315 4309 pro
1335 4228 1515 4305 ἑρωτηθῶσι,

410 4327 577 4411 (Stephani
600 4326 687 4410 lect.)
715 4325 814 4388 codex
843 4326 1017 4389 Medicinas
1041 4334 1075 4390 et
1104 4327 1284 4390 hlazarinus
1310 4331 1516 4406 ἔπερωτηθῶοι

417 4429 549 4491 habent.
595 4427 648 4490 Sic
663 4427 870 4490 etiamcodex
892 4428 975 4490 Fuk.
991 4437 1025 4492 et
1038 4430 1157 4492 Savilii.
1183 4429 1346 4492 Varenus.
1369 4432 1516 4507 ὑπερωτη-

409 4535 483 4592 θῶοι
508 4530 633 4592 amari
655 4530 747 4592 Iaca.
771 4539 804 4592 et
827 4529 897 4592 uod.
922 4529 1110 4593 Castallaaas
1129 4530 1333 4595 exhibebant.
1378 4529 1516 4593 Addidit

409 4628 573 4693 Burtonus
588 4630 651 4693 aad.
667 4630 776 4694 Paria
798 4650 823 4692 1.
869 4630 991 4693 Eodem
1007 4654 1131 4715 quoque
1146 4633 1216 4697 loco
1230 4635 1311 4714 παρὰ
1331 4653 1389 4716 ρτο
1403 4632 1460 4694 ὑπὸ
1476 4654 1517 4694 ex

408 4731 480 4793 edit.
497 4731 650 4815 Stepdaai
665 4730 829 4795 Strothius
847 4731 999 4795 restituit.

455 4854 521 4895 von.
540 4854 562 4894 1.
939 4855 989 4895 az
