3809 5650
501 580 584 651 xxii
877 577 1178 650 PRAEFATIO.

502 777 710 857 Arnobius
734 777 787 856 de
821 776 1086 883 corruptione
1114 774 1373 880 scriptorum,
1397 774 1550 880 quibus

500 910 697 989 mandata
708 922 827 988 erant
842 937 1080 1016 praeconum
1098 907 1298 1013 evangelii
1311 921 1437 1014 gesta,
1449 936 1551 1014 que·

500 1053 588 1122 stus
605 1042 1053 1150 fuit—-interpolutu
1070 1052 1181 1136 sunt,
1194 1041 1342 1147 inquit,
1354 1042 1550 1146 qncedorn,

498 1174 697 1267 ctndditn,
707 1175 864 1282 purtim
884 1187 1183 1279 mutatamque
1197 1175 1385 1267 detracta,
1405 1176 1550 1268 verbis,

498 1305 677 1416 syllabis,
715 1309 857 1403 literis,
890 1321 936 1388 nt
972 1320 1010 1387 et
1040 1308 1306 1414 prudentium
1338 1309 1551 1389 tardarent

488 1443 629 1547 fidem,
647 1456 685 1523 ct
698 1456 908 1549 gestorum
929 1455 1233 1549 corrumperent
1255 1442 1544 1520 anctoritatem.

500 1578 711 1657 Adversus
733 1579 894 1671 Gentes,
915 1576 984 1655 lib.
1005 1575 1033 1652 l
1059 1603 1145 1682 cap.
1164 1578 1230 1654 56.
1292 1575 1414 1655 Adde
1434 1575 1548 1683 quod

503 1709 747 1790 Eusebianae
781 1709 1072 1813 martyriorum
1109 1721 1295 1788 veterum
1334 1712 1549 1808 συναγωγῆς

494 1848 700 1951 jacturam
730 1843 881 1949 partim
911 1842 1094 1923 fecimus.
1152 1844 1278 1922 Gravi
1303 1856 1443 1922 tamen
1471 1843 1548 1921 ista

499 2002 688 2069 censura,
709 1976 946 2054 eximantur
990 1974 1193 2055 nonnulla
1237 1988 1328 2055 acta
1372 1988 1546 2082 oportet.

500 2109 623 2199 Unde
643 2136 729 2188 sese
757 2105 926 2187 solitum
952 2136 1039 2189 esse
1069 2108 1342 2215 profitebatur
1368 2107 1547 2214 Scaliger

499 2254 752 2323 commotum
774 2242 964 2322 recedere
990 2241 1211 2322 electione
1234 2253 1431 2334 actorum,
1451 2268 1546 2349 quae

499 2375 636 2456 adhuc
660 2375 773 2481 apud
804 2374 1031 2455 Eusebium
1063 2376 1106 2454 in
1135 2374 1421 2455 Ecclesiastica
1451 2375 1549 2453 His-

499 2509 605 2588 toria
633 2521 789 2602 extant,
806 2522 854 2587 ut
885 2537 966 2588 non
997 2507 1174 2615 amplius
1200 2536 1300 2589 suus
1326 2536 1412 2589 esse
1436 2509 1548 2589 vide-

499 2656 653 2723 returss.
715 2644 955 2724 Istiusmodi
991 2671 1087 2723 vero
1115 2671 1243 2750 prope
1273 2644 1422 2738 omnia,
1456 2645 1547 2724 ubi-

498 2804 665 2886 cunque
691 2777 769 2857 sita
798 2789 907 2872 sunt,
940 2777 982 2856 in
1014 2778 1131 2858 Actis
1157 2778 1398 2858 Prirnornm
1424 2780 1546 2857 Mar-

499 2924 648 3018 tyrum,
667 2939 761 3020 quae
782 2924 981 2991 vocantur
1001 2911 1158 2992 sincera
1174 2924 1217 2991 et
1236 2910 1396 3006 selecta,
1413 2913 1547 2993 Ruin-

498 3056 612 3123 artus
626 3046 713 3152 jam
734 3041 911 3150 collegit.
960 3046 1063 3124 Acta
1083 3042 1254 3149 quidem
1272 3046 1490 3150 Perpetem
1507 3059 1546 3127 ct

498 3177 659 3268 Felicia,
679 3203 774 3284 quae
799 3178 957 3283 primus
981 3176 1114 3256 edidit
1134 3175 1268 3255 Lucas
1289 3175 1545 3274 Holstenius,

497 3311 611 3415 quod
638 3324 680 3389 et
707 3310 837 3388 rarius
865 3311 1042 3417 repetita
1067 3321 1224 3403 extant,
1247 3323 1291 3389 et
1319 3312 1545 3393 certissime

496 3469 692 3550 germana
729 3456 839 3537 sunt,
874 3446 925 3523 ab
960 3472 1082 3553 opere
1116 3471 1208 3524 meo
1240 3446 1462 3526 amandare
1495 3476 1544 3527 eo

496 3575 656 3654 diutius
685 3588 903 3657 cunctatus
929 3605 1035 3657 sum.
1096 3579 1239 3665 Quum
1266 3607 1361 3659 vero
1385 3580 1498 3660 istaec
1520 3610 1545 3660 a

497 3706 715 3788 collectore
748 3707 894 3789 saltem
923 3738 995 3790 scu
1024 3711 1327 3804 concionatore,
1354 3713 1425 3818 qui
1457 3713 1544 3820 ipse

496 3850 647 3920 sectam
671 3840 864 3922 Montani
885 3847 1145 3952 sequebatur,
1166 3844 1348 3952 profecta
1364 3874 1450 3926 esse
1467 3848 1542 3928 viri

495 3974 607 4053 docti
628 4001 722 4053 cum
745 4001 893 4082 magna
914 3977 1274 4057 verisimilitudine
1297 3977 1544 4072 docuissent,

495 4134 543 4186 ea
557 4135 725 4215 quoque
745 4137 819 4217 pro
835 4110 1028 4191 instituto
1043 4138 1134 4189 meo
1154 4112 1443 4217 praetereunda
1457 4139 1543 4192 esse

490 4239 687 4345 judicavi.
751 4243 832 4323 Sed
867 4243 900 4321 F
904 4234 1097 4324 irmiliani
1137 4242 1396 4350 aliorumque
1430 4246 1543 4351 apud

663 4466 677 4502 ⁸
695 4456 863 4521 Animadv.
882 4460 913 4520 in
932 4461 1060 4523 Eusebii
1079 4461 1238 4534 Chronica,
1256 4483 1285 4543 p.
1299 4462 1372 4521 221.
