3809 5650
495 653 538 713 40
865 650 1217 716 ANNOTATIONES

493 815 569 878 otiis
596 836 668 898 quae
695 835 792 899 supro
813 816 974 898 posuimus
999 837 1059 880 nors
1087 817 1151 880 aas
1179 835 1271 879 causo
1298 810 1500 892 (necessario.
1530 810 1595 872 vid.

494 923 605 979 notam
620 916 730 1000 supra)
745 938 767 979 a
781 915 865 978 nobis
876 915 1031 980 obsmota
1043 917 1113 980 sict.
1147 915 1307 980 (laeterum
1321 911 1433 997 quanti
1447 910 1596 974 facienda

494 1017 559 1079 sint
583 1015 727 1099 Papiaua
751 1016 841 1079 istaec
864 1017 1059 1092 testimonia,
1079 1037 1172 1079 nemo
1193 1036 1258 1079 non
1279 1013 1375 1090 videt,
1398 1011 1460 1075 uisi
1482 1011 1537 1095 qui
1561 1011 1596 1074 in

494 1117 628 1180 historia
648 1116 777 1180 canonis
797 1116 879 1180 Novi
896 1117 1094 1180 Testamenti
1117 1116 1210 1201 plane
1233 1115 1349 1199 hospes
1369 1122 1429 1177 est.
1475 1111 1594 1195 Papias

494 1218 587 1294 enim,
597 1216 683 1301 quod
697 1239 761 1280 non
775 1224 904 1281 tautum
918 1219 1069 1294 Irsnaeus,
1082 1218 1137 1281 sed
1152 1218 1220 1301 ipse
1235 1238 1360 1300 quoquc
1374 1214 1493 1298 Papias
1508 1219 1594 1277 teste

496 1319 635 1383 Eusebio
659 1320 699 1382 de
722 1341 756 1382 se
781 1318 925 1391 tradidit,
940 1317 1078 1382 Joannis
1101 1317 1277 1402 presbyteri
1299 1338 1338 1380 ac
1361 1314 1505 1399 discipuli
1526 1314 1593 1377 Do-

494 1419 571 1482 mini
594 1418 736 1497 αὐτήκοος
755 1418 825 1497 fuit,
841 1420 978 1482 fortusse
996 1418 1094 1481 etiam
1113 1417 1314 1502 evangelista
1333 1415 1356 1478 J
1359 1415 1480 1488 oannis,
1496 1423 1593 1499 prout

495 1519 587 1583 multi
604 1527 727 1583 veteres
749 1527 913 1604 exponunt
930 1519 1144 1601 referuntque,
1160 1517 1313 1598 φοιτητὴς,
1328 1517 1375 1580 ita
1397 1525 1434 1580 ut
1456 1515 1507 1579 hio
1527 1516 1592 1599 epi·

494 1641 610 1704 scopus
631 1620 664 1682 in
689 1619 766 1703 ipsis
788 1618 888 1683 initiis
913 1618 1020 1683 saeculi
1041 1624 1116 1702 post
1141 1617 1303 1682 Christum
1325 1623 1439 1680 natum
1464 1615 1594 1678 secundi

493 1719 637 1783 floruisse
673 1719 828 1783 videatur.
887 1720 928 1783 Id
967 1719 1053 1802 quod
1087 1719 1214 1782 aliunde
1253 1738 1377 1802 quoque
1413 1715 1590 1800 colligitur;

494 1841 566 1884 oum
591 1820 740 1884 nimirum
765 1827 914 1905 oporteat
936 1826 1064 1883 sanctas
1089 1818 1159 1882 illas
1180 1817 1336 1893 mulieres,
1361 1816 1475 1900 quibus
1497 1823 1594 1880 notus

493 1920 555 1984 init
584 1942 625 1983 ex
655 1921 767 1984 eadem
796 1919 925 1983 civitate
953 1919 1082 2003 Papias,
1109 1919 1174 1982 sive
1204 1919 1276 1982 filia
1305 1918 1423 1982 luerint
1453 1917 1593 2002 Philippi

494 2020 641 2104 apostoli,
662 2042 718 2084 seu
741 2020 936 2104 cognominis
958 2020 1171 2104 evangelistar,
1185 2020 1218 2083 iu
1240 2018 1362 2083 senium
1381 2018 1527 2103 vergisse‚
1544 2019 1592 2083 vel

495 2120 602 2204 potius
613 2120 682 2204 jam
695 2142 787 2184 senes
806 2120 914 2198 luisse,
928 2120 1027 2184 etiam
1046 2128 1123 2184 aute
1142 2119 1292 2184 saeculum
1311 2118 1449 2204 primum
1469 2119 1593 2184 conclu-

494 2243 591 2295 sum;
623 2243 688 2284 uon
713 2230 820 2306 potest
845 2223 922 2298 fieri,
947 2222 1024 2306 quin
1054 2224 1168 2287 saltem
1196 2223 1274 2307 ipsis
1303 2221 1402 2285 initiis
1431 2221 1594 2305 sequentis

495 2322 603 2386 saeculi
616 2322 744 2406 Papias,
757 2323 811 2406 qui
823 2322 861 2385 iis
875 2330 971 2387 notus
981 2331 1060 2397 erat,
1071 2324 1274 2387 adnumerari
1285 2324 1411 2387 debeat.
1436 2323 1470 2387 Is
1484 2331 1594 2387 autern

495 2445 535 2486 ex
558 2422 735 2507 presbyteri
760 2422 898 2487 Joannis
922 2445 977 2487 ore
998 2425 1105 2502 refert,
1129 2427 1276 2488 Marcum
1298 2425 1494 2509 evangelium
1516 2425 1594 2489 illud

495 2523 667 2608 scripsisse,
695 2523 780 2607 qnod
806 2523 904 2607 ipsius
930 2525 1040 2608 Papiae
1065 2527 1262 2611 temporibus
1286 2527 1315 2590 ei
1344 2527 1593 2590 attribuebatur.

497 2624 609 2709 Neque
622 2624 704 2687 alius
718 2646 858 2708 unquam
872 2625 1035 2709 evangelii,
1048 2635 1166 2710 praeter
1180 2628 1212 2690 id
1223 2628 1308 2711 quod
1323 2627 1456 2690 ecclesio
1471 2648 1596 2710 semper

496 2726 626 2809 recepit,
640 2725 745 2789 Marci
759 2725 887 2789 nomine
901 2726 1077 2791 circumlati
1092 2727 1211 2791 mentio
1226 2727 1290 2791 ulla
1304 2729 1392 2791 sacto
1406 2736 1467 2791 est.
1492 2729 1595 2791 Porro

496 2827 679 2892 Mottloeum
693 2828 890 2912 evangelium
903 2829 1138 2912 conscripsisse,
1155 2829 1274 2913 Papius
1293 2829 1442 2893 affirmat.
1490 2831 1595 2893 lmmo

496 2930 651 3008 αὐτολέξει
667 2931 823 2995 afferebat
837 2930 885 2994 vir
898 2939 1028 2995 sanctus
1043 2931 1076 2993 in
1093 2953 1188 3015 opere
1209 2953 1267 2994 suo
1282 2931 1422 3015 peiorem
1441 2931 1595 3014 ῳὼίοίαιη

494 3032 636 3107 loconis,
653 3032 847 3116 peteremus
869 3032 970 3096 Petri.
1016 3032 1080 3095 His
1103 3033 1231 3117 insuper
1247 3032 1451 3116 Apoealypsis
1473 3032 1507 3093 τὸ
1530 3034 1596 3095 θεό-

496 3131 840 3216 cucumoragnovisse
871 3130 1017 3216 Papium,
1044 3139 1185 3196 testatur
1214 3134 1363 3196 Andreas
1392 3131 1595 3195 Oaesarieusis

495 3233 662 3315 episcopus
679 3232 899 3295 commeare
913 3232 945 3293 in
961 3232 1095 3295 eundem
1113 3232 1228 3295 librum
1250 3254 1384 3310 sacrum,
1400 3232 1490 3315 cujus
1506 3234 1596 3312 ῥῆσιν

496 3353 571 3394 mox
591 3330 731 3402 videbis;
756 3330 828 3392 huic
848 3338 957 3394 autem
972 3333 1123 3407 Andreae,
1140 3354 1326 3416 quacunque
1348 3334 1475 3396 demum
1496 3339 1596 3397 aetate

496 3430 623 3505 vixerit,
639 3429 817 3516 Papianum
832 3451 912 3514 opus
930 3452 997 3514 prae
1012 3431 1157 3494 manibus
1174 3432 1282 3507 fuisse,
1298 3432 1433 3495 fidenter
1450 3432 1594 3495 dixerim.

497 3530 537 3592 In
565 3530 761 3615 Fragmento
786 3532 871 3614 quod
900 3538 1044 3615 superest
1073 3533 1114 3595 de
1139 3533 1258 3597 Christi
1284 3534 1439 3618 cognatis,
1463 3533 1596 3596 affertur

495 3630 684 3716 occupabitur
695 3632 837 3695 Jooomb.
871 3631 1028 3716 Denique,
1045 3642 1162 3697 utrem
1177 3634 1295 3709 finiam,
1311 3635 1467 3697 referente
1483 3633 1594 3717 Papia,

495 3740 554 3796 aut
574 3732 688 3796 saltem
711 3732 845 3809 Irenaeo,
868 3732 902 3796 iu
922 3733 1011 3814 ῥήσει
1032 3740 1108 3797 ante
1129 3734 1229 3797 allata
1250 3755 1323 3819 pag.
1342 3754 1392 3797 10.
1414 3734 1596 3817 Presbyteri

496 3834 626 3917 quidam
643 3832 861 3917 apostolorum
875 3833 1030 3917 discipuli,
1047 3834 1209 3917 semotis
1223 3834 1369 3897 Mottlaei
1380 3842 1485 3917 ,atque
1498 3834 1596 3896 Joon·

495 3936 552 4011 uis,
569 3942 613 4010 et,
633 3942 671 3998 ut
693 3934 827 4011 videtur,
848 3933 1050 4018 Apocalypsi,
1069 3933 1117 3996 usi
1139 3944 1235 4008 sunt;
1260 3934 1303 3997 ad
1322 3935 1399 4010 haec,
1416 3935 1501 4018 quod
1516 3934 1595 3997 veri-

495 4034 596 4099 simile
621 4039 681 4111 est,
696 4034 802 4098 locum
825 4055 865 4096 cx
888 4040 999 4117 priore
1023 4033 1148 4116 eputola
1167 4034 1268 4097 Pauli
1291 4033 1336 4097 od
1357 4034 1529 4098 Corinthios
1551 4033 1596 4096 illi

494 4137 706 4200 adduxerunt.
751 4135 868 4201 Confer
890 4141 925 4197 ct
947 4135 1112 4198 Samounis
1135 4135 1222 4219 apud
1243 4135 1401 4199 lrenaeum
1423 4135 1595 4218 Reliquias,

496 4258 576 4320 quas
599 4236 742 4320 proxime
765 4248 840 4318 post
861 4234 962 4318 posui,
979 4234 1033 4297 ubi
1048 4235 1198 4318 posterior
1219 4235 1264 4298 ad
1284 4236 1452 4299 Corinthios
1472 4235 1597 4318 epistola

495 4342 529 4398 et
544 4335 603 4398 illa
616 4335 661 4397 ud
673 4336 824 4398 Rosam
845 4342 1011 4418 apparent.
1056 4334 1128 4413 vSed
1143 4337 1222 4397 Aeto
1235 4336 1444 4419 Apostolomm
1458 4356 1479 4397 a
1493 4334 1597 4418 Pupia

495 4434 528 4496 in
543 4454 637 4516 opere
652 4455 709 4496 suo
726 4442 976 4498 commemorata
989 4434 1094 4512 fuisse,
1110 4434 1143 4498 id
1158 4457 1217 4518 pro
1232 4442 1321 4499 certo
1336 4457 1400 4498 non
1414 4434 1594 4497 habendum

495 4542 554 4609 est,
567 4532 693 4597 etiamsi
704 4533 744 4596 de
755 4533 779 4596 J
781 4535 852 4598 udae
863 4535 1030 4599 traditoris
1045 4543 1158 4612 morte,
1169 4543 1268 4619 atquc
1280 4536 1320 4599 de
1331 4535 1354 4598 J
1357 4542 1441 4610 usto,
1453 4535 1508 4617 qui
1522 4556 1595 4619 cog-

495 4632 676 4697 nominatus
691 4640 741 4697 est
754 4634 925 4713 Bersabee,
940 4636 1133 4700 mentionem
1147 4636 1191 4700 ibi
1206 4635 1326 4700 iecerit.
