3809 5650
511 709 737 774 EPISTOLA
762 711 1088 777 VIENNENSIUM
1114 714 1176 778 ΕΤ
1201 717 1345 781 LUGD.
1411 720 1478 783 301

380 876 478 946 ναῖον
510 867 729 968 ἀγωνιστήν·
768 874 826 949 καὶ
864 873 912 952 εἰς
934 867 1121 949 Ἀτταλον
1154 872 1393 974 Περγαμηνὸν
1429 881 1480 983 τῷ

379 1003 484 1102 γε’νει·
514 1002 671 1081 ῑστιίλον
685 1006 744 1082 καὶ
763 1006 940 1105 ἑδραίωμα
956 1011 1029 1083 τῶν
1047 1007 1198 1087 ἐνταῦθα
1217 1011 1270 1087 ἀεὶ
1289 1007 1476 1109 γεγονθτα·

380 1139 438 1213 καὶ
465 1140 513 1218 εἷς
539 1137 752 1232 Βλανδίναν,
775 1138 816 1214 δι’
837 1137 879 1236 ῆς
906 1138 1082 1246 ἐπέδειξεν
1110 1143 1129 1219 ὁ
1158 1143 1331 1245 Χριστὸς,
1351 1145 1406 1224 δτι
1433 1146 1479 1226 τὰ

379 1270 479 1373 παρὰ
507 1270 708 1373 ἀνθρώποις
735 1271 860 1371 εὐτελῆ
889 1277 946 1352 καὶ
975 1278 1071 1374 ἀειδῆ
1100 1281 1159 1357 καὶ
1187 1280 1480 1388 εὐκαταφρόνητα

350 1402 589 1509 ὅφαινόμενα,
611 1403 773 1506 μεγάλης
794 1406 1023 1512 καταξιοῦται
1050 1410 1150 1512 παρὰ
1174 1418 1257 1520 Θεῷ
1282 1413 1401 1522 δόξης,
1420 1416 1479 1497 διά

377 1538 443 1637 τῆν
470 1539 560 1640 πρὸς
584 1536 692 1617 αὑτὸν
721 1537 878 1639 ἀγάπην,
903 1539 970 1637 τῆν
1002 1545 1040 1620 ἐν
1069 1543 1212 1642 δυνάμει
1244 1550 1478 1650 δεικνυμένην,

378 1672 503 1770 καὶμὴ
529 1675 566 1750 ἐν
588 1673 669 1751 ε’ίδει
694 1673 936 1775 κανχωμένην.
968 1675 1068 1772 ἡμῶν
1094 1675 1165 1779 γὰρ
1192 1677 1337 1759 πάντων
1361 1682 1475 1762 δεδιό-

377 1842 460 1904 των,
478 1812 537 1885 καὶ
562 1810 643 1904 1ὶτῆς
666 1808 838 1908 σαρκίνης
862 1807 1053 1905 δεσποίνης
1080 1810 1187 1907 αὐτῆς
1215 1812 1241 1910 ἦ
1266 1846 1319 1896 τις
1346 1811 1391 1912 ῆν
1419 1818 1478 1895 καὶ

377 1938 466 2038 αὐτῆ
498 1947 570 2019 τῶν
601 1937 791 2040 μαρτύρων
822 1939 886 2037 μία
919 1942 1149 2044 ἀγωνίστρια,
1183 1945 1393 2046 οἱγωνιώσης
1426 1947 1477 2048 μῆ

335 2074 456 2154 ιοούδέ
476 2072 542 2173 τῆν
560 2074 759 2172 ὁμολογίαν
785 2071 976 2170 δυνήσεται
1000 2075 1325 2178 παρρησιάσασθαι
1349 2078 1407 2160 διὰ
1434 2081 1476 2161 τὸ

377 2208 525 2293 ἀσθενὲς
543 2217 607 2287 τοῦ
628 2206 847 2304 σώματος,ῆ
874 2207 1057 2285 Βλανδίνα
1082 2210 1261 2310 τοσαύτης
1284 2213 1476 2314 ἐπληρώθη

376 2345 566 2444 δυνάμεως,
599 2343 693 2423 ὥστε
728 2346 919 2441 ἐκλυθῆναι
951 2348 1010 2422 καὶ
1041 2351 1236 2447 παρεθῆναι
1269 2346 1352 2432 τοὺς
1385 2349 1477 2428 κατὰ

376 2481 544 2584 διαδοχὰς
561 2482 668 2560 παντὶ
686 2477 808 2582 τρόπῳ
827 2476 1090 2578 βασανίζοντας
1108 2479 1219 2579 αὐτὴν
1241 2481 1314 2562 ἀπὸ
1331 2487 1476 2585 ἑωθινῆς

377 2613 442 2693 ἕως
469 2612 634 2712 ἑσπέρας,
652 2614 711 2687 καὶ
736 2606 863 2690 αὐτοὺς
890 2609 1159 2708 ὁμολογοῦντας
1188 2611 1242 2690 ὅτι
1271 2617 1475 2714 νενίκηνται,

331 2785 366 2847 15
376 2745 486 2845 μηδὲν
504 2745 643 2849 ἔχοντες
660 2741 784 2842 μηκέτι
803 2739 823 2819 δ
841 2738 1059 2839 ποιήσουσιν
1077 2745 1181 2849 αι’ττῆ·
1211 2750 1270 2826 καὶ
1288 2749 1475 2852 θαυμάζειν

376 2884 433 2960 ἐπὶ
451 2886 502 2986 τῷ
519 2879 733 2981 παραμένειν
752 2876 908 2973 ἔμπνουν
926 2872 1049 2973 αὐτὴν,
1067 2877 1202 2962 παντὸς
1220 2890 1283 2960 τοῦ
1305 2884 1475 2981 σώματος·

376 3013 606 3118 διεῤῥωγθτος
625 3015 684 3091 καὶ
700 3010 936 3117 ἠνεῳγμένον·
967 3011 1026 3087 καὶ
1044 3020 1244 3115 μαρτυρεῖν,
1259 3014 1313 3094 ὅτι
1333 3017 1370 3094 ἕν
1384 3014 1474 3101 εἶδος

375 3308 510 3366 Attalum
533 3326 649 3384 qnoque
673 3306 765 3383 patria
790 3304 897 3380 Perga·

375 3408 502 3457 menum,
523 3388 573 3464 qui
596 3385 730 3443 columna
751 3396 781 3443 et
804 3383 899 3440 firma-

330 3490 366 3527 20
375 3478 505 3527 mentum
522 3466 649 3524 ecclesie
664 3478 768 3522 nostrae
786 3483 899 3540 semper

374 3547 449 3606 fuit:
469 3548 498 3603 in
512 3545 684 3604 Blandinam
700 3544 834 3621 denique,
847 3563 898 3621 per

375 3649 461 3706 quam
497 3627 631 3684 Christus
662 3624 800 3689 ostendit,
833 3643 897 3699 quae

375 3709 453 3773 vilia,
490 3706 640 3772 deformia,
674 3715 897 3782 contemptaque

375 3788 540 3844 hominibus
557 3786 703 3853 videntur,
719 3805 752 3842 ea
771 3784 897 3841 maximo

328 3890 363 3947 25
375 3868 484 3925 honore
498 3867 570 3924 affici
591 3886 608 3923 a
626 3866 691 3923 Deo
709 3875 827 3941 propter
846 3884 896 3921 ex-

375 3946 527 4005 cellentem
542 3966 610 4022 erga
625 3946 718 4021 ipsum
738 3945 897 4011 caritatem,

375 4047 439 4102 quae
461 4027 491 4082 in
512 4027 623 4084 virtute
644 4024 831 4103 potentiaque
852 4043 898 4081 os·

375 4107 518 4171 tenditur,
540 4125 598 4162 non
621 4104 716 4181 specie
737 4103 814 4159 inani
836 4102 899 4179 glo·

374 4187 475 4243 riatur.
519 4186 677 4241 Nemeum
693 4182 819 4239 universi
839 4192 899 4239 tre.

326 4288 365 4343 30
375 4266 552 4343 pidaremus,
576 4265 695 4342 ipsaque
723 4260 802 4319 illius
824 4272 898 4317 tem.

375 4345 485 4423 pornlis
499 4345 626 4410 domina,
642 4362 706 4420 qnae
721 4352 751 4399 et
765 4340 826 4415 ipsa
841 4361 899 4399 una

375 4446 440 4483 cnm
456 4425 577 4500 reliquis
591 4423 767 4502 martyribus
781 4432 899 4480 strenue

375 4507 532 4583 pugnabat,
566 4502 735 4561 formidaret
766 4501 899 4578 inprimis

581 4740 595 4775 κ
613 4743 620 4775 ι
637 4728 701 4775 Tim.
714 4728 748 4775 iii.
764 4742 771 4774 ι
777 4742 799 4787 5.

949 3322 987 3360 ne
1009 3302 1058 3360 illa
1081 3305 1118 3362 ob
1138 3305 1311 3363 tenuitatem
1335 3309 1472 3383 corporis,

949 3382 1068 3442 liberam
1084 3385 1293 3444 confessionem
1310 3385 1395 3445 edere
1414 3408 1473 3447 non

950 3463 1076 3521 valeret:
1099 3475 1182 3522 tanto
1196 3466 1283 3522 animi
1302 3468 1404 3527 robore
1424 3468 1473 3526 fir·

949 3555 1028 3601 mata
1049 3555 1092 3602 est
1115 3543 1269 3611 Blandina,
1294 3558 1327 3603 ut
1348 3557 1473 3608 tortores

949 3625 999 3699 qui
1024 3624 1148 3682 invicem
1173 3626 1227 3683 sibi
1249 3626 1473 3687 succedenteoa

948 3703 1041 3780 prima
1063 3704 1128 3762 luce
1150 3724 1242 3781 usque
1263 3705 1300 3763 ad
1324 3727 1472 3784 vesperam

948 3784 1026 3840 omni
1050 3795 1260 3842 tormentorum
1282 3806 1387 3861 genere
1410 3807 1473 3845 eam

948 3864 1194 3928 excruciaverant,
1216 3864 1345 3922 resoluta
1369 3885 1472 3924 nervo·

949 3961 1013 3998 rum
1033 3963 1171 4020 compage
1187 3942 1344 4002 deficerent
1354 3967 1362 4014 ;
1385 3965 1473 4023 seque

950 4021 1041 4079 victos
1056 4022 1189 4090 confessi,
1204 4043 1268 4080 cum
1285 4023 1397 4081 nullum
1412 4036 1472 4084 tor·

949 4102 1041 4159 menti
1068 4121 1161 4179 genus
1188 4102 1266 4178 quod
1291 4104 1344 4180 ipsi
1371 4105 1473 4164 inferri

950 4193 1057 4258 posset,
1079 4181 1223 4256 reliquum
1247 4182 1396 4250 haberent,
1417 4186 1472 4244 mi-

949 4273 1083 4319 rarentur
1110 4260 1206 4318 adbuc
1229 4260 1307 4319 illam
1337 4263 1471 4342 spiritum

949 4340 1065 4408 ducere,
1079 4351 1143 4398 toto
1157 4360 1276 4417 corpore
1290 4341 1415 4401 lacerato
1428 4356 1472 4405 at·

948 4441 1006 4497 que
1019 4422 1169 4499 perfosso3
1189 4431 1423 4499 testarenturque
1437 4445 1471 4484 n-

949 4501 1046 4560 nicum
1063 4499 1200 4559 tormenti
1222 4521 1315 4579 genus
1335 4501 1372 4561 ad
1393 4503 1472 4564 illam

1064 4726 1079 4765 h
1092 4725 1180 4787 Ephori.
1192 4727 1224 4773 vi.
1236 4742 1261 4789 5.
