3809 5650
488 673 537 736 ΙΝ
560 672 703 737 EPIST.
730 673 946 737 VlENNEN.
973 672 1030 736 ΕΤ
1059 669 1323 747 LUGDUNEN,
1397 669 1456 736 371

351 840 450 904 'nibus
466 840 686 906 ecelesiasticis
699 842 834 927 negotiis
848 841 959 927 primae
980 847 1086 905 essent
1107 846 1216 925 partes
1238 836 1376 921 episcopi
1393 837 1459 899 Ro-

356 943 453 1021 mani‚
469 944 584 1009 merito
601 943 827 1030 Lugdunenses
847 944 929 1008 hane
948 943 1196 1008 eontroversiam
1214 943 1256 1007 ad
1276 962 1347 1005 eum
1368 941 1458 1004 detu-

357 1045 479 1110 lerunt:
497 1045 529 1109 id
542 1053 673 1131 agentes
687 1053 721 1111 et
736 1047 881 1110 omnibus
896 1045 999 1108 modis
1009 1046 1184 1120 studentes,
1194 1049 1231 1106 ut
1245 1042 1383 1129 episcopi
1395 1041 1458 1105 Ro-

358 1147 443 1212 numi
458 1147 651 1212 austeritate
667 1170 737 1233 quae
752 1169 876 1232 sempor
887 1168 1011 1210 summa
1022 1145 1082 1210 luit
1093 1145 1125 1209 in
1137 1143 1279 1220 eeclesia,
1291 1143 1359 1206 hmo
1371 1144 1457 1230 apud

358 1249 470 1313 Asiam
485 1256 559 1313 orta
573 1248 726 1313 dissensio
741 1250 917 1324 sedaretur,
933 1255 968 1311 et
988 1269 1051 1331 pax
1071 1247 1103 1309 in
1122 1244 1254 1310 eeclesia
1274 1244 1457 1308 restituere-¹

357 1351 598 1414 tur.Vsnns1us.
632 1350 784 1415 conseras
805 1351 845 1413 de
871 1349 921 1412 his
938 1349 1034 1412 rebus
1054 1346 1278 1412 Ooustantium
1298 1368 1395 1431 supra
1416 1346 1458 1411 ad

359 1451 510 1515 Msuuun.
525 1452 626 1516 Lueu.
643 1454 746 1517 Emer.
763 1474 835 1537 pag.
853 1452 924 1536 289.
972 1450 1076 1514 Aliter
1090 1451 1130 1513 de
1146 1448 1183 1511 iis
1202 1448 1342 1512 sentiens
1363 1469 1459 1533 quam

359 1554 514 1631 Valesius,
529 1555 567 1618 ol.
584 1553 737 1619 Gottlieb.
755 1552 994 1618 Wernsdorfius
1014 1552 1048 1615 in
1062 1553 1190 1616 Dissert.
1210 1550 1248 1613 de
1263 1550 1460 1614 Montaniuis

360 1656 489 1720 Eusebii
510 1656 607 1720 verba
628 1655 763 1720 eontulit
783 1676 855 1718 eum
877 1655 1019 1738 ejusdem
1041 1652 1204 1739 scriptoris
1228 1651 1354 1735 quidem
1377 1650 1458 1727 aliis,

359 1758 392 1821 in
412 1758 526 1843 quibus
540 1757 656 1822 Irenaei
667 1756 822 1841 judicium
836 1757 877 1821 de
893 1755 1035 1821 Victoris
1054 1778 1125 1820 eum
1146 1755 1315 1839 Polycrate
1330 1753 1460 1818 dissidio

360 1860 515 1935 refertum
544 1867 563 1898 “
577 1858 917 1940 Ἀντιπαρακελεύονται
940 1856 1059 1942 (inquit
1088 1855 1258 1935 Eusebius)
1286 1858 1359 1932 δῆτα
1381 1854 1460 1938 αὐτῷ

361 1970 381 2000 “
395 1960 551 2047 (Victori)
566 1964 604 2024 τὰ
618 1965 669 2041 τῆς
687 1959 801 2041 εἰρήνης
821 1960 869 2022 καὶ
888 1963 939 2038 τῆς
954 1958 1027 2039 πρὸς
1045 1958 1112 2025 τοὺς
1127 1957 1258 2036 πλησίον
1274 1957 1410 2021 lubossin
1426 1980 1459 2018 τε

362 2071 383 2100 “
401 2063 449 2126 sol
459 2060 576 2144 ἀγάπης
587 2067 720 2143 φρονεῖν.
737 2081 824 2140 v.24.
849 2059 989 2124 Irenaeus
999 2058 1138 2124 Victoris
1152 2056 1342 2122 sententiam
1352 2056 1392 2118 de
1408 2053 1460 2118 die

362 2161 562 2246 “paschatis
586 2159 714 2223 omnino
737 2159 906 2245 probabat,
927 2159 1106 2245 Polycratis
1130 2165 1239 2222 autem
1260 2153 1460 2241 repudiabat,

360 2271 383 2300 “
398 2270 507 2328 tumen
526 2263 683 2327 suadebat
708 2283 828 2347 paoem,
844 2261 865 2327 i.
882 2285 911 2326 e.
926 2269 965 2327 ut
990 2262 1058 2349 ipse
1072 2260 1231 2326 Eusebius
1256 2257 1406 2345 explieat,
1420 2278 1461 2321 ne

362 2364 551 2430 “discordia
559 2371 691 2449 propter
701 2363 910 2429 dissensiones
919 2386 1100 2429 communes
1111 2361 1357 2428 disseminantur
1365 2357 1462 2423 sehis-

364 2474 383 2502 “
399 2466 541 2550 matique
564 2464 652 2529 loeus
677 2465 790 2527 detur:
819 2463 943 2528 Eodem
968 2466 1064 2529 modo
1089 2465 1217 2548 quidem
1243 2463 1347 2540 eredo,
1375 2460 1461 2526 Gelli

364 2576 384 2603 “
399 2568 593 2632 confessores
608 2565 819 2651 repudiabant
834 2587 916 2630 vana
930 2564 1081 2630 Montani
1107 2564 1238 2642 somnia,
1254 2571 1362 2629 tamen
1391 2585 1462 2627 sua-

363 2677 385 2707 “
401 2677 511 2733 serunt
525 2690 635 2733 eorum
645 2666 880 2733 tolerantiam?
914 2666 996 2731 Haee
1013 2665 1214 2730 Wemsdorf.
1258 2665 1376 2727 Postea
1389 2663 1462 2728 Asi·

363 2792 442 2836 auas
457 2771 604 2836 eeclesias
624 2769 743 2835 habitis
765 2791 859 2855 super
872 2769 933 2834 hae
952 2791 988 2833 re
1004 2766 1146 2854 plurimis
1168 2764 1306 2831 eoneiliis
1330 2763 1460 2829 Monta-

364 2873 465 2938 nistas
494 2873 712 2937 communione
738 2872 876 2938 eeelosiae
905 2871 1062 2956 expulisse
1090 2876 1201 2936 narrat
1232 2868 1361 2932 Aucrou
1389 2866 1461 2932 ade.

368 2975 578 3061 Campumque
591 2978 676 3061 apud
693 2975 864 3040 Eusebium
880 2975 916 3037 L.
933 2998 962 3039 v.
978 2997 1004 3038 e.
1024 2975 1073 3037 16.
