<?xml version="1.0" encoding="UTF-8"?>
<!DOCTYPE html PUBLIC "-//W3C//DTD XHTML 1.0 Transitional//EN"
    "http://www.w3.org/TR/xhtml1/DTD/xhtml1-transitional.dtd">
<html xmlns="http://www.w3.org/1999/xhtml" xml:lang="en" lang="en">
 <head>
  <title>
</title>
<meta http-equiv="Content-Type" content="text/html;charset=utf-8" />
  <meta name='ocr-system' content='tesseract 3.04.00' />
  <meta name='ocr-capabilities' content='ocr_page ocr_carea ocr_par ocr_line ocrx_word'/>
</head>
<body>
  <div class='ocr_page' id='page_1' title='image "./reliquiaesacrae07routgoog_0080.png"; bbox 0 0 3809 5650; ppageno 0'>
   <div class='ocr_carea' id='block_1_1' title="bbox 397 621 1129 690">
    <p class='ocr_par' dir='ltr' id='par_1_1' title="bbox 397 621 1129 690">
     <span class='ocr_line' id='line_1_1' title="bbox 397 621 1129 690; baseline -0.005 0"><span class='ocrx_word' id='word_1_1' title='bbox 397 629 443 690; x_wconf 76' lang='lat'><strong>34</strong></span> <span class='ocrx_word' id='word_1_2' title='bbox 768 621 1129 688; x_wconf 83' lang='lat' dir='ltr'><strong>ANNOTATIONES</strong></span> 
     </span>
    </p>
   </div>
   <div class='ocr_carea' id='block_1_2' title="bbox 389 784 1546 4697">
    <p class='ocr_par' dir='ltr' id='par_1_2' title="bbox 396 784 1506 973">
     <span class='ocr_line' id='line_1_2' title="bbox 398 784 1506 869; baseline -0.002 -17"><span class='ocrx_word' id='word_1_3' title='bbox 398 786 474 853; x_wconf 75' lang='lat' dir='ltr'><strong>sss,</strong></span> <span class='ocrx_word' id='word_1_4' title='bbox 487 788 578 852; x_wconf 81' lang='lat' dir='ltr'><strong>Bou.</strong></span> <span class='ocrx_word' id='word_1_5' title='bbox 594 809 649 852; x_wconf 86' lang='lat' dir='ltr'><strong>seu</strong></span> <span class='ocrx_word' id='word_1_6' title='bbox 670 788 767 852; x_wconf 73' lang='lat' dir='ltr'><strong>Saoil.</strong></span> <span class='ocrx_word' id='word_1_7' title='bbox 780 810 845 852; x_wconf 82' lang='lat' dir='ltr'><strong>une</strong></span> <span class='ocrx_word' id='word_1_8' title='bbox 864 809 936 852; x_wconf 86' lang='lat' dir='ltr'><strong>oum</strong></span> <span class='ocrx_word' id='word_1_9' title='bbox 951 787 1061 851; x_wconf 87' lang='lat' dir='ltr'><strong>multis</strong></span> <span class='ocrx_word' id='word_1_10' title='bbox 1075 787 1168 850; x_wconf 72' lang='lat' dir='ltr'><strong>Novi.</strong></span> <span class='ocrx_word' id='word_1_11' title='bbox 1185 786 1261 849; x_wconf 76' lang='lat' dir='ltr'><strong>ret.</strong></span> <span class='ocrx_word' id='word_1_12' title='bbox 1276 784 1404 869; x_wconf 83' lang='lat' dir='ltr'><strong>seriptis</strong></span> <span class='ocrx_word' id='word_1_13' title='bbox 1418 786 1506 850; x_wconf 88' lang='lat' dir='ltr'><strong>eodi-</strong></span> 
     </span>
     <span class='ocr_line' id='line_1_3' title="bbox 396 886 1327 973; baseline -0.006 -20"><span class='ocrx_word' id='word_1_14' title='bbox 396 889 494 953; x_wconf 86' lang='lat' dir='ltr'><strong>eibus.</strong></span> <span class='ocrx_word' id='word_1_15' title='bbox 542 891 625 952; x_wconf 87' lang='lat' dir='ltr'><strong>Mox</strong></span> <span class='ocrx_word' id='word_1_16' title='bbox 636 895 687 953; x_wconf 84' lang='grc' dir='ltr'><strong>τοῦ</strong></span> <span class='ocrx_word' id='word_1_17' title='bbox 698 895 831 969; x_wconf 84' lang='grc' dir='ltr'>Χριστοῦ</span> <span class='ocrx_word' id='word_1_18' title='bbox 840 911 899 973; x_wconf 92' lang='lat' dir='ltr'><strong>pro</strong></span> <span class='ocrx_word' id='word_1_19' title='bbox 914 895 966 952; x_wconf 80' lang='grc' dir='ltr'><strong>τοῦ</strong></span> <span class='ocrx_word' id='word_1_20' title='bbox 983 889 1090 969; x_wconf 79' lang='grc' dir='ltr'>Κυρίου</span> <span class='ocrx_word' id='word_1_21' title='bbox 1102 889 1145 950; x_wconf 86' lang='grc' dir='ltr'><em>Μ</em></span> <span class='ocrx_word' id='word_1_22' title='bbox 1143 889 1176 950; x_wconf 74' lang='lat' dir='ltr'><strong>S.</strong></span> <span class='ocrx_word' id='word_1_23' title='bbox 1188 886 1327 969; x_wconf 78' lang='lat' dir='ltr'><strong>Norfolo.</strong></span> 
     </span>
    </p>

    <p class='ocr_par' dir='ltr' id='par_1_3' title="bbox 398 988 1506 1255">
     <span class='ocr_line' id='line_1_4' title="bbox 443 988 1506 1074; baseline -0.001 -21"><span class='ocrx_word' id='word_1_24' title='bbox 443 991 525 1053; x_wconf 88' lang='lat' dir='ltr'><strong>Ibid.</strong></span> <span class='ocrx_word' id='word_1_25' title='bbox 550 991 570 1053; x_wconf 87' lang='lat' dir='ltr'><strong>l.</strong></span> <span class='ocrx_word' id='word_1_26' title='bbox 594 1009 645 1053; x_wconf 85' lang='lat'><strong>20.</strong></span> <span class='ocrx_word' id='word_1_27' title='bbox 678 990 915 1074; x_wconf 82' lang='grc' dir='ltr'>ὑπομείναντος]</span> <span class='ocrx_word' id='word_1_28' title='bbox 948 988 1147 1072; x_wconf 86' lang='lat' dir='ltr'><strong>Interposuit</strong></span> <span class='ocrx_word' id='word_1_29' title='bbox 1170 993 1332 1069; x_wconf 77' lang='lat' dir='ltr'><strong>sumptam</strong></span> <span class='ocrx_word' id='word_1_30' title='bbox 1353 1008 1394 1050; x_wconf 87' lang='lat' dir='ltr'><strong>ex</strong></span> <span class='ocrx_word' id='word_1_31' title='bbox 1417 988 1506 1052; x_wconf 66' lang='lat' dir='ltr'><strong>Adit</strong></span> 
     </span>
     <span class='ocr_line' id='line_1_5' title="bbox 398 1088 1503 1175; baseline 0 -22"><span class='ocrx_word' id='word_1_32' title='bbox 398 1091 605 1175; x_wconf 70' lang='lat' dir='ltr'><em>Apostolorum</em></span> <span class='ocrx_word' id='word_1_33' title='bbox 621 1090 778 1154; x_wconf 80' lang='lat' dir='ltr'>Eusebius</span> <span class='ocrx_word' id='word_1_34' title='bbox 789 1091 941 1154; x_wconf 78' lang='lat' dir='ltr'><strong>Bersabee</strong></span> <span class='ocrx_word' id='word_1_35' title='bbox 956 1097 1052 1174; x_wconf 83' lang='lat' dir='ltr'><strong>atque</strong></span> <span class='ocrx_word' id='word_1_36' title='bbox 1069 1088 1220 1152; x_wconf 83' lang='lat' dir='ltr'><strong>Matthiae</strong></span> <span class='ocrx_word' id='word_1_37' title='bbox 1231 1089 1272 1150; x_wconf 85' lang='lat' dir='ltr'><strong>ed</strong></span> <span class='ocrx_word' id='word_1_38' title='bbox 1285 1088 1503 1172; x_wconf 73' lang='lat' dir='ltr'><strong>apostolatum</strong></span> 
     </span>
     <span class='ocr_line' id='line_1_6' title="bbox 398 1191 660 1255; baseline -0.004 -1"><span class='ocrx_word' id='word_1_39' title='bbox 398 1191 660 1255; x_wconf 78' lang='lat' dir='ltr'><strong>nominationem.</strong></span> 
     </span>
    </p>

    <p class='ocr_par' dir='ltr' id='par_1_4' title="bbox 395 1289 1503 1958">
     <span class='ocr_line' id='line_1_7' title="bbox 443 1289 1503 1374; baseline -0.003 -18"><span class='ocrx_word' id='word_1_40' title='bbox 443 1294 528 1357; x_wconf 82' lang='lat' dir='ltr'><strong>ibid.</strong></span> <span class='ocrx_word' id='word_1_41' title='bbox 552 1296 568 1355; x_wconf 86' lang='grc' dir='ltr'>ὀ</span> <span class='ocrx_word' id='word_1_42' title='bbox 584 1293 672 1359; x_wconf 83' lang='grc' dir='ltr'>ἀυτδς</span> <span class='ocrx_word' id='word_1_43' title='bbox 687 1294 725 1358; x_wconf 84' lang='grc' dir='ltr'>ὥς</span> <span class='ocrx_word' id='word_1_44' title='bbox 741 1295 774 1355; x_wconf 73' lang='grc' dir='ltr'><strong>ἐκ</strong></span> <span class='ocrx_word' id='word_1_45' title='bbox 789 1293 996 1374; x_wconf 87' lang='grc' dir='ltr'>παραδόσεως]</span> <span class='ocrx_word' id='word_1_46' title='bbox 1022 1293 1061 1357; x_wconf 84' lang='grc' dir='ltr'>ῶς</span> <span class='ocrx_word' id='word_1_47' title='bbox 1082 1290 1119 1353; x_wconf 81' lang='grc' dir='ltr'><strong>δν</strong></span> <span class='ocrx_word' id='word_1_48' title='bbox 1135 1291 1168 1352; x_wconf 84' lang='grc' dir='ltr'><strong>ἐκ</strong></span> <span class='ocrx_word' id='word_1_49' title='bbox 1182 1314 1214 1351; x_wconf 93' lang='grc' dir='ltr'><strong>π.</strong></span> <span class='ocrx_word' id='word_1_50' title='bbox 1259 1289 1334 1351; x_wconf 76' lang='lat' dir='ltr'><strong>MS.</strong></span> <span class='ocrx_word' id='word_1_51' title='bbox 1355 1289 1449 1352; x_wconf 79' lang='lat' dir='ltr'><strong>Bodl.</strong></span> <span class='ocrx_word' id='word_1_52' title='bbox 1465 1296 1503 1353; x_wconf 94' lang='lat' dir='ltr'><strong>ut</strong></span> 
     </span>
     <span class='ocr_line' id='line_1_8' title="bbox 396 1388 1502 1478; baseline -0.004 -21"><span class='ocrx_word' id='word_1_53' title='bbox 396 1415 495 1476; x_wconf 78' lang='lat' dir='ltr'><strong>supra</strong></span> <span class='ocrx_word' id='word_1_54' title='bbox 509 1393 619 1478; x_wconf 83' lang='lat' dir='ltr'><strong>legunt</strong></span> <span class='ocrx_word' id='word_1_55' title='bbox 634 1414 743 1456; x_wconf 86' lang='lat' dir='ltr'><strong>omnes</strong></span> <span class='ocrx_word' id='word_1_56' title='bbox 756 1393 777 1455; x_wconf 93' lang='grc'><strong>1.</strong></span> <span class='ocrx_word' id='word_1_57' title='bbox 795 1413 842 1455; x_wconf 93' lang='grc' dir='ltr'>ιο.</span> <span class='ocrx_word' id='word_1_58' title='bbox 881 1392 1000 1454; x_wconf 84' lang='lat' dir='ltr'><strong>Videt</strong></span> <span class='ocrx_word' id='word_1_59' title='bbox 1014 1391 1129 1454; x_wconf 84' lang='lat' dir='ltr'><strong>Euseb.</strong></span> <span class='ocrx_word' id='word_1_60' title='bbox 1140 1389 1231 1452; x_wconf 86' lang='lat' dir='ltr'><strong>infre.</strong></span> <span class='ocrx_word' id='word_1_61' title='bbox 1272 1388 1364 1452; x_wconf 86' lang='lat' dir='ltr'><strong>Nune</strong></span> <span class='ocrx_word' id='word_1_62' title='bbox 1375 1389 1502 1454; x_wconf 84' lang='lat' dir='ltr'><strong>eddidit</strong></span> 
     </span>
     <span class='ocr_line' id='line_1_9' title="bbox 397 1489 1501 1572; baseline -0.002 -17"><span class='ocrx_word' id='word_1_63' title='bbox 397 1493 559 1556; x_wconf 89' lang='lat' dir='ltr'><strong>Burtonus</strong></span> <span class='ocrx_word' id='word_1_64' title='bbox 598 1492 710 1556; x_wconf 81' lang='lat' dir='ltr'><strong>oodioos</strong></span> <span class='ocrx_word' id='word_1_65' title='bbox 742 1494 830 1555; x_wconf 74' lang='grc' dir='ltr'>Μαι.</span> <span class='ocrx_word' id='word_1_66' title='bbox 862 1491 948 1554; x_wconf 77' lang='lat' dir='ltr'><strong>Mod.</strong></span> <span class='ocrx_word' id='word_1_67' title='bbox 977 1491 1087 1553; x_wconf 71' lang='lat' dir='ltr'><strong>uoto.</strong></span> <span class='ocrx_word' id='word_1_68' title='bbox 1126 1490 1259 1572; x_wconf 80' lang='lat' dir='ltr'><strong>duosque</strong></span> <span class='ocrx_word' id='word_1_69' title='bbox 1296 1489 1501 1553; x_wconf 69' lang='lat' dir='ltr'><strong>Fhreouinos.</strong></span> 
     </span>
     <span class='ocr_line' id='line_1_10' title="bbox 398 1589 1501 1674; baseline -0.002 -19"><span class='ocrx_word' id='word_1_70' title='bbox 398 1592 489 1657; x_wconf 85' lang='lat' dir='ltr'><strong>Idem</strong></span> <span class='ocrx_word' id='word_1_71' title='bbox 503 1594 550 1656; x_wconf 84' lang='lat' dir='ltr'><strong>vir</strong></span> <span class='ocrx_word' id='word_1_72' title='bbox 565 1593 602 1656; x_wconf 85' lang='lat' dir='ltr'><strong>el.</strong></span> <span class='ocrx_word' id='word_1_73' title='bbox 618 1615 727 1656; x_wconf 81' lang='lat' dir='ltr'><strong>vocem</strong></span> <span class='ocrx_word' id='word_1_74' title='bbox 742 1593 945 1674; x_wconf 83' lang='grc' dir='ltr'>συγγραφεὺς,</span> <span class='ocrx_word' id='word_1_75' title='bbox 961 1613 1031 1674; x_wconf 77' lang='lat' dir='ltr'><strong>quoe</strong></span> <span class='ocrx_word' id='word_1_76' title='bbox 1053 1590 1121 1653; x_wconf 88' lang='lat' dir='ltr'><strong>solo</strong></span> <span class='ocrx_word' id='word_1_77' title='bbox 1143 1590 1174 1651; x_wconf 93' lang='lat' dir='ltr'><strong>in</strong></span> <span class='ocrx_word' id='word_1_78' title='bbox 1195 1589 1303 1652; x_wconf 81' lang='lat' dir='ltr'><strong>codiee</strong></span> <span class='ocrx_word' id='word_1_79' title='bbox 1326 1590 1432 1653; x_wconf 75' lang='lat' dir='ltr'><strong>Veneto</strong></span> <span class='ocrx_word' id='word_1_80' title='bbox 1447 1613 1501 1655; x_wconf 82' lang='lat' dir='ltr'><strong>ex·</strong></span> 
     </span>
     <span class='ocr_line' id='line_1_11' title="bbox 395 1690 1502 1778; baseline -0.003 -21"><span class='ocrx_word' id='word_1_81' title='bbox 395 1695 500 1772; x_wconf 80' lang='lat' dir='ltr'><strong>tebet,</strong></span> <span class='ocrx_word' id='word_1_82' title='bbox 516 1701 590 1778; x_wconf 87' lang='lat' dir='ltr'><strong>post</strong></span> <span class='ocrx_word' id='word_1_83' title='bbox 615 1697 633 1756; x_wconf 82' lang='grc' dir='ltr'>ὁ</span> <span class='ocrx_word' id='word_1_84' title='bbox 658 1694 748 1759; x_wconf 84' lang='grc' dir='ltr'>αὐτὸς</span> <span class='ocrx_word' id='word_1_85' title='bbox 770 1700 859 1756; x_wconf 86' lang='lat' dir='ltr'><strong>reete</strong></span> <span class='ocrx_word' id='word_1_86' title='bbox 879 1692 997 1754; x_wconf 88' lang='lat' dir='ltr'><strong>omisit.</strong></span> <span class='ocrx_word' id='word_1_87' title='bbox 1044 1691 1124 1754; x_wconf 85' lang='lat' dir='ltr'><strong>Mox</strong></span> <span class='ocrx_word' id='word_1_88' title='bbox 1150 1690 1267 1753; x_wconf 81' lang='lat' dir='ltr'><strong>hebere</strong></span> <span class='ocrx_word' id='word_1_89' title='bbox 1292 1690 1502 1772; x_wconf 74' lang='grc' dir='ltr'>Νἰοορδοηινι</span> 
     </span>
     <span class='ocr_line' id='line_1_12' title="bbox 397 1791 1501 1878; baseline -0.004 -20"><span class='ocrx_word' id='word_1_90' title='bbox 397 1797 641 1875; x_wconf 82' lang='grc' dir='ltr'>σωματικῶτερον</span> <span class='ocrx_word' id='word_1_91' title='bbox 662 1816 722 1878; x_wconf 87' lang='lat' dir='ltr'><strong>pro</strong></span> <span class='ocrx_word' id='word_1_92' title='bbox 743 1798 923 1874; x_wconf 80' lang='grc' dir='ltr'>σωματικῶς,</span> <span class='ocrx_word' id='word_1_93' title='bbox 940 1799 1034 1855; x_wconf 82' lang='lat' dir='ltr'><strong>notet</strong></span> <span class='ocrx_word' id='word_1_94' title='bbox 1056 1791 1232 1869; x_wconf 87' lang='lat' dir='ltr'><strong>Strothius,</strong></span> <span class='ocrx_word' id='word_1_95' title='bbox 1248 1791 1301 1874; x_wconf 92' lang='lat' dir='ltr'><strong>qui</strong></span> <span class='ocrx_word' id='word_1_96' title='bbox 1326 1791 1501 1854; x_wconf 82' lang='lat' dir='ltr'><strong>Eusebium</strong></span> 
     </span>
     <span class='ocr_line' id='line_1_13' title="bbox 399 1895 511 1958; baseline 0 0"><span class='ocrx_word' id='word_1_97' title='bbox 399 1895 511 1958; x_wconf 79' lang='lat' dir='ltr'><strong>edidit.</strong></span> 
     </span>
    </p>

    <p class='ocr_par' dir='ltr' id='par_1_5' title="bbox 389 1991 1546 4697">
     <span class='ocr_line' id='line_1_14' title="bbox 442 1991 1501 2080; baseline -0.001 -23"><span class='ocrx_word' id='word_1_98' title='bbox 442 1997 480 2057; x_wconf 94' lang='lat' dir='ltr'><strong>P.</strong></span> <span class='ocrx_word' id='word_1_99' title='bbox 496 2014 545 2078; x_wconf 88' lang='lat'><strong>13.</strong></span> <span class='ocrx_word' id='word_1_100' title='bbox 561 1995 581 2057; x_wconf 93' lang='lat' dir='ltr'><strong>l.</strong></span> <span class='ocrx_word' id='word_1_101' title='bbox 592 2010 624 2080; x_wconf 87' lang='lat'><strong>5.</strong></span> <span class='ocrx_word' id='word_1_102' title='bbox 645 1993 913 2076; x_wconf 83' lang='grc' dir='ltr'>ὑποστησομέυης.]</span> <span class='ocrx_word' id='word_1_103' title='bbox 941 1993 1099 2056; x_wconf 84' lang='lat' dir='ltr'><strong>Eusebius</strong></span> <span class='ocrx_word' id='word_1_104' title='bbox 1109 1991 1178 2055; x_wconf 86' lang='lat' dir='ltr'><strong>haeo</strong></span> <span class='ocrx_word' id='word_1_105' title='bbox 1193 1992 1402 2075; x_wconf 72' lang='lat' dir='ltr'><strong>interposuit:</strong></span> <span class='ocrx_word' id='word_1_106' title='bbox 1419 1992 1501 2056; x_wconf 75' lang='grc' dir='ltr'>διαί</span> 
     </span>
     <span class='ocr_line' id='line_1_15' title="bbox 395 2092 1500 2176; baseline 0 -19"><span class='ocrx_word' id='word_1_107' title='bbox 395 2097 523 2176; x_wconf 80' lang='grc' dir='ltr'>ἡγοῦμαι</span> <span class='ocrx_word' id='word_1_108' title='bbox 538 2099 590 2161; x_wconf 85' lang='grc' dir='ltr'>τδς</span> <span class='ocrx_word' id='word_1_109' title='bbox 604 2098 806 2160; x_wconf 79' lang='grc' dir='ltr'>ἀποστολικδς</span> <span class='ocrx_word' id='word_1_110' title='bbox 820 2093 1079 2174; x_wconf 64' lang='grc' dir='ltr'>παραδεξάμενον</span> <span class='ocrx_word' id='word_1_111' title='bbox 1093 2092 1246 2174; x_wconf 75' lang='grc' dir='ltr'>διηγήσεις</span> <span class='ocrx_word' id='word_1_112' title='bbox 1267 2095 1446 2172; x_wconf 79' lang='grc' dir='ltr'>ὑπολαβεῖν,</span> <span class='ocrx_word' id='word_1_113' title='bbox 1461 2096 1500 2157; x_wconf 69' lang='grc' dir='ltr'><strong>τὰ</strong></span> 
     </span>
     <span class='ocr_line' id='line_1_16' title="bbox 397 2191 1498 2276; baseline 0 -18"><span class='ocrx_word' id='word_1_114' title='bbox 397 2198 431 2258; x_wconf 80' lang='grc' dir='ltr'><strong>ἐν</strong></span> <span class='ocrx_word' id='word_1_115' title='bbox 455 2198 654 2276; x_wconf 82' lang='grc' dir='ltr'>ὑποδείγμασι</span> <span class='ocrx_word' id='word_1_116' title='bbox 679 2196 752 2274; x_wconf 87' lang='grc' dir='ltr'>πρὸς</span> <span class='ocrx_word' id='word_1_117' title='bbox 766 2197 862 2258; x_wconf 82' lang='grc' dir='ltr'>αὐτῶν</span> <span class='ocrx_word' id='word_1_118' title='bbox 880 2201 1027 2273; x_wconf 83' lang='grc' dir='ltr'>μυστικῶς</span> <span class='ocrx_word' id='word_1_119' title='bbox 1047 2191 1186 2274; x_wconf 65' lang='grc' dir='ltr'>εἰρημένα</span> <span class='ocrx_word' id='word_1_120' title='bbox 1213 2193 1253 2272; x_wconf 79' lang='grc' dir='ltr'><strong>μὴ</strong></span> <span class='ocrx_word' id='word_1_121' title='bbox 1277 2195 1498 2273; x_wconf 79' lang='grc' dir='ltr'>συνεωρακότα.</span> 
     </span>
     <span class='ocr_line' id='line_1_17' title="bbox 397 2294 1500 2376; baseline -0.001 -17"><span class='ocrx_word' id='word_1_122' title='bbox 397 2299 517 2375; x_wconf 85' lang='grc' dir='ltr'>σφόδρα</span> <span class='ocrx_word' id='word_1_123' title='bbox 536 2295 594 2376; x_wconf 78' lang='grc' dir='ltr'><strong>γάρ</strong></span> <span class='ocrx_word' id='word_1_124' title='bbox 617 2320 663 2358; x_wconf 87' lang='grc' dir='ltr'>τοι</span> <span class='ocrx_word' id='word_1_125' title='bbox 681 2295 805 2376; x_wconf 77' lang='grc' dir='ltr'>σμικρὸς</span> <span class='ocrx_word' id='word_1_126' title='bbox 827 2295 870 2358; x_wconf 80' lang='grc' dir='ltr'><strong>ῶν</strong></span> <span class='ocrx_word' id='word_1_127' title='bbox 884 2296 937 2357; x_wconf 84' lang='grc' dir='ltr'><strong>τὸν</strong></span> <span class='ocrx_word' id='word_1_128' title='bbox 954 2299 1034 2369; x_wconf 83' lang='grc' dir='ltr'>νοῦν,</span> <span class='ocrx_word' id='word_1_129' title='bbox 1052 2296 1091 2359; x_wconf 85' lang='grc' dir='ltr'>ὡς</span> <span class='ocrx_word' id='word_1_130' title='bbox 1105 2294 1143 2356; x_wconf 86' lang='grc' dir='ltr'><strong>δν</strong></span> <span class='ocrx_word' id='word_1_131' title='bbox 1158 2296 1191 2355; x_wconf 74' lang='grc' dir='ltr'><strong>ἐκ</strong></span> <span class='ocrx_word' id='word_1_132' title='bbox 1214 2300 1273 2356; x_wconf 89' lang='grc' dir='ltr'><strong>τῶν</strong></span> <span class='ocrx_word' id='word_1_133' title='bbox 1288 2294 1378 2356; x_wconf 84' lang='grc' dir='ltr'>αιἰτοῶ</span> <span class='ocrx_word' id='word_1_134' title='bbox 1394 2295 1500 2375; x_wconf 79' lang='grc' dir='ltr'>λόγων</span> 
     </span>
     <span class='ocr_line' id='line_1_18' title="bbox 396 2394 1499 2477; baseline 0.002 -18"><span class='ocrx_word' id='word_1_135' title='bbox 396 2397 615 2477; x_wconf 72' lang='grc' dir='ltr'>τεκμηράμενον</span> <span class='ocrx_word' id='word_1_136' title='bbox 630 2399 737 2471; x_wconf 77' lang='grc' dir='ltr'>εἰπεῖν,</span> <span class='ocrx_word' id='word_1_137' title='bbox 752 2397 901 2477; x_wconf 79' lang='grc' dir='ltr'>φαίνεται·</span> <span class='ocrx_word' id='word_1_138' title='bbox 925 2395 1006 2473; x_wconf 77' lang='grc' dir='ltr'>πλὴν</span> <span class='ocrx_word' id='word_1_139' title='bbox 1018 2396 1066 2458; x_wconf 84' lang='grc' dir='ltr'><strong>καὶ</strong></span> <span class='ocrx_word' id='word_1_140' title='bbox 1087 2401 1149 2460; x_wconf 82' lang='grc' dir='ltr'>τοῖς</span> <span class='ocrx_word' id='word_1_141' title='bbox 1161 2396 1224 2472; x_wconf 78' lang='grc' dir='ltr'>μετ’</span> <span class='ocrx_word' id='word_1_142' title='bbox 1239 2394 1330 2457; x_wconf 82' lang='grc' dir='ltr'>αὐτὸν</span> <span class='ocrx_word' id='word_1_143' title='bbox 1343 2397 1499 2462; x_wconf 87' lang='grc' dir='ltr'>πλείστοις</span> 
     </span>
     <span class='ocr_line' id='line_1_19' title="bbox 398 2493 1497 2578; baseline 0.001 -20"><span class='ocrx_word' id='word_1_144' title='bbox 398 2498 481 2563; x_wconf 84' lang='grc' dir='ltr'>ὅσοις</span> <span class='ocrx_word' id='word_1_145' title='bbox 495 2503 554 2560; x_wconf 85' lang='grc' dir='ltr'><strong>τῶν</strong></span> <span class='ocrx_word' id='word_1_146' title='bbox 570 2499 833 2575; x_wconf 76' lang='grc' dir='ltr'>ἔκκλησιαστικῶν,</span> <span class='ocrx_word' id='word_1_147' title='bbox 849 2501 900 2574; x_wconf 78' lang='grc' dir='ltr'>τῆς</span> <span class='ocrx_word' id='word_1_148' title='bbox 914 2497 1018 2575; x_wconf 83' lang='grc' dir='ltr'>ὁμοίας</span> <span class='ocrx_word' id='word_1_149' title='bbox 1028 2496 1104 2578; x_wconf 74' lang='grc' dir='ltr'>αὐτῶ</span> <span class='ocrx_word' id='word_1_150' title='bbox 1120 2497 1206 2573; x_wconf 76' lang='grc' dir='ltr'>δόξης</span> <span class='ocrx_word' id='word_1_151' title='bbox 1216 2497 1368 2575; x_wconf 86' lang='grc' dir='ltr'>παραίτιος</span> <span class='ocrx_word' id='word_1_152' title='bbox 1377 2493 1497 2576; x_wconf 83' lang='grc' dir='ltr'>γε’γουε,</span> 
     </span>
     <span class='ocr_line' id='line_1_20' title="bbox 397 2593 1500 2680; baseline 0 -20"><span class='ocrx_word' id='word_1_153' title='bbox 397 2597 452 2674; x_wconf 70' lang='grc' dir='ltr'><strong>τὴν</strong></span> <span class='ocrx_word' id='word_1_154' title='bbox 467 2598 647 2678; x_wconf 78' lang='grc' dir='ltr'>ἇρχαιόπητα</span> <span class='ocrx_word' id='word_1_155' title='bbox 661 2598 785 2678; x_wconf 82' lang='grc' dir='ltr'>τάνδρὸς</span> <span class='ocrx_word' id='word_1_156' title='bbox 799 2595 1068 2677; x_wconf 80' lang='grc' dir='ltr'>προβεβλημένοις·</span> <span class='ocrx_word' id='word_1_157' title='bbox 1092 2593 1193 2676; x_wconf 79' lang='grc' dir='ltr'>ῶσπερ</span> <span class='ocrx_word' id='word_1_158' title='bbox 1208 2597 1261 2658; x_wconf 77' lang='grc' dir='ltr'><strong>οὖν</strong></span> <span class='ocrx_word' id='word_1_159' title='bbox 1276 2597 1432 2680; x_wconf 76' lang='grc' dir='ltr'>Εἰρηναίῳ.</span> <span class='ocrx_word' id='word_1_160' title='bbox 1448 2597 1500 2660; x_wconf 73' lang='grc' dir='ltr'><strong>καὶ</strong></span> 
     </span>
     <span class='ocr_line' id='line_1_21' title="bbox 398 2695 1497 2779; baseline -0.003 -19"><span class='ocrx_word' id='word_1_161' title='bbox 398 2701 479 2763; x_wconf 79' lang='grc' dir='ltr'>εἴτις</span> <span class='ocrx_word' id='word_1_162' title='bbox 493 2699 588 2762; x_wconf 80' lang='grc' dir='ltr'>ἄλλος</span> <span class='ocrx_word' id='word_1_163' title='bbox 602 2701 639 2761; x_wconf 86' lang='grc' dir='ltr'><strong>τδ</strong></span> <span class='ocrx_word' id='word_1_164' title='bbox 653 2699 741 2776; x_wconf 84' lang='grc' dir='ltr'>ὅμοια</span> <span class='ocrx_word' id='word_1_165' title='bbox 755 2704 877 2779; x_wconf 81' lang='grc' dir='ltr'>φρονῶν</span> <span class='ocrx_word' id='word_1_166' title='bbox 889 2695 1077 2777; x_wconf 80' lang='grc' dir='ltr'>ἀναπέφηνε.</span> <span class='ocrx_word' id='word_1_167' title='bbox 1126 2696 1200 2773; x_wconf 75' lang='lat' dir='ltr'><strong>Quoe</strong></span> <span class='ocrx_word' id='word_1_168' title='bbox 1223 2695 1342 2779; x_wconf 76' lang='lat' dir='ltr'><strong>quidem</strong></span> <span class='ocrx_word' id='word_1_169' title='bbox 1363 2698 1409 2758; x_wconf 73' lang='lat' dir='ltr'><strong>ito</strong></span> <span class='ocrx_word' id='word_1_170' title='bbox 1430 2697 1497 2779; x_wconf 82' lang='lat' dir='ltr'><strong>opi·</strong></span> 
     </span>
     <span class='ocr_line' id='line_1_22' title="bbox 397 2796 1498 2884; baseline -0.001 -22"><span class='ocrx_word' id='word_1_171' title='bbox 397 2809 487 2862; x_wconf 74' lang='lat' dir='ltr'><strong>nutus</strong></span> <span class='ocrx_word' id='word_1_172' title='bbox 499 2820 557 2862; x_wconf 81' lang='lat' dir='ltr'><strong>esse</strong></span> <span class='ocrx_word' id='word_1_173' title='bbox 572 2799 692 2862; x_wconf 80' lang='lat' dir='ltr'><strong>videtur</strong></span> <span class='ocrx_word' id='word_1_174' title='bbox 701 2799 824 2884; x_wconf 79' lang='lat' dir='ltr'><strong>Papius</strong></span> <span class='ocrx_word' id='word_1_175' title='bbox 838 2820 873 2861; x_wconf 73' lang='lat' dir='ltr'><strong>ee·</strong></span> <span class='ocrx_word' id='word_1_176' title='bbox 887 2798 965 2861; x_wconf 80' lang='lat' dir='ltr'><strong>molo</strong></span> <span class='ocrx_word' id='word_1_177' title='bbox 989 2796 1146 2860; x_wconf 74' lang='lat' dir='ltr'><strong>intellectis</strong></span> <span class='ocrx_word' id='word_1_178' title='bbox 1160 2796 1369 2881; x_wconf 67' lang='lat' dir='ltr'><strong>Apostohruoo</strong></span> <span class='ocrx_word' id='word_1_179' title='bbox 1384 2818 1498 2861; x_wconf 79' lang='grc' dir='ltr'>ιιοττα-</span> 
     </span>
     <span class='ocr_line' id='line_1_23' title="bbox 396 2894 1499 2984; baseline -0.002 -23"><span class='ocrx_word' id='word_1_180' title='bbox 396 2898 533 2970; x_wconf 77' lang='lat' dir='ltr'><strong>tiooibus,</strong></span> <span class='ocrx_word' id='word_1_181' title='bbox 549 2922 615 2962; x_wconf 84' lang='grc' dir='ltr'>ουπι</span> <span class='ocrx_word' id='word_1_182' title='bbox 629 2922 665 2962; x_wconf 79' lang='grc' dir='ltr'><strong>να</strong></span> <span class='ocrx_word' id='word_1_183' title='bbox 678 2923 749 2984; x_wconf 72' lang='lat' dir='ltr'><strong>quae</strong></span> <span class='ocrx_word' id='word_1_184' title='bbox 768 2921 881 2962; x_wconf 83' lang='grc' dir='ltr'>ατοαιιο</span> <span class='ocrx_word' id='word_1_185' title='bbox 900 2899 1031 2982; x_wconf 81' lang='lat' dir='ltr'><strong>quodum</strong></span> <span class='ocrx_word' id='word_1_186' title='bbox 1050 2919 1135 2960; x_wconf 80' lang='lat' dir='ltr'><strong>seusu</strong></span> <span class='ocrx_word' id='word_1_187' title='bbox 1157 2907 1185 2961; x_wconf 84' lang='lat' dir='ltr'><strong>et</strong></span> <span class='ocrx_word' id='word_1_188' title='bbox 1207 2895 1335 2980; x_wconf 73' lang='lat' dir='ltr'><strong>coempti</strong></span> <span class='ocrx_word' id='word_1_189' title='bbox 1352 2918 1443 2959; x_wconf 80' lang='lat' dir='ltr'><strong>eausa</strong></span> <span class='ocrx_word' id='word_1_190' title='bbox 1458 2894 1499 2959; x_wconf 83' lang='grc' dir='ltr'><strong>αδ</strong></span> 
     </span>
     <span class='ocr_line' id='line_1_24' title="bbox 395 2998 1498 3083; baseline -0.001 -20"><span class='ocrx_word' id='word_1_191' title='bbox 395 3001 461 3064; x_wconf 77' lang='lat' dir='ltr'><strong>tuis</strong></span> <span class='ocrx_word' id='word_1_192' title='bbox 475 3000 662 3077; x_wconf 73' lang='grc' dir='ltr'>άιόοδαυίιιν,</span> <span class='ocrx_word' id='word_1_193' title='bbox 676 3023 735 3063; x_wconf 78' lang='lat' dir='ltr'><strong>uon</strong></span> <span class='ocrx_word' id='word_1_194' title='bbox 756 3001 831 3063; x_wconf 69' lang='lat' dir='ltr'><strong>satu</strong></span> <span class='ocrx_word' id='word_1_195' title='bbox 843 2999 1037 3083; x_wconf 70' lang='lat' dir='ltr'><strong>pervidisset.</strong></span> <span class='ocrx_word' id='word_1_196' title='bbox 1083 3000 1160 3062; x_wconf 82' lang='lat' dir='ltr'><strong>Fuit</strong></span> <span class='ocrx_word' id='word_1_197' title='bbox 1173 3000 1251 3061; x_wconf 79' lang='lat' dir='ltr'><strong>onim</strong></span> <span class='ocrx_word' id='word_1_198' title='bbox 1274 2999 1416 3062; x_wconf 67' lang='lat' dir='ltr'><strong>modiooe&#39;</strong></span> <span class='ocrx_word' id='word_1_199' title='bbox 1441 2998 1498 3062; x_wconf 80' lang='lat' dir='ltr'><strong>ud-</strong></span> 
     </span>
     <span class='ocr_line' id='line_1_25' title="bbox 396 3100 1494 3185; baseline -0.001 -21"><span class='ocrx_word' id='word_1_200' title='bbox 396 3102 516 3164; x_wconf 80' lang='lat' dir='ltr'><strong>modum</strong></span> <span class='ocrx_word' id='word_1_201' title='bbox 538 3104 656 3185; x_wconf 73' lang='lat' dir='ltr'><strong>topooo&#39;o</strong></span> <span class='ocrx_word' id='word_1_202' title='bbox 675 3102 840 3183; x_wconf 71' lang='lat' dir='ltr'><strong>preditus,</strong></span> <span class='ocrx_word' id='word_1_203' title='bbox 864 3110 898 3161; x_wconf 81' lang='lat' dir='ltr'><strong>ut</strong></span> <span class='ocrx_word' id='word_1_204' title='bbox 922 3121 959 3161; x_wconf 77' lang='lat' dir='ltr'><strong>es</strong></span> <span class='ocrx_word' id='word_1_205' title='bbox 988 3100 1113 3183; x_wconf 79' lang='lat' dir='ltr'><strong>seriptis</strong></span> <span class='ocrx_word' id='word_1_206' title='bbox 1133 3100 1219 3162; x_wconf 71' lang='lat' dir='ltr'><strong>tcum</strong></span> <span class='ocrx_word' id='word_1_207' title='bbox 1240 3100 1382 3182; x_wconf 77' lang='grc' dir='ltr'>οοιιρϊοονι</span> <span class='ocrx_word' id='word_1_208' title='bbox 1404 3100 1494 3163; x_wconf 72' lang='lat' dir='ltr'><strong>luo:</strong></span> 
     </span>
     <span class='ocr_line' id='line_1_26' title="bbox 389 3199 1497 3284; baseline 0 -21"><span class='ocrx_word' id='word_1_209' title='bbox 389 3201 547 3284; x_wconf 80' lang='lat' dir='ltr'><strong>plerisque</strong></span> <span class='ocrx_word' id='word_1_210' title='bbox 571 3212 669 3264; x_wconf 78' lang='lat' dir='ltr'><strong>tomen</strong></span> <span class='ocrx_word' id='word_1_211' title='bbox 688 3210 758 3283; x_wconf 79' lang='lat' dir='ltr'><strong>poet</strong></span> <span class='ocrx_word' id='word_1_212' title='bbox 780 3201 879 3283; x_wconf 74' lang='lat' dir='ltr'><strong>opsono</strong></span> <span class='ocrx_word' id='word_1_213' title='bbox 904 3200 1124 3263; x_wconf 77' lang='lat' dir='ltr'><strong>Ecclesiastieis</strong></span> <span class='ocrx_word' id='word_1_214' title='bbox 1147 3199 1342 3282; x_wconf 65' lang='lat' dir='ltr'><strong>scriptorius</strong></span> <span class='ocrx_word' id='word_1_215' title='bbox 1367 3201 1497 3283; x_wconf 78' lang='grc' dir='ltr'>ογύςιίοτπ</span> 
     </span>
     <span class='ocr_line' id='line_1_27' title="bbox 396 3299 1497 3382; baseline 0.002 -20"><span class='ocrx_word' id='word_1_216' title='bbox 396 3301 508 3362; x_wconf 61' lang='lat' dir='ltr'><strong>errotis</strong></span> <span class='ocrx_word' id='word_1_217' title='bbox 529 3301 706 3363; x_wconf 76' lang='lat' dir='ltr'><strong>oecusiootom</strong></span> <span class='ocrx_word' id='word_1_218' title='bbox 728 3299 872 3382; x_wconf 74' lang='lat' dir='ltr'><strong>prebuit,</strong></span> <span class='ocrx_word' id='word_1_219' title='bbox 895 3300 1022 3362; x_wconf 71' lang='lat' dir='ltr'><strong>hominis</strong></span> <span class='ocrx_word' id='word_1_220' title='bbox 1045 3310 1186 3363; x_wconf 78' lang='lat' dir='ltr'><strong>uetustate</strong></span> <span class='ocrx_word' id='word_1_221' title='bbox 1207 3303 1382 3364; x_wconf 68' lang='lat' dir='ltr'><strong>metentium</strong></span> <span class='ocrx_word' id='word_1_222' title='bbox 1408 3323 1497 3364; x_wconf 80' lang='lat' dir='ltr'><strong>suum</strong></span> 
     </span>
     <span class='ocr_line' id='line_1_28' title="bbox 396 3399 1498 3486; baseline 0.001 -23"><span class='ocrx_word' id='word_1_223' title='bbox 396 3399 543 3463; x_wconf 75' lang='lat' dir='ltr'><strong>tuentilms</strong></span> <span class='ocrx_word' id='word_1_224' title='bbox 558 3425 568 3462; x_wconf 89' lang='lat'><em>:</em></span> <span class='ocrx_word' id='word_1_225' title='bbox 584 3410 667 3483; x_wconf 81' lang='lat' dir='ltr'><strong>putu</strong></span> <span class='ocrx_word' id='word_1_226' title='bbox 682 3400 811 3475; x_wconf 76' lang='grc' dir='ltr'>Ινοιιιεο,</span> <span class='ocrx_word' id='word_1_227' title='bbox 827 3409 855 3463; x_wconf 83' lang='lat' dir='ltr'><strong>et</strong></span> <span class='ocrx_word' id='word_1_228' title='bbox 867 3402 895 3462; x_wconf 84' lang='lat' dir='ltr'><strong>si</strong></span> <span class='ocrx_word' id='word_1_229' title='bbox 908 3401 1072 3483; x_wconf 77' lang='lat' dir='ltr'><strong>quisalius</strong></span> <span class='ocrx_word' id='word_1_230' title='bbox 1086 3402 1215 3484; x_wconf 52' lang='lat' dir='ltr'><strong>quedem</strong></span> <span class='ocrx_word' id='word_1_231' title='bbox 1228 3403 1379 3485; x_wconf 76' lang='lat' dir='ltr'><strong>opinionis</strong></span> <span class='ocrx_word' id='word_1_232' title='bbox 1384 3404 1498 3486; x_wconf 79' lang='lat' dir='ltr'><strong>fautor</strong></span> 
     </span>
     <span class='ocr_line' id='line_1_29' title="bbox 396 3500 1494 3587; baseline 0.004 -26"><span class='ocrx_word' id='word_1_233' title='bbox 396 3500 503 3562; x_wconf 77' lang='lat' dir='ltr'><strong>estitit.</strong></span> <span class='ocrx_word' id='word_1_234' title='bbox 559 3500 662 3563; x_wconf 81' lang='lat' dir='ltr'><strong>Extat</strong></span> <span class='ocrx_word' id='word_1_235' title='bbox 682 3507 790 3563; x_wconf 83' lang='lat' dir='ltr'><strong>temen</strong></span> <span class='ocrx_word' id='word_1_236' title='bbox 813 3501 853 3564; x_wconf 90' lang='lat' dir='ltr'><strong>de</strong></span> <span class='ocrx_word' id='word_1_237' title='bbox 876 3501 978 3584; x_wconf 80' lang='lat' dir='ltr'><strong>Papia</strong></span> <span class='ocrx_word' id='word_1_238' title='bbox 1000 3502 1032 3564; x_wconf 90' lang='lat' dir='ltr'><strong>in</strong></span> <span class='ocrx_word' id='word_1_239' title='bbox 1053 3503 1140 3566; x_wconf 89' lang='lat' dir='ltr'><strong>edito</strong></span> <span class='ocrx_word' id='word_1_240' title='bbox 1154 3500 1290 3580; x_wconf 73' lang='lat' dir='ltr'><strong>Eusebio,</strong></span> <span class='ocrx_word' id='word_1_241' title='bbox 1312 3503 1404 3566; x_wconf 91' lang='lat' dir='ltr'><strong>initio</strong></span> <span class='ocrx_word' id='word_1_242' title='bbox 1425 3525 1494 3587; x_wconf 84' lang='lat' dir='ltr'><strong>cup.</strong></span> 
     </span>
     <span class='ocr_line' id='line_1_30' title="bbox 398 3599 1496 3686; baseline 0.005 -24"><span class='ocrx_word' id='word_1_243' title='bbox 398 3600 503 3663; x_wconf 82' lang='lat' dir='ltr'><strong>xxxvi.</strong></span> <span class='ocrx_word' id='word_1_244' title='bbox 529 3601 624 3684; x_wconf 87' lang='lat' dir='ltr'><strong>hujus</strong></span> <span class='ocrx_word' id='word_1_245' title='bbox 646 3599 718 3663; x_wconf 88' lang='lat' dir='ltr'><strong>libri</strong></span> <span class='ocrx_word' id='word_1_246' title='bbox 743 3601 842 3677; x_wconf 89' lang='lat' dir='ltr'><strong>tertii,</strong></span> <span class='ocrx_word' id='word_1_247' title='bbox 862 3622 1011 3685; x_wconf 79' lang='lat' dir='ltr'><strong>magnum</strong></span> <span class='ocrx_word' id='word_1_248' title='bbox 1031 3603 1117 3666; x_wconf 89' lang='lat' dir='ltr'><strong>istud</strong></span> <span class='ocrx_word' id='word_1_249' title='bbox 1138 3604 1338 3686; x_wconf 76' lang='lat' dir='ltr'><strong>praeoonium</strong></span> <span class='ocrx_word' id='word_1_250' title='bbox 1363 3605 1437 3684; x_wconf 77' lang='grc' dir='ltr'>ἀνὴρ</span> <span class='ocrx_word' id='word_1_251' title='bbox 1457 3608 1496 3668; x_wconf 71' lang='lat' dir='ltr'><strong>ru</strong></span> 
     </span>
     <span class='ocr_line' id='line_1_31' title="bbox 397 3700 1546 3785; baseline 0.003 -20"><span class='ocrx_word' id='word_1_252' title='bbox 397 3700 497 3765; x_wconf 80' lang='grc' dir='ltr'>πάντα</span> <span class='ocrx_word' id='word_1_253' title='bbox 518 3703 564 3764; x_wconf 85' lang='grc' dir='ltr'>ὅτι</span> <span class='ocrx_word' id='word_1_254' title='bbox 582 3702 715 3780; x_wconf 79' lang='grc' dir='ltr'>μάλιστα</span> <span class='ocrx_word' id='word_1_255' title='bbox 739 3704 920 3783; x_wconf 82' lang='grc' dir='ltr'>λογιώτατος</span> <span class='ocrx_word' id='word_1_256' title='bbox 942 3704 990 3766; x_wconf 82' lang='grc' dir='ltr'><strong>καὶ</strong></span> <span class='ocrx_word' id='word_1_257' title='bbox 1015 3708 1066 3781; x_wconf 78' lang='grc' dir='ltr'>τῆς</span> <span class='ocrx_word' id='word_1_258' title='bbox 1087 3709 1204 3785; x_wconf 73' lang='grc' dir='ltr'>γραφῆς</span> <span class='ocrx_word' id='word_1_259' title='bbox 1226 3705 1360 3784; x_wconf 82' lang='grc' dir='ltr'>είδήμων.</span> <span class='ocrx_word' id='word_1_260' title='bbox 1411 3707 1494 3768; x_wconf 90' lang='lat' dir='ltr'><strong>Cum</strong></span> <span class='ocrx_word' id='word_1_261' title='bbox 1543 3758 1546 3762; x_wconf 83' lang='lat'><strong>.</strong></span> 
     </span>
     <span class='ocr_line' id='line_1_32' title="bbox 396 3801 1495 3889; baseline 0.006 -27"><span class='ocrx_word' id='word_1_262' title='bbox 396 3823 471 3866; x_wconf 91' lang='lat' dir='ltr'><strong>vero</strong></span> <span class='ocrx_word' id='word_1_263' title='bbox 485 3801 555 3865; x_wconf 85' lang='lat' dir='ltr'><strong>leus</strong></span> <span class='ocrx_word' id='word_1_264' title='bbox 569 3801 633 3864; x_wconf 80' lang='lat' dir='ltr'><strong>iste.</strong></span> <span class='ocrx_word' id='word_1_265' title='bbox 650 3802 769 3864; x_wconf 82' lang='lat' dir='ltr'><strong>absita</strong></span> <span class='ocrx_word' id='word_1_266' title='bbox 791 3802 882 3864; x_wconf 91' lang='lat' dir='ltr'><strong>oodd.</strong></span> <span class='ocrx_word' id='word_1_267' title='bbox 898 3801 1000 3865; x_wconf 87' lang='lat' dir='ltr'><strong>tribus</strong></span> <span class='ocrx_word' id='word_1_268' title='bbox 1020 3825 1041 3868; x_wconf 87' lang='grc' dir='ltr'>α</span> <span class='ocrx_word' id='word_1_269' title='bbox 1052 3803 1182 3867; x_wconf 84' lang='lat' dir='ltr'><strong>Valesio</strong></span> <span class='ocrx_word' id='word_1_270' title='bbox 1201 3805 1392 3882; x_wconf 83' lang='lat' dir='ltr'><strong>memoretis,</strong></span> <span class='ocrx_word' id='word_1_271' title='bbox 1410 3806 1495 3889; x_wconf 89' lang='lat' dir='ltr'><strong>(qui-</strong></span> 
     </span>
     <span class='ocr_line' id='line_1_33' title="bbox 397 3903 1494 3988; baseline 0.001 -20"><span class='ocrx_word' id='word_1_272' title='bbox 397 3906 456 3968; x_wconf 88' lang='lat' dir='ltr'><strong>bus</strong></span> <span class='ocrx_word' id='word_1_273' title='bbox 471 3903 651 3967; x_wconf 73' lang='grc' dir='ltr'>δοοὶίίαιιιις</span> <span class='ocrx_word' id='word_1_274' title='bbox 665 3903 697 3965; x_wconf 92' lang='lat' dir='ltr'><strong>in</strong></span> <span class='ocrx_word' id='word_1_275' title='bbox 712 3903 863 3965; x_wconf 91' lang='lat' dir='ltr'><strong>Biblioth.</strong></span> <span class='ocrx_word' id='word_1_276' title='bbox 880 3904 971 3968; x_wconf 91' lang='lat' dir='ltr'><strong>Bodl.</strong></span> <span class='ocrx_word' id='word_1_277' title='bbox 987 3912 1020 3968; x_wconf 90' lang='lat' dir='ltr'><strong>et</strong></span> <span class='ocrx_word' id='word_1_278' title='bbox 1039 3906 1128 3967; x_wconf 74' lang='lat' dir='ltr'><strong>codes</strong></span> <span class='ocrx_word' id='word_1_279' title='bbox 1142 3907 1290 3988; x_wconf 81' lang='lat' dir='ltr'><strong>Norfolo.,</strong></span> <span class='ocrx_word' id='word_1_280' title='bbox 1306 3914 1339 3969; x_wconf 93' lang='lat' dir='ltr'><strong>et</strong></span> <span class='ocrx_word' id='word_1_281' title='bbox 1353 3913 1494 3970; x_wconf 79' lang='lat' dir='ltr'><strong>testante</strong></span> 
     </span>
     <span class='ocr_line' id='line_1_34' title="bbox 396 4005 1494 4082; baseline 0.003 -14"><span class='ocrx_word' id='word_1_282' title='bbox 396 4013 541 4070; x_wconf 73' lang='lat' dir='ltr'><strong>recenter</strong></span> <span class='ocrx_word' id='word_1_283' title='bbox 560 4005 704 4068; x_wconf 90' lang='lat' dir='ltr'><strong>Burtono</strong></span> <span class='ocrx_word' id='word_1_284' title='bbox 728 4005 814 4066; x_wconf 79' lang='lat' dir='ltr'><strong>codd.</strong></span> <span class='ocrx_word' id='word_1_285' title='bbox 837 4005 935 4068; x_wconf 83' lang='lat' dir='ltr'><strong>Vonot.</strong></span> <span class='ocrx_word' id='word_1_286' title='bbox 956 4013 989 4068; x_wconf 90' lang='lat' dir='ltr'><strong>et</strong></span> <span class='ocrx_word' id='word_1_287' title='bbox 1008 4028 1086 4069; x_wconf 80' lang='lat' dir='ltr'><strong>uuus</strong></span> <span class='ocrx_word' id='word_1_288' title='bbox 1110 4028 1146 4069; x_wconf 78' lang='lat' dir='ltr'><strong>ou</strong></span> <span class='ocrx_word' id='word_1_289' title='bbox 1170 4006 1281 4070; x_wconf 75' lang='lat' dir='ltr'><strong>duobus</strong></span> <span class='ocrx_word' id='word_1_290' title='bbox 1295 4008 1494 4082; x_wconf 75' lang='lat' dir='ltr'><strong>Florentinis,</strong></span> 
     </span>
     <span class='ocr_line' id='line_1_35' title="bbox 399 4106 1494 4193; baseline 0.003 -25"><span class='ocrx_word' id='word_1_291' title='bbox 399 4128 482 4170; x_wconf 86' lang='lat' dir='ltr'><strong>nune</strong></span> <span class='ocrx_word' id='word_1_292' title='bbox 505 4106 643 4170; x_wconf 85' lang='lat' dir='ltr'><strong>uddendi</strong></span> <span class='ocrx_word' id='word_1_293' title='bbox 665 4107 768 4189; x_wconf 69' lang='lat' dir='ltr'><strong>sunt)</strong></span> <span class='ocrx_word' id='word_1_294' title='bbox 787 4128 888 4190; x_wconf 85' lang='lat' dir='ltr'><strong>neque</strong></span> <span class='ocrx_word' id='word_1_295' title='bbox 903 4107 1014 4169; x_wconf 86' lang='lat' dir='ltr'><strong>eadem</strong></span> <span class='ocrx_word' id='word_1_296' title='bbox 1032 4130 1052 4171; x_wconf 84' lang='lat' dir='ltr'><strong>e</strong></span> <span class='ocrx_word' id='word_1_297' title='bbox 1071 4110 1184 4190; x_wconf 77' lang='lat' dir='ltr'><strong>Rufino</strong></span> <span class='ocrx_word' id='word_1_298' title='bbox 1202 4110 1377 4193; x_wconf 82' lang='lat' dir='ltr'><strong>interprete</strong></span> <span class='ocrx_word' id='word_1_299' title='bbox 1394 4110 1494 4172; x_wconf 88' lang='lat' dir='ltr'><strong>veteri</strong></span> 
     </span>
     <span class='ocr_line' id='line_1_36' title="bbox 395 4207 1495 4293; baseline 0.003 -25"><span class='ocrx_word' id='word_1_300' title='bbox 395 4213 598 4289; x_wconf 76' lang='lat' dir='ltr'><strong>agnoscetur,</strong></span> <span class='ocrx_word' id='word_1_301' title='bbox 614 4228 677 4269; x_wconf 90' lang='lat' dir='ltr'><strong>uon</strong></span> <span class='ocrx_word' id='word_1_302' title='bbox 692 4207 820 4269; x_wconf 80' lang='lat' dir='ltr'><strong>dubitat</strong></span> <span class='ocrx_word' id='word_1_303' title='bbox 834 4207 886 4269; x_wconf 86' lang='lat' dir='ltr'><strong>ilie</strong></span> <span class='ocrx_word' id='word_1_304' title='bbox 901 4208 1102 4272; x_wconf 85' lang='lat' dir='ltr'><strong>doctissimus</strong></span> <span class='ocrx_word' id='word_1_305' title='bbox 1114 4209 1271 4285; x_wconf 80' lang='lat' dir='ltr'><strong>Valesius,</strong></span> <span class='ocrx_word' id='word_1_306' title='bbox 1296 4232 1430 4293; x_wconf 79' lang='lat' dir='ltr'><strong>quocum</strong></span> <span class='ocrx_word' id='word_1_307' title='bbox 1440 4209 1495 4272; x_wconf 82' lang='lat' dir='ltr'><strong>ulii</strong></span> 
     </span>
     <span class='ocr_line' id='line_1_37' title="bbox 396 4306 1511 4393; baseline 0.003 -25"><span class='ocrx_word' id='word_1_308' title='bbox 396 4306 606 4381; x_wconf 76' lang='lat' dir='ltr'><strong>consentiunt,</strong></span> <span class='ocrx_word' id='word_1_309' title='bbox 617 4307 693 4388; x_wconf 89' lang='lat' dir='ltr'><strong>quin</strong></span> <span class='ocrx_word' id='word_1_310' title='bbox 708 4307 804 4369; x_wconf 87' lang='lat' dir='ltr'><strong>verbe</strong></span> <span class='ocrx_word' id='word_1_311' title='bbox 813 4308 854 4370; x_wconf 87' lang='lat' dir='ltr'><strong>sb</strong></span> <span class='ocrx_word' id='word_1_312' title='bbox 869 4309 1017 4392; x_wconf 87' lang='lat' dir='ltr'><strong>imperito</strong></span> <span class='ocrx_word' id='word_1_313' title='bbox 1032 4311 1169 4393; x_wconf 84' lang='lat' dir='ltr'><strong>quodem</strong></span> <span class='ocrx_word' id='word_1_314' title='bbox 1179 4310 1350 4374; x_wconf 82' lang='lat' dir='ltr'><strong>soholiestu</strong></span> <span class='ocrx_word' id='word_1_315' title='bbox 1366 4310 1494 4392; x_wconf 76' lang='lat' dir='ltr'><strong>odjeote</strong></span> <span class='ocrx_word' id='word_1_316' title='bbox 1509 4378 1511 4381; x_wconf 10' lang='lat' dir='ltr'>y</span> 
     </span>
     <span class='ocr_line' id='line_1_38' title="bbox 397 4404 1494 4492; baseline 0.007 -27"><span class='ocrx_word' id='word_1_317' title='bbox 397 4404 471 4475; x_wconf 88' lang='lat' dir='ltr'><strong>sint,</strong></span> <span class='ocrx_word' id='word_1_318' title='bbox 498 4411 616 4488; x_wconf 79' lang='lat' dir='ltr'><strong>praeter</strong></span> <span class='ocrx_word' id='word_1_319' title='bbox 641 4404 770 4469; x_wconf 88' lang='lat' dir='ltr'><strong>Eusebii</strong></span> <span class='ocrx_word' id='word_1_320' title='bbox 800 4416 939 4471; x_wconf 90' lang='lat' dir='ltr'><strong>mentem</strong></span> <span class='ocrx_word' id='word_1_321' title='bbox 963 4417 1061 4492; x_wconf 87' lang='lat' dir='ltr'><strong>atque</strong></span> <span class='ocrx_word' id='word_1_322' title='bbox 1084 4411 1286 4474; x_wconf 81' lang='lat' dir='ltr'><strong>sententiam.</strong></span> <span class='ocrx_word' id='word_1_323' title='bbox 1341 4408 1494 4473; x_wconf 84' lang='lat' dir='ltr'><strong>Defendit</strong></span> 
     </span>
     <span class='ocr_line' id='line_1_39' title="bbox 397 4503 1494 4592; baseline 0.007 -28"><span class='ocrx_word' id='word_1_324' title='bbox 397 4510 505 4565; x_wconf 84' lang='lat' dir='ltr'><strong>temen</strong></span> <span class='ocrx_word' id='word_1_325' title='bbox 520 4503 658 4566; x_wconf 85' lang='lat' dir='ltr'><strong>Grebius</strong></span> <span class='ocrx_word' id='word_1_326' title='bbox 676 4505 708 4566; x_wconf 91' lang='lat' dir='ltr'><strong>in</strong></span> <span class='ocrx_word' id='word_1_327' title='bbox 732 4508 841 4591; x_wconf 80' lang='lat' dir='ltr'><strong>Spioil.</strong></span> <span class='ocrx_word' id='word_1_328' title='bbox 857 4515 933 4571; x_wconf 89' lang='lat' dir='ltr'><strong>tom.</strong></span> <span class='ocrx_word' id='word_1_329' title='bbox 950 4510 982 4571; x_wconf 91' lang='lat' dir='ltr'><strong>ii.</strong></span> <span class='ocrx_word' id='word_1_330' title='bbox 1002 4531 1033 4592; x_wconf 87' lang='lat' dir='ltr'><strong>p.</strong></span> <span class='ocrx_word' id='word_1_331' title='bbox 1050 4511 1100 4572; x_wconf 83' lang='lat'><strong>28.</strong></span> <span class='ocrx_word' id='word_1_332' title='bbox 1116 4517 1150 4573; x_wconf 91' lang='lat' dir='ltr'><strong>et</strong></span> <span class='ocrx_word' id='word_1_333' title='bbox 1165 4532 1205 4573; x_wconf 83' lang='lat' dir='ltr'><strong>ex</strong></span> <span class='ocrx_word' id='word_1_334' title='bbox 1220 4534 1258 4574; x_wconf 90' lang='lat' dir='ltr'><strong>eo</strong></span> <span class='ocrx_word' id='word_1_335' title='bbox 1273 4510 1398 4575; x_wconf 81' lang='lat' dir='ltr'><strong>Oeillier</strong></span> <span class='ocrx_word' id='word_1_336' title='bbox 1412 4509 1494 4572; x_wconf 70' lang='lat' dir='ltr'><strong>Heu</strong></span> 
     </span>
     <span class='ocr_line' id='line_1_40' title="bbox 400 4601 1493 4697; baseline 0.007 -34"><span class='ocrx_word' id='word_1_337' title='bbox 400 4601 547 4664; x_wconf 66' lang='lat' dir='ltr'><strong>sueno</strong></span> <span class='ocrx_word' id='word_1_338' title='bbox 566 4602 617 4665; x_wconf 81' lang='lat' dir='ltr'><strong>des</strong></span> <span class='ocrx_word' id='word_1_339' title='bbox 632 4604 765 4670; x_wconf 71' lang='lat' dir='ltr'><strong>Auem</strong></span> <span class='ocrx_word' id='word_1_340' title='bbox 785 4609 855 4671; x_wconf 77' lang='lat' dir='ltr'><strong>Suo.</strong></span> <span class='ocrx_word' id='word_1_341' title='bbox 870 4618 897 4671; x_wconf 78' lang='lat' dir='ltr'><strong>et</strong></span> <span class='ocrx_word' id='word_1_342' title='bbox 911 4610 1024 4673; x_wconf 81' lang='grc' dir='ltr'>Εοοίοι.</span> <span class='ocrx_word' id='word_1_343' title='bbox 1040 4618 1116 4672; x_wconf 91' lang='lat' dir='ltr'><strong>tom.</strong></span> <span class='ocrx_word' id='word_1_344' title='bbox 1132 4610 1154 4671; x_wconf 88' lang='lat' dir='ltr'><strong>i.</strong></span> <span class='ocrx_word' id='word_1_345' title='bbox 1176 4633 1206 4697; x_wconf 88' lang='lat' dir='ltr'><strong>p.</strong></span> <span class='ocrx_word' id='word_1_346' title='bbox 1223 4612 1297 4675; x_wconf 87' lang='lat'><strong>686.</strong></span> <span class='ocrx_word' id='word_1_347' title='bbox 1314 4619 1348 4674; x_wconf 85' lang='lat' dir='ltr'><strong>et</strong></span> <span class='ocrx_word' id='word_1_348' title='bbox 1364 4610 1493 4675; x_wconf 80' lang='lat' dir='ltr'><strong>Gallen-</strong></span> 
     </span>
    </p>
   </div>
   <div class='ocr_carea' id='block_1_3' title="bbox 0 0 1910 5650">
    <p class='ocr_par' dir='ltr' id='par_1_6' title="bbox 0 0 1910 5650">
     <span class='ocr_line' id='line_1_41' title="bbox 0 0 1910 5650; baseline 0 2"><span class='ocrx_word' id='word_1_349' title='bbox 0 0 1910 5650; x_wconf 95' lang='lat' dir='ltr'><strong> </strong></span> 
     </span>
    </p>
   </div>
  </div>
 </body>
</html>
