3809 5650
397 696 461 759 mo
756 694 1136 757 ANNOTATIONES

398 866 564 937 ΓΕΛΙΟΝ,
590 860 657 924 τότε
683 859 850 942 λεγόμενον
875 862 964 924 αὐτοῦ
989 861 1131 942 κήρυγμα,
1159 860 1207 923 καὶ
1232 861 1286 938 τὴν
1312 862 1511 942 καλουμένην

398 963 602 1044 ἀποκάλυψιν,
613 961 672 1025 οὐδ’
683 965 759 1028 ὅλως
775 965 809 1025 ἓν
825 968 993 1028 καθολικοῖς
1007 965 1096 1040 ἴσμεν
1106 960 1358 1042 παραδεδομένον,
1370 963 1418 1025 ὅτι
1428 963 1508 1042 μήτε

398 1065 541 1145 ἀρχαίων,
557 1063 629 1142 μήτε
644 1070 703 1127 τῶν
721 1063 784 1126 καθ’
800 1066 874 1143 ἡμᾶς
894 1089 938 1130 τις
959 1062 1204 1139 ἑκκλησιασπικὸς
1224 1064 1416 1143 συγγραφεὺς
1436 1071 1507 1129 ταῖς

399 1166 431 1242 ἒξ
442 1166 538 1228 αὐτῶν
549 1163 757 1247 συνεχρήσατο
767 1167 946 1245 μαρινρίαις.
980 1163 1046 1226 Ubi
1058 1170 1165 1227 tamen
1176 1162 1323 1226 Valesius
1334 1163 1504 1228 videndus.

398 1264 498 1330 Certo
508 1288 583 1330 vero
598 1265 716 1330 certius
730 1273 791 1340 est,
804 1265 923 1328 nullum
934 1272 1074 1331 veterem
1090 1265 1288 1348 scriptorem,
1297 1265 1387 1348 cujus
1402 1287 1504 1349 opera

398 1367 489 1430 uobis
503 1368 607 1440 adhuc
622 1375 801 1450 supersunt,
818 1367 878 1429 hoc
894 1366 985 1430 Petri
1000 1367 1196 1451 evangelium
1211 1375 1364 1450 tanquam
1382 1366 1502 1429 librum

399 1467 598 1532 θεὸπνευστον
618 1468 784 1542 attulisse;
808 1468 905 1531 immo
922 1468 1083 1531 rarissime
1103 1491 1124 1531 a
1144 1489 1302 1552 quoquam
1325 1468 1423 1531 etiam
1445 1489 1502 1531 no-

397 1569 554 1632 minatum
568 1576 627 1633 est.
661 1570 726 1632 Hic
737 1591 811 1633 vero
825 1575 904 1632 nota
918 1590 1027 1632 curam
1042 1569 1148 1653 magni
1164 1568 1307 1653 praesulis
1318 1570 1358 1633 de
1370 1568 1501 1633 Oenone

398 1670 432 1742 S,
450 1671 617 1734 Libromm
632 1672 717 1755 apud
738 1670 902 1732 ecclesiam
921 1686 1059 1753 recepto.
1105 1670 1254 1734 Ceterum
1271 1669 1386 1733 Valesii
1406 1671 1499 1733 codd.

397 1771 566 1835 lectionem
592 1772 760 1836 confirmat
784 1773 863 1834 MS.
890 1771 1032 1854 Norsole.
1060 1771 1114 1854 qui
1144 1770 1328 1850 ἔπονόμασιν
1354 1778 1499 1853 praestat.

399 1873 491 1937 Nunc
507 1874 599 1937 addit
620 1874 700 1937 alios
722 1894 830 1935 omnes
852 1872 884 1934 in
899 1873 1039 1958 gratiam
1064 1895 1154 1935 suam
1176 1873 1309 1936 collatos
1325 1872 1501 1950 Burtonus,

398 1983 516 2058 praeter
530 1977 658 2061 Βαρῖνος
673 1982 706 2039 et
722 1974 889 2038 Parisinos.
921 1974 1128 2042 Praetereaet
1138 1972 1261 2053 ὀνόματι
1271 1973 1336 2037 eod.
1347 1972 1499 2047 Drasdea,

397 2084 435 2140 ut
450 2078 548 2141 refert
563 2078 752 2141 Heiniohen.

443 2178 481 2242 P.
498 2199 572 2262 452.
593 2179 614 2239 l.
639 2199 689 2260 19.
711 2179 759 2241 καὶ
780 2179 820 2256 μὴ
844 2178 982 2261 διελθὼν]
1004 2177 1064 2241 Ait
1084 2179 1257 2254 Burtonus,
1280 2183 1299 2215 ‘⁴
1316 2176 1371 2240 lta
1389 2197 1501 2240 omnes

398 2286 419 2331 t‘
435 2288 553 2362 praeter
576 2279 639 2341 eod.
663 2282 757 2341 Venet.
783 2279 836 2360 qui
860 2277 937 2361 legit
960 2279 1029 2356 μὴν,
1055 2300 1119 2341 non
1144 2279 1258 2342 male.”
1311 2278 1371 2341 Cui
1398 2278 1500 2341 codici

398 2380 524 2444 addidit
547 2379 736 2442 Heinichen.
759 2379 792 2442 in
814 2380 1026 2463 Supplememo
1047 2382 1202 2443 Netomms
1223 2382 1256 2444 ia
1278 2378 1388 2443 Emeb.
1410 2379 1500 2442 illum

398 2481 608 2543 Dresdeasem.
651 2480 733 2542 Tum
748 2501 822 2544 vero
836 2479 934 2543 vertit
948 2488 1040 2543 vetus
1063 2480 1219 2565 interpres
1233 2479 1378 2556 Rufinus,
1393 2490 1421 2543 et
1435 2502 1500 2543 non

398 2583 519 2646 decmm
531 2581 638 2659 libello,
649 2588 719 2646 tum
731 2604 801 2665 quse
812 2590 887 2666 post
902 2582 1052 2655 dicuntur
1066 2582 1291 2666 perpendenda
1304 2581 1397 2644 nobis
1412 2588 1499 2645 sunt.

442 2684 526 2746 Ibid.
542 2683 561 2747 l.
579 2703 627 2746 αι.
644 2683 859 2767 μικροψυχίαν]
876 2683 996 2746 Reddit
1011 2682 1128 2746 Latine
1141 2682 1323 2746 simultatem
1339 2681 1499 2758 Valesius,

397 2792 542 2850 verteme
562 2807 687 2869 quoque
712 2785 841 2861 Rufino,
863 2785 942 2848 imer
964 2805 1013 2847 cos
1036 2783 1231 2847 inimicitiam
1251 2783 1499 2869 amotumque.

399 2887 466 2949 Nee
485 2887 518 2948 in
538 2887 696 2949 diversum
717 2908 842 2949 sensum
862 2885 1094 2969 interpretatus
1114 2892 1164 2949 cst
1182 2891 1240 2949 aut
1256 2885 1420 2949 Masculus
1440 2893 1500 2949 aut

398 2987 713 3071 christophorsonus.
759 2987 875 3051 Confer
898 2987 1029 3050 emam
1047 2986 1175 3050 Nicaeai
1195 2986 1315 3051 canon.
1334 3008 1364 3050 v.
1384 2992 1418 3049 et
1439 2984 1498 3049 So-

398 3089 496 3152 cratis
506 3090 589 3152 Hic.
601 3088 684 3152 Ecol.
700 3087 740 3150 iv.
758 3107 809 3171 23.
825 3095 859 3152 et
876 3090 1039 3151 Sozomen.
1055 3088 1139 3150 Hm.
1156 3087 1240 3150 Eccl.
1256 3087 1296 3149 vi.
1314 3106 1366 3169 25.
1382 3087 1415 3149 in
1430 3087 1501 3170 qui.-

397 3190 457 3253 bus
468 3189 545 3252 locis
560 3190 648 3253 notio
663 3190 731 3251 haec
745 3188 909 3251 sinruleolie
919 3210 976 3251 seu
990 3187 1181 3251 contentionis
1195 3188 1263 3251 voci
1278 3188 1423 3272 subjecta
1437 3195 1498 3258 est

442 3293 480 3353 P.
490 3311 509 3366 4
510 3309 530 3372 5
534 3310 565 3373 3.
576 3290 597 3352 l.
612 3310 659 3353 11.
672 3290 855 3369 Μαρκιανὸς,
872 3290 933 3372 καὶ]
952 3289 1160 3352 Scribendum
1174 3288 1301 3352 videtur
1316 3288 1499 3369 Μαρκιανὸς,

398 3393 437 3457 ὡς
461 3392 518 3462 καὶ,
542 3392 597 3452 &a
643 3392 755 3473 Atque
778 3391 825 3453 ita
847 3391 992 3474 legerunt
1007 3388 1143 3452 Rufinus
1166 3396 1199 3451 et
1216 3388 1389 3452 Masculus.
1435 3389 1500 3453 Sed

398 3489 704 3571 christophorsonus
719 3490 845 3552 videtur
859 3489 972 3573 legisse
987 3491 1036 3553 καὶ
1049 3491 1098 3562 ὡς,
1115 3492 1171 3553 &a
1218 3488 1353 3552 Savilius
1366 3489 1400 3551 in
1416 3488 1500 3552 libro

398 3611 456 3654 suo
478 3589 657 3652 emendavit
682 3590 730 3651 καὶ
752 3595 814 3655 πῶς
838 3593 930 3673 ἑαυτῷ
956 3591 1139 3668 ἠναντιοῦτο.
1163 3590 1327 3652 Vnaaslus.
1374 3589 1500 3653 Forsan

398 3692 433 3757 ὸς
448 3692 495 3756 καὶ
516 3712 579 3752 non
600 3691 638 3755 ὡς
658 3690 706 3752 καὶ
726 3689 897 3773 scripserat
913 3690 1066 3763 Valesius,
1083 3692 1168 3774 quod
1188 3713 1259 3758 cum
1283 3713 1323 3753 ex
1345 3690 1500 3774 interpres

398 3793 495 3869 tibus,
511 3813 589 3875 quos
604 3790 759 3867 nominat,
772 3799 841 3854 tum
857 3812 896 3853 ex
911 3790 1010 3875 ipsius
1021 3791 1171 3867 versione,
1184 3790 1402 3875 colligendum.
1437 3792 1500 3855 Alt

397 3901 506 3957 autem
521 3892 696 3968 Strothius,
712 3891 951 3976 intelligendum
967 3913 1035 3955 esse
1051 3894 1143 3969 ἐσμὲν
1159 3897 1232 3974 post
1247 3890 1499 3970 καταλαβόμενοι,

397 3996 477 4060 alias
492 3995 710 4077 imperfectam
730 3994 798 4055 fors
819 3992 1022 4068 sententiam,
1039 3998 1076 4054 ut
1092 3991 1254 4055 Lowthius
1273 4013 1399 4074 quoque
1418 3992 1499 4055 exis-

397 4098 503 4162 timat.
549 4093 667 4157 Totum
685 4115 759 4171 vero
779 4093 882 4157 locum
905 4101 979 4176 post
992 4100 1133 4156 veterem
1155 4092 1363 4175 interpretem
1384 4093 1429 4155 sic
1451 4114 1500 4157 rer

397 4196 552 4273 finxerim,
568 4202 663 4278 prout
678 4201 755 4257 ants
776 4194 954 4276 inspectum
969 4193 1119 4255 Rufinum
1139 4193 1306 4276 legendum
1326 4194 1497 4263 duxeramz

396 4301 480 4377 ἡμεῖς
505 4300 538 4360 δὲ
562 4296 770 4375 κατελάβομεν
792 4296 896 4360 ὁποίας
916 4293 954 4371 ἦν
980 4292 1122 4373 αἱρέσεως
1145 4296 1162 4356 ὸ
1186 4294 1367 4374 Μαρκιανὸς,
1392 4294 1426 4360 ὸς
1452 4294 1500 4356 καὶ

399 4402 492 4484 ἑαυτῷ
507 4399 690 4476 ἠναντιοῦτο,
706 4396 747 4474 μὴ
762 4401 839 4458 νοῶν
859 4396 879 4457 ὸ
900 4394 1014 4466 ἐλάλει,
1032 4395 1051 4457 ὸ
1072 4385 1135 4475 (vel
1155 4395 1174 4457 ὸ
1195 4396 1255 4474 καὶ)
1272 4395 1445 4473 μαθήσεσθε
1466 4396 1499 4472 ἐξ

397 4501 439 4561 ὧν
463 4502 532 4576 ὑμῖν
551 4499 668 4578 ἐγράφη
689 4498 745 4558 διο.
791 4494 897 4558 Vertit
919 4494 1002 4557 enirn
1024 4494 1076 4557 illc
1098 4495 1130 4557 in
1152 4495 1236 4558 huno
1258 4496 1406 4568 modum;
1432 4496 1500 4557 Nos

396 4598 475 4659 euim
488 4597 765 4678 mcimuasrolres,
778 4594 863 4677 eujus
875 4595 1120 4677 lereseeefccrit
1131 4596 1325 4673 Merciemcs,
1336 4595 1388 4679 qui
1400 4596 1498 4659 etiam

396 4698 454 4763 sili
476 4697 541 4781 ipsi
562 4697 733 4760 contrarios
753 4696 863 4773 eet-icit,
879 4719 938 4760 αοιι
963 4696 1129 4781 imellsyms
1148 4719 1215 4782 qme
1236 4697 1415 4782 loqueretur,
1429 4719 1499 4781 quoe
