3809 5650
445 671 511 733 οοο
766 672 1218 752 nnuloulnsxcnn.

447 828 528 914 roris
553 832 674 933 ἁγίους
700 832 856 927 ἔβλεπον
883 831 1108 935 πάσχοντας,
1129 842 1201 913 τῶν
1229 842 1461 936 στρατιωτῶν
1489 837 1547 913 ε’πὶ

446 974 552 1044 τοῦτο
579 967 845 1068 παρορμώντων
873 965 1010 1063 αύτούς,
1035 965 1308 1073 κατεψεύσαντο
1336 970 1437 1067 ἡμῶν
1465 974 1542 1046 Θυ·

446 1103 566 1180 έστεια
591 1105 724 1197 δεῖπνα,
751 1105 809 1180 καὶ
840 1104 1086 1185 Οἱδιποδείους
1110 1103 1234 1208 μίξεις,
1263 1107 1321 1183 καὶ
1355 1104 1428 1182 ὅσα
1457 1103 1547 1202 μήτε

446 1242 573 1314 λαλεῖν
590 1236 679 1335 μήτε
697 1245 787 1316 νοεῖν
807 1235 906 1334 θέμις
930 1240 1025 1334 ἡμῖν,
1045 1236 1144 1316 ἀλλὰ
1165 1236 1254 1337 μηδὲ
1276 1238 1458 1318 πιστεύειν
1483 1239 1547 1317 εἴτι

446 1378 584 1449 τοιοῦτο
616 1370 760 1450 πιθποτε
788 1371 888 1473 παρὰ
918 1372 1118 1474 ἀνθρώποις
1147 1375 1297 1474 ἐγένετο.
1341 1374 1476 1451 τούτων
1509 1372 1574 1459 bis

448 1504 702 1608 φημισθέντων
734 1502 863 1587 πάντες
896 1505 1197 1607 ἀπεθηριώθησαν
1226 1507 1409 1614 ‘lenium'
1451 1508 1546 1586 ὥστε

447 1641 505 1718 καί
528 1640 560 1718 εί
574 1674 664 1723 τινες
690 1639 732 1718 τὸ
756 1638 930 1743 πρότερον
954 1643 996 1718 δι’
1018 1641 1213 1740 οἰκειότητα
1238 1643 1448 1745 ἐμετρίαζον,
1467 1640 1547 1722 τότε

446 1772 615 1874 μεγάλως
633 1774 869 1878 ἐχαλέπαινον
887 1778 946 1854 καὶ
965 1779 1163 1878 διεπρίοντο
1188 1780 1265 1855 καθ
1286 1780 1398 1875 ἡμῶν.
1430 1780 1543 1875 ε’πλη·

445 1918 553 2013 ροῢτο
581 1913 639 1989 καὶ
667 1907 709 1989 τὸ
738 1908 807 1991 ὑπὸ
839 1920 902 1990 τοῦ
938 1913 1073 2013 Κυρίου
1111 1912 1211 2009 ἡμῶν
1244 1910 1435 2013 εἰρημένον.
1483 1910 1548 1989 fiiri

446 2044 631 2123 ἐλεύσεται
659 2044 780 2147 καιρὸς
807 2048 844 2122 ἐν
872 2042 901 2151 ᾧ
928 2053 1000 2128 πᾶς
1033 2047 1053 2122 ὁ
1086 2046 1295 2126 ἀποκτείνας
1329 2048 1428 2141 ὑμᾶς,
1452 2042 1548 2150 δόξει
1561 2084 1597 2122 10

448 2180 618 2279 λατρείαν
636 2178 856 2283 προσφέρειν
874 2185 925 2284 τῷ
946 2184 1041 2284 Θεῷ.

504 2309 544 2390 ε’.
575 2314 754 2391 Ἐνταῦθα
774 2313 903 2393 λοιπὸν
923 2311 1085 2415 ὑπεράνω
1105 2311 1228 2411 πάσης
1247 2312 1452 2417 ἐξηγήσεως
1470 2315 1550 2393 ὑπέ-

447 2479 555 2544 μενον
573 2444 741 2529 κολάσεις
767 2451 799 2524 oi
825 2444 919 2548 ἅγιοι
944 2446 1131 2548 μάρτυρες·
1163 2446 1463 2551 φιλοτιμουμένου
1485 2456 1548 2527 τοῦ

449 2586 595 2660 Σατανᾶ
624 2585 682 2660 καὶ
712 2583 754 2661 δι’
775 2583 915 2661 ἐκείνων
946 2582 1100 2684 ρἠθῆναί
1126 2615 1161 2659 τι
1193 2587 1265 2658 τῶν
1296 2579 1545 2685 βλασφήμων.

446 2716 795 2818 Ὑπερβεβλημενως
814 2715 851 2794 δέ
870 2716 1071 2821 ἐνέσκηψεν
1089 2717 1112 2813 ἡ
1131 2712 1221 2816 ὀργὴ
1236 2722 1341 2794 πᾶσα
1359 2719 1418 2794 καὶ
1436 2716 1549 2819 ὄχλου
1562 2749 1595 2808 15

448 2856 505 2930 καὶ
525 2850 699 2952 ἡγεμόνος
716 2854 775 2930 καὶ
793 2857 1035 2953 στρατιωτῶν,
1048 2857 1096 2933 εὶς
1116 2847 1281 2951 Σάγκτον
1295 2848 1456 2929 διάκονον
1476 2848 1548 2929 ἀπὸ

505 2985 515 3013 Ι
683 2989 694 3015 ἱ
735 2994 743 3017 5
836 2984 847 3008 Ι
1098 2985 1108 3011 Ι
1287 2984 1296 3013 λ
1358 2989 1367 3013 ὶ
1431 2985 1442 3013 λ

449 2991 606 3085 Βιεννης.
638 3022 696 3066 και
715 3022 763 3070 εις
779 2993 974 3088 Ματουρον
993 2992 1236 3093 νεοφωτιστον
1253 3020 1329 3083 μεν,
1347 2995 1447 3064 αλλα
1468 3021 1546 3087 γεν-

449 3275 479 3321 tn
510 3264 732 3321 reformidarent
765 3283 829 3338 qum
857 3273 972 3321 sanctos
1023 3261 1100 3338 quod
1123 3284 1139 3319 n
1155 3262 1283 3320 Domino
1305 3262 1477 3340 predictum
1499 3262 1545 3318 fu-

450 3344 563 3420 perpeti
591 3344 738 3407 videbant,
767 3341 909 3400 militibus
936 3341 971 3399 ad
1023 3353 1085 3399 erat
1108 3342 1153 3399 his
1172 3343 1283 3399 verbis:
1310 3343 1407 3401 Veniet
1429 3350 1547 3419 ternpus,

449 3423 503 3479 hoc
518 3424 612 3500 ipsum
624 3441 673 3478 eos
684 3421 881 3485 incitantibus.
891 3422 972 3498 Thy·
1023 3442 1085 3478 cum
1101 3425 1259 3500 quicunque
1273 3443 1321 3480 vos
1333 3422 1475 3487 occiderit,
1488 3424 1547 3481 cul·
1560 3447 1597 3486 20

449 3511 543 3559 esteas
556 3500 693 3578 quasdam
708 3520 793 3558 cenas
804 3511 834 3557 et
848 3501 973 3558 incestos
1024 3509 1081 3556 tum
1096 3501 1199 3579 offerre
1209 3501 1351 3559 videbitur
1366 3503 1438 3560 Deo.

451 3580 552 3660 OEdipi
577 3579 759 3645 concubitus,
778 3590 808 3636 et
831 3579 886 3636 alia
907 3600 972 3654 quae
1065 3599 1093 3654 5.
1117 3580 1234 3638 Exinde
1266 3582 1439 3640 sanctissimi
1472 3602 1548 3639 mar·

450 3680 503 3720 nec
517 3659 651 3739 proloqui
671 3659 755 3716 nobis
774 3678 827 3716 nec
846 3658 973 3735 cogitare
1024 3669 1103 3737 tyres
1128 3659 1270 3735 ejusmodi
1293 3671 1437 3719 tormenta
1460 3663 1549 3719 susti.

450 3738 495 3800 fas
518 3751 572 3809 est,
596 3760 629 3797 ac
650 3760 687 3797 ne
711 3738 828 3796 credere
855 3737 973 3813 quidem
1024 3749 1162 3805 nnerunt,
1179 3758 1244 3814 quoe
1266 3739 1346 3796 nulla
1367 3761 1494 3817 unquam
1516 3763 1547 3798 0-

450 3822 627 3883 sustinemus
651 3818 729 3896 apud
757 3818 890 3877 homines
917 3838 972 3875 un·
1025 3818 1136 3877 ratione
1159 3818 1282 3895 exprimi
1304 3820 1432 3896 possint:
1464 3821 1595 3904 Sota-25

450 3923 536 3981 quarn
550 3913 632 3979 gesta
649 3898 750 3968 fuisse,
766 3897 903 3957 adversus
921 3919 975 3956 nos
1025 3919 1062 3955 na
1075 3899 1227 3956 ambitiose
1244 3898 1438 3959 contendente
1458 3913 1492 3959 ut
1513 3905 1550 3963 ab

444 3982 583 4044 >ementiti
612 3990 689 4039 sunt.
733 3979 790 4036 His
814 3979 843 4035 in
870 3978 975 4056 vulgus
1026 3978 1083 4037 illis
1102 3998 1217 4055 quoque
1239 3978 1347 4056 aliquid
1363 3980 1451 4058 impie
1471 3982 1548 4042 dice·

451 4063 565 4142 sparsis,
588 4080 688 4118 omnes
709 4059 848 4117 continuo
870 4059 899 4116 in
922 4080 976 4116 nos
1026 4070 1115 4118 retur.
1163 4059 1313 4137 Praecipue
1342 4070 1439 4118 tamen
1468 4062 1548 4139 vulgi

451 4143 523 4201 adeo
537 4141 647 4202 efferati
662 4150 741 4205 sunt,
754 4150 787 4196 ut
802 4139 826 4196 si
836 4139 886 4215 qui
898 4140 975 4198 forte
1026 4160 1059 4197 nc
1087 4139 1223 4197 Presidis
1251 4153 1281 4198 et
1308 4139 1434 4197 rnilitum
1467 4141 1550 4199 furor

451 4222 630 4299 cognationis
644 4239 729 4277 causa
746 4218 887 4277 moderati
908 4240 975 4297 erga
1027 4220 1180 4280 universus
1200 4219 1332 4277 incubuit
1357 4220 1386 4275 in
1411 4221 1547 4278 Sanctum
1558 4250 1598 4305 30

452 4323 504 4360 nos
532 4301 671 4357 hactenus
692 4299 881 4368 exstitissent,
903 4310 974 4357 tunc
1027 4298 1188 4356 Diaconum
1224 4301 1428 4369 Viennensem,
1456 4311 1486 4358 et
1519 4300 1548 4357 in

451 4380 633 4440 acerbissima
664 4378 862 4455 indignatione
896 4400 975 4435 oom-
1028 4379 1176 4436 Maturum
1214 4380 1393 4458 neophytum
1431 4379 1548 4456 quidem

452 4461 521 4518 moti
544 4458 682 4516 adversus
703 4467 816 4514 nostros
837 4458 973 4515 infreme·
1026 4457 1120 4523 illum,
1148 4458 1198 4515 sed
1223 4459 1474 4534 generosissimum
1504 4459 1549 4516 ni-

452 4553 526 4598 rent.
582 4537 791 4616 complebatur
818 4538 917 4615 itaque
945 4537 975 4594 id
1027 4536 1183 4595 hilomiuns
1212 4538 1340 4616 pugilem
1364 4540 1490 4598 Christi:
1519 4539 1549 4595 in

909 4733 995 4779 ίθοιςιι.
1009 4733 1056 4779 xvi.
1069 4747 1091 4779 a.
