3809 5650
594 698 643 762 IN
665 698 885 765 SENIORES
909 701 1038 764 APUD
1062 702 1306 766 IRENAEUM.
1460 702 1502 768 65

917 968 986 1038 VI.

446 1134 484 1198 P.
498 1151 552 1220 55.
575 1134 595 1198 l.
612 1155 642 1219 9.
666 1134 727 1215 Qui
750 1156 825 1197 vero
847 1136 1043 1218 exprobrant
1069 1135 1143 1220 tra]
1180 1136 1390 1201 Marcionitas
1411 1136 1503 1200 intel-

400 1234 479 1321 ligit,
496 1258 575 1320 quos
597 1235 740 1298 fraudem
762 1234 847 1297 illam
872 1236 1086 1298 Hebraeorunr
1108 1237 1140 1298 in
1162 1237 1333 1321 AEgyptios
1356 1236 1502 1301 Creatori

399 1338 537 1401 maxime
552 1336 714 1419 objecisse,
731 1335 848 1398 author
862 1343 912 1399 est
929 1337 1151 1400 Tertullianus
1166 1338 1219 1400 lib.
1235 1339 1266 1400 ii.
1283 1347 1396 1402 contra
1412 1339 1501 1402 Mar-

401 1437 533 1500 cionem.
584 1436 784 1520 Augustinus
815 1436 934 1516 Qua-st.
962 1458 1014 1520 39.
1041 1460 1136 1522 super
1165 1438 1314 1501 Exodum
1345 1438 1503 1501 Hebraeos

400 1537 485 1599 omni
501 1537 677 1622 suspicione
692 1537 768 1601 furti
784 1538 921 1601 liberat:
948 1539 1029 1616 Quia
1051 1539 1140 1612 caim,
1156 1539 1215 1613 ait,
1229 1539 1281 1602 lec
1300 1540 1383 1602 Deua
1397 1539 1501 1621 jussit,

400 1639 454 1722 qui
468 1648 589 1702 noverat
603 1639 680 1723 quid
697 1660 838 1722 quareque
846 1640 921 1722 pati
935 1648 1088 1723 oporteret,
1104 1638 1269 1722 disertam
1283 1641 1501 1723 consererem,

398 1740 454 1802 aed
470 1742 538 1803 Dee
551 1739 672 1823 jubenti
693 1741 895 1803 nriaisterirnu
912 1739 1119 1823 prebuerunt.
1165 1739 1206 1804 D.
1221 1740 1335 1803 Alcimi
1352 1740 1502 1824 Episcopi

402 1840 602 1915 Viennensis,
618 1841 675 1904 viri
691 1841 882 1925 perantiqui,
897 1863 1006 1905 versus
1021 1864 1085 1905 non
1099 1843 1294 1928 inelegantes
1315 1845 1501 1908 subnectere

401 1963 465 2005 non
480 1943 541 2006 erit
556 1942 770 2025 injucundum.

745 2114 874 2126 -—-
888 2080 1062 2143 Perta-ater
1073 2080 1165 2142 arari

487 2179 541 2242 Sic
555 2179 711 2242 Pleroais
725 2201 803 2266 epea,
815 2202 899 2264 quem
913 2190 985 2243 tenc
999 2182 1132 2244 mercede
1145 2181 1242 2244 soluto

488 2281 615 2343 Sereitii
630 2280 748 2365 lorcyum
763 2282 868 2345 credes
882 2291 1001 2345 teresse
1017 2280 1154 2346 deboram.

402 2412 582 2496 Gregorius·
597 2412 630 2474 id
653 2412 820 2496 allegorice
845 2413 982 2497 explicat
1008 2414 1062 2477 lib.
1084 2414 1191 2478 xxviii.
1221 2413 1335 2477 Moral.
1361 2436 1430 2498 cap.
1451 2432 1500 2497 17.

402 2513 603 2576 Fansnnrnr.
619 2515 661 2577 ad
679 2514 766 2576 Iron.
814 2515 1000 2579 lllanichaeis
1022 2515 1106 2579 idem
1128 2515 1249 2579 iactum
1271 2516 1500 2599 reprehenden-

400 2614 486 2677 tibus
511 2616 683 2698 respondet
708 2615 885 2679 Archelaus
909 2616 941 2678 in
957 2617 1173 2700 Dirprutatieae
1188 2639 1256 2701 cap.
1268 2637 1321 2696 42.
1359 2617 1425 2680 Adi
1441 2616 1501 2681 vol.

400 2715 439 2778 iv.
456 2716 568 2778 harum
584 2716 807 2801 Reliquierum.

446 2817 528 2880 lbid.
546 2817 565 2880 l.
585 2832 633 2901 15.
658 2817 754 2881 Talia
768 2818 929 2904 quaedam]
956 2817 1036 2882 Haec
1052 2826 1137 2892 sunt,
1154 2841 1224 2903 quae
1241 2819 1434 2904 Presbytero
1449 2817 1502 2882 vix

401 2940 459 3002 pro
475 2929 562 2983 certo
577 2920 784 2983 attribuenda
800 2927 902 2983 eraut.

447 3020 530 3083 Ibid.
553 3020 573 3082 l.
594 3020 643 3081 18.
673 3023 835 3103 oportere]
860 3031 982 3104 portet,
1007 3020 1091 3103 quod
1118 3026 1210 3083 extat
1235 3020 1267 3082 in
1294 3018 1501 3083 Feuardentii

400 3141 500 3203 marg.
516 3141 555 3182 ex
575 3120 637 3184 cod.
658 3121 736 3183 Voss.
752 3119 871 3203 recepit
896 3121 1089 3184 Massuetus.
1136 3123 1186 3183 At
1207 3141 1281 3183 voro
1304 3119 1448 3202 sequitur
1469 3119 1502 3181 in

400 3221 452 3284 lin.
471 3240 521 3285 20.
538 3244 576 3285 ac
591 3222 739 3305 deinceps
754 3222 866 3284 modus
885 3222 1066 3285 infinitivus.

445 3322 528 3384 Ibid.
541 3322 561 3384 l.
573 3340 622 3384 21.
635 3322 667 3384 in
682 3324 821 3385 adventu
837 3322 980 3405 Domini]
1001 3323 1202 3386 Conferenda
1217 3343 1285 3386 csse
1300 3327 1410 3383 monet
1422 3320 1502 3384 Gra·

376 3481 384 3494 ,
401 3420 480 3498 bins,
498 3443 569 3504 quae
583 3443 680 3506 supra
695 3422 728 3484 in
745 3426 774 3504 ξ.
790 3442 817 3486 2.
834 3446 864 3507 p.
877 3441 929 3506 5¹·
946 3423 1167 3486 occurrebant.

445 3524 482 3585 P.
498 3524 551 3606 56.
575 3522 595 3584 l.
610 3524 662 3586 28.
695 3523 795 3586 Pater
820 3531 928 3588 antem
954 3524 1079 3607 generis
1106 3522 1235 3586 humani
1260 3521 1399 3585 Verbum
1427 3520 1502 3605 Dei]

401 3622 532 3699 (luetur,
548 3623 580 3685 ni
601 3624 704 3699 fallor,
719 3624 769 3687 hic
790 3625 877 3688 locus
897 3625 1152 3689 emendationem
1167 3626 1334 3688 verborum
1347 3620 1504 3685 Victorini

402 3724 642 3788 Petavioncnsis
656 3747 677 3787 a
692 3725 728 3788 cl.
746 3726 901 3789 Wallrero
923 3726 1180 3810 Cantabrigiensi
1200 3725 1274 3788 olim
1295 3721 1503 3808 propositam.

402 3828 484 3889 Cum
499 3827 581 3889 enim
604 3826 636 3888 in
656 3827 852 3910 Fragmento
872 3826 1023 3910 Opusculi
1045 3826 1112 3910 ejus
1129 3827 1180 3888 De
1195 3824 1332 3888 Febrioe
1347 3822 1464 3885 Mundi
1483 3843 1504 3884 a

400 3927 497 3992 Gavio
523 3928 555 3989 in
579 3928 661 3990 Hirr.
686 3929 751 3991 Lu.
776 3928 912 4011 primum
938 3927 1026 3990 edito
1050 3928 1118 3991 haec
1141 3927 1238 3989 verba
1264 3922 1504 4005 corruptissima

400 4027 592 4103 extitissent,
606 4030 816 4090 aratorumne
840 4028 929 4089 tetius
955 4036 1104 4089 creat—erce
1120 4027 1230 4109 justas,
1248 4026 1294 4088 ita
1316 4045 1354 4086 ea
1379 4021 1504 4106 egregie

399 4127 579 4191 emendavit
591 4127 776 4204 Wallrerus,
792 4138 898 4190 eadm
911 4137 1012 4190 eutem
1026 4128 1115 4190 totius
1130 4134 1278 4189 ereeturoe
1292 4125 1391 4187 Jecur.
1422 4123 1504 4186 Gon-

400 4231 447 4292 ler
473 4230 506 4293 S.
523 4231 686 4292 Vrcromsr
715 4230 910 4314 Fragmenta
937 4229 969 4291 in
993 4229 1053 4291 vol.
1077 4228 1121 4292 iii.
1148 4228 1261 4289 harum
1286 4225 1504 4309 Reliquicram

400 4330 566 4392 collocata.

445 4432 482 4493 P.
497 4448 551 4514 57.
567 4430 587 4491 l.
606 4447 644 4513 25
679 4431 849 4493 secundum
865 4430 936 4512 nos]
975 4429 1047 4492 Etsi
1073 4428 1137 4492 alia
1159 4434 1315 4512 praeterea
1340 4432 1413 4510 post
1435 4426 1503 4489 haec

400 4531 553 4616 discipulo
563 4532 780 4615 apostolorum
793 4530 902 4593 deberi
917 4552 1009 4613 posse
1025 4530 1111 4604 scio;
1136 4551 1175 4593 oa
1190 4536 1298 4593 tamen
1313 4528 1398 4592 nullo
1414 4535 1502 4591 certo

399 4631 515 4695 indicio
531 4653 565 4695 ee
579 4633 780 4715 prodeuntia,
797 4630 1003 4714 relinquenda
1018 4629 1205 4695 existimavi.

446 4852 510 4892 ΥΟΕ..
528 4854 547 4892 l.
940 4852 961 4889 Κ
