3809 5650
397 601 441 661 28
768 596 1121 663 ΑΝΝΟΤΑΤΙΟΝΕ8

398 765 591 850 Euthymius
612 787 684 828 eum
709 764 811 848 Papia
833 765 867 827 in
891 770 995 828 morte
1017 766 1039 826 J
1043 765 1113 827 udae
1135 764 1294 828 tradenda
1318 762 1496 839 sennanim,

398 867 516 951 quippe
538 887 609 930 eum
632 865 683 929 ille
703 873 821 938 narret,
845 865 1032 930 duodecimo
1058 865 1197 929 scribens
1217 864 1341 940 ameum,
1362 863 1385 926 J
1388 865 1495 940 udam,

398 975 567 1052 postquam
592 989 613 1031 a
634 967 756 1051 laqueo,
779 989 842 1050 quo
867 989 902 1030 se
925 967 1145 1050 suspenderat,
1164 988 1185 1029 a
1211 966 1400 1049 quibusdam
1420 965 1496 1027 libe-

397 1075 489 1133 ratus
517 1075 610 1145 esset,
637 1068 832 1152 praeeipitem
861 1068 991 1143 saetam,
1018 1067 1172 1142 inflatum,
1199 1066 1398 1149 diffisumque
1427 1085 1496 1127 esse

398 1170 545 1233 medium.
591 1172 624 1232 A
649 1191 713 1252 qna
732 1169 858 1252 quidem
881 1169 1044 1253 Euthymii
1067 1168 1250 1231 narratione
1275 1187 1437 1230 sacrorum
1460 1165 1497 1226 ii·

397 1272 528 1335 brorum
550 1273 634 1336 inter
655 1294 689 1334 se
704 1271 914 1335 conciliatriee
936 1272 1021 1335 haud
1046 1271 1180 1333 multum
1202 1269 1308 1332 differt
1330 1266 1494 1341 soholium,

398 1373 448 1436 eui
463 1394 578 1435 nomen
592 1372 719 1436 Eusebiz‘
732 1373 896 1457 praefiimm
911 1380 972 1448 est,
985 1395 1024 1436 ex
1040 1372 1147 1435 codiee
1159 1372 1297 1455 quodam
1314 1371 1495 1452 Mosquano

397 1497 418 1538 a
429 1475 467 1537 ol.
484 1473 636 1538 Matthaei
651 1473 772 1537 editum
787 1474 808 1535 1.
821 1495 848 1536 e.
860 1474 984 1537 edsuae
1000 1476 1070 1536 Aet.
1084 1476 1190 1557 Apoet.
1226 1473 1292 1536 Ubi
1307 1477 1496 1557 praetsreae

396 1576 555 1661 grabbato
576 1575 600 1638 J
602 1576 681 1639 udas
700 1584 810 1660 postea
829 1575 979 1638 cecidisse
999 1575 1110 1638 fertur.
1156 1575 1220 1638 Sed
1242 1576 1310 1637 haee
1332 1574 1496 1637 haetenus.

397 1678 604 1743 Oasaubonus
633 1677 758 1761 quidem
784 1677 853 1741 loeo
879 1677 974 1740 niodo
999 1676 1138 1740 indicato
1164 1678 1223 1752 ait,
1251 1677 1386 1761 Papiam
1415 1677 1496 1738 duas

396 1802 488 1844 voees
502 1780 721 1843 diversissimae
733 1778 971 1864 significationis
982 1777 1159 1841 confudisse
1174 1780 1284 1860 πρηνὴς
1295 1786 1328 1843 et
1339 1779 1470 1859 πρησθεί
1486 1821 1494 1837 .

398 1883 461 1945 Sed
477 1882 618 1945 Grabius
633 1881 716 1944 idem
736 1881 839 1964 ipsum
854 1879 1002 1944 varietati
1023 1879 1167 1942 lectionis
1181 1880 1361 1944 attribuens
1380 1901 1401 1942 a
1418 1899 1494 1942 vero

396 1983 527 2067 propius
541 1983 653 2046 abesse
671 1981 741 2045 aliis
763 1981 908 2055 videtur;
933 2002 991 2044 neo
1012 1980 1171 2065 discrepat
1190 1979 1423 2057 Griesbaehius,
1439 1978 1493 2064 qui

397 2082 508 2167 Papioe
529 2084 695 2147 lectionem
710 2082 882 2167 (πρησθεὶς)
896 2082 939 2145 ad
961 2081 1065 2144 locum
1088 2082 1245 2146 Actorum
1266 2083 1398 2166 profert.
1443 2084 1495 2144 At

396 2188 483 2260 iero,
501 2191 537 2247 ut
551 2185 603 2246 vix
618 2185 792 2247 censendus
807 2184 925 2267 Papias
940 2191 990 2247 est
1009 2184 1105 2247 hasee
1119 2204 1211 2248 voees
1232 2183 1317 2246 inter
1336 2204 1370 2246 se
1388 2182 1495 2246 eonsu-

397 2286 490 2363 disse,
506 2286 553 2350 ita
567 2308 664 2370 quum
678 2285 881 2370 participium
900 2287 1062 2366 γενόμενος
1076 2286 1109 2348 in
1123 2307 1215 2349 saero
1234 2292 1328 2348 textu
1343 2306 1414 2348 enm
1434 2285 1496 2348 hoe

396 2390 538 2468 πρησθεὶς
551 2387 634 2452 male
648 2388 839 2460 conveniret,
856 2387 875 2450 i.
888 2409 915 2450 e.
931 2389 1074 2468 πρησθεὶς
1088 2389 1248 2469 γενόμενος
1262 2410 1321 2471 pro
1339 2387 1449 2468 πρηνὴς
1462 2410 1495 2469 γ’.

397 2489 514 2553 ideireo
541 2491 692 2567 adducor,
722 2497 760 2555 ut
789 2490 928 2566 credam,
958 2495 1086 2553 tantum
1113 2489 1247 2553 voluisse
1270 2490 1405 2573 Papiam
1426 2509 1495 2553 rem

396 2598 520 2676 gestam
536 2591 718 2657 narratione
733 2615 791 2656 sua
810 2612 986 2676 exponere3
1015 2613 1085 2675 quae
1101 2590 1133 2653 S.
1148 2592 1244 2653 Lueae
1260 2591 1387 2674 quidem
1407 2590 1495 2654 haud
1558 2626 1560 2630 ι

397 2692 615 2768 eontradieat;
642 2693 795 2778 quidquid
810 2693 850 2756 de
865 2692 897 2754 S.
910 2691 1070 2755 Matthaeo
1084 2699 1220 2755 mortem
1231 2691 1255 2754 J
1257 2692 1327 2755 udae
1341 2698 1495 2756 narrante

397 2794 564 2858 dicendum
579 2801 638 2860 est.

441 2895 479 2959 P.
495 2916 525 2977 9.
551 2896 572 2958 l.
592 2917 640 2981 13.
671 2896 944 2976 Quemadmodum
971 2895 1154 2978 Presbyteri
1180 2896 1391 2959 meminerunt
1419 2895 1492 2982 tta]

398 2997 539 3061 Dubium
570 2998 636 3060 dixi
662 3021 742 3075 esse,
770 3021 876 3062 annon
904 2998 973 3061 haeo
999 2996 1097 3081 ipsius
1126 2996 1236 3080 Papiae
1265 2997 1371 3079 potius
1397 3018 1494 3080 quam

399 3100 523 3173 Irenaei,
540 3101 604 3163 sint
626 3101 732 3172 verba,
749 3123 812 3184 qua
827 3102 867 3164 de
881 3123 916 3164 re
936 3107 1030 3163 notas
1044 3098 1190 3162 consulas
1207 3099 1252 3162 ad
1273 3099 1366 3182 hujus
1379 3100 1495 3179 ῥήσεως

396 3200 491 3264 finem
506 3209 539 3264 et
554 3201 597 3264 ad
611 3200 736 3264 initium
750 3201 890 3264 alterius.
1453 3274 1454 3277 Ἴ

442 3302 524 3365 Ibid.
540 3301 625 3364 Lao.
641 3302 750 3363 deeem
770 3301 868 3364 millia
888 3302 1069 3385 palmitum]
1097 3304 1189 3366 Dana
1210 3302 1312 3365 millia
1328 3299 1496 3386 palmitum

397 3402 495 3465 habet
520 3401 598 3464 cod.
626 3400 720 3464 Voss.
759 3401 848 3465 Sicut
874 3410 997 3485 postea,
1023 3404 1103 3466 dena
1128 3401 1433 3478 millenariorum,
1460 3411 1495 3468 et

396 3502 474 3565 derra
496 3502 598 3566 millia
611 3502 804 3587 stapellomm
831 3506 887 3567 &a
934 3505 1075 3568 Gsssrus
1098 3505 1192 3568 Notis
1214 3504 1246 3567 in
1267 3507 1354 3570 Irea.
1391 3506 1496 3570 Vaeae

397 3602 492 3666 botros
505 3604 656 3688 mysticos
669 3604 792 3689 praebet
807 3607 905 3689 Aper.
920 3627 990 3690 eap.
1005 3606 1065 3669 xiv.

441 3704 524 3767 Ibid.
539 3704 560 3767 l.
580 3724 629 3768 21.
645 3704 789 3789 palmite]
810 3706 994 3791 Legendum
1007 3707 1059 3771 hie
1074 3706 1194 3771 boetio
1208 3729 1266 3792 pro
1274 3708 1406 3792 poenite
1420 3731 1494 3773 oon·

392 3805 465 3889 jioit
479 3805 617 3871 Grabius
631 3806 752 3870 abidam

441 3907 619 3992 P.10.1.5.
643 3906 724 3971 Haee
745 3910 867 3991 autem]
892 3911 955 3973 His
973 3920 1071 3974 aaran
1089 3933 1207 3995 ponere
1228 3910 1373 3974 debuisse
1396 3910 1494 3975 inter-

396 4013 518 4092 pretem
541 4017 679 4072 voterem
700 4009 748 4072 ait
771 4011 930 4085 Grabius3
956 4021 989 4076 et
1011 4020 1104 4077 notat
1128 4013 1311 4075 Massuetus
1333 4012 1375 4075 ad
1397 4013 1493 4076 eund.

396 4109 560 4188 Irenoeam,
582 4132 750 4195 perperam
772 4112 903 4176 vertisse
929 4114 1145 4199 interpretem,
1170 4113 1369 4177 scribendum
1397 4114 1492 4190 enim,

395 4211 521 4274 valdee
544 4221 680 4285 udatur,
705 4212 753 4276 vel
778 4213 831 4277 too
853 4215 1055 4278 testimoium
1071 4214 1217 4299 perhibet.
1263 4217 1296 4278 A
1322 4214 1493 4279 Gellandio

394 4310 615 4375 too-testatur
641 4314 743 4398 magis
773 4315 935 4400 probatur.
981 4314 1140 4378 Eusebius
1168 4314 1260 4380 initio
1289 4338 1358 4400 eap.
1382 4316 1491 4391 xxxix.

395 4408 450 4473 lib.
464 4430 494 4494 3.
521 4412 603 4475 Hira
619 4413 703 4477 unde
718 4416 831 4479 Graeea
844 4417 885 4479 ab
902 4416 1016 4480 Irenaei
1030 4416 1206 4480 editoribus
1221 4418 1390 4502 desumpta
1405 4426 1491 4495 sunt,

396 4519 434 4575 ut
458 4511 581 4575 Latinis
603 4514 855 4594 admoverentur,
880 4518 966 4581 istud
992 4517 1209 4602 praemiserat:
1231 4525 1304 4586 ,Τοῦ
1328 4523 1362 4583 δὲ
1387 4523 1493 4584 Παπία

398 4612 613 4694 συγγράμματα
631 4614 721 4678 πέντε
740 4618 794 4680 τὸν
812 4619 938 4698 ἆριθμὸν
958 4620 1246 4701 uiperae-rorifer
1270 4623 1318 4685 καὶ
1338 4625 1495 4701 Εἰρηναῖος
