3809 5650
451 648 478 698 x
831 625 1126 700 PRAEFATIO.

451 838 577 904 stram
600 822 888 905 bibliothecam
907 824 1189 922 Bodleianam,
1204 854 1288 933 quo
1307 828 1501 908 accedere

452 961 663 1042 interdum
686 962 771 1070 ipse
791 962 1137 1043 conferendorum
1165 962 1274 1043 inter
1299 991 1341 1043 se
1365 991 1505 1044 exem-

451 1095 630 1204 plarium
670 1123 790 1176 causa
828 1095 1021 1192 solebam,
1060 1097 1322 1205 praetermitti
1368 1125 1392 1177 a
1434 1125 1502 1177 mc

452 1257 594 1338 passus
613 1257 706 1310 sum
726 1242 800 1311 aut
821 1229 988 1338 negligi.
1047 1231 1235 1312 Tandem
1258 1260 1403 1312 novem
1424 1232 1501 1312 cir-

451 1365 553 1445 citer
572 1364 725 1445 abhinc
744 1393 875 1446 annos
894 1394 998 1475 opus
1017 1367 1157 1447 denuo
1176 1366 1333 1446 fervere
1348 1365 1499 1472 coepit;

452 1500 511 1579 ita
534 1512 594 1596 ut,
614 1497 811 1580 chartulis
836 1500 938 1580 meis
962 1499 1187 1608 descriptio,
1208 1512 1333 1608 atque
1360 1512 1502 1580 aucto-

452 1661 544 1714 rum
579 1646 778 1715 contextu
816 1662 934 1715 novae
973 1633 1112 1715 incudi
1153 1635 1328 1730 reddito,
1362 1635 1502 1715 omnia

449 1769 650 1850 adornare
665 1797 712 1850 ac
726 1771 894 1851 demum
910 1768 1120 1850 absolvere
1129 1791 1356 1877 pergerem.
1390 1769 1502 1849 Prae-

451 1916 563 1986 terea
589 1905 710 2013 typis,
732 1917 778 1985 ut
805 1906 929 2001 vides
948 1905 1145 1985 mandata
1172 1919 1234 1985 est
1256 1905 1392 2012 portio
1416 1905 1499 1985 mei

449 2038 600 2120 laboris
631 2040 699 2119 vix
728 2043 859 2148 major
888 2038 960 2119 illa
991 2040 1173 2149 quidem,
1207 2040 1280 2120 sed
1314 2066 1408 2147 quae
1439 2066 1501 2120 se-

451 2174 637 2254 cundum
673 2172 853 2254 ecclcsiae
887 2172 1134 2254 Christianae
1164 2171 1374 2269 saeculum,
1404 2202 1500 2254 cum

450 2321 568 2417 parte
588 2309 713 2405 tertii,
733 2309 1068 2419 comprehendat.

508 2443 542 2522 Ι.
569 2443 650 2523 Sed
679 2442 768 2523 haec
798 2441 1010 2523 hactenus.
1069 2443 1183 2531 Quid
1217 2457 1261 2523 et
1293 2441 1417 2551 quale
1445 2444 1501 2524 sit

451 2589 639 2656 nostrum
662 2604 775 2685 opus,
794 2578 1030 2685 quibusque
1050 2577 1104 2657 dc
1129 2576 1261 2656 causis
1280 2577 1408 2657 suerit
1433 2577 1497 2655 in·

450 2711 661 2802 stitutum,
694 2712 888 2821 deinceps
917 2712 1155 2792 dicendum.
1215 2713 1267 2793 Id
1291 2740 1387 2792 vero
1411 2715 1499 2821 jam

450 2845 550 2928 olim
570 2846 873 2928 communicato
892 2875 987 2928 cum
1015 2848 1157 2928 amicis
1182 2859 1497 2955 programmate,

450 2983 564 3090 quod
588 2981 656 3064 hic
685 2983 914 3092 subjicitur,
933 2984 987 3064 ad
1011 2983 1125 3063 hunc
1151 2983 1320 3063 modum
1347 2983 1499 3064 facien-

449 3120 549 3200 dum
572 3119 687 3199 duxi.

507 3446 612 3525 Duru
634 3445 676 3524 in
692 3442 1007 3524 Ante-Nicaenis
1027 3441 1218 3525 Patribus
1237 3445 1498 3553 perlegendis

451 3582 649 3675 versabar,
669 3606 860 3685 magnam
888 3575 990 3657 mihi
1018 3607 1174 3659 moram
1199 3579 1361 3660 adferre
1386 3578 1496 3661 soliti

450 3728 550 3794 sunt
569 3713 736 3822 plurimi
758 3727 914 3794 veteres
936 3711 1175 3821 Scriptores
1195 3714 1267 3820 qui
1292 3714 1497 3795 breviores

450 3860 579 3945 erant,
597 3876 721 3956 quam
743 3861 791 3927 ut
821 3847 986 3955 prodire
1014 3873 1194 3926 seorsum
1225 3859 1402 3954 possent,
1422 3858 1498 3927 aut

450 4010 628 4090 quorum
655 3983 886 4088 fragmenta
913 3978 1057 4059 multis
1083 4006 1130 4060 ac
1149 3980 1271 4059 variis
1296 3977 1396 4060 locis
1416 3980 1498 4060 dis-

449 4145 566 4223 persa
586 4144 801 4224 nunquam
822 4114 960 4195 adhuc
980 4114 1023 4193 in
1043 4143 1175 4194 unum
1191 4114 1363 4195 collecta
1381 4127 1493 4194 sunt.

506 4252 712 4339 Quoniam
733 4264 872 4330 autem
894 4248 997 4328 mihi
1016 4249 1059 4328 in
1079 4248 1218 4328 animo
1233 4249 1326 4342 fuit,
1340 4259 1495 4327 statum

451 4384 657 4490 primaevae
692 4384 871 4464 ecclesiae
902 4397 945 4462 et
979 4384 1172 4490 dogmata
1206 4394 1247 4461 et
1284 4408 1415 4460 mores
1445 4410 1497 4461 ex

450 4517 587 4626 ipsius,
621 4546 695 4625 pro
726 4515 922 4597 facultate
952 4545 1053 4609 mea
1085 4516 1331 4622 investigare
1364 4516 1497 4594 moni-
