<?xml version="1.0" encoding="UTF-8"?>
<!DOCTYPE html PUBLIC "-//W3C//DTD XHTML 1.0 Transitional//EN"
    "http://www.w3.org/TR/xhtml1/DTD/xhtml1-transitional.dtd">
<html xmlns="http://www.w3.org/1999/xhtml" xml:lang="en" lang="en">
 <head>
  <title>
</title>
<meta http-equiv="Content-Type" content="text/html;charset=utf-8" />
  <meta name='ocr-system' content='tesseract 3.04.00' />
  <meta name='ocr-capabilities' content='ocr_page ocr_carea ocr_par ocr_line ocrx_word'/>
</head>
<body>
  <div class='ocr_page' id='page_1' title='image "./reliquiaesacrae07routgoog_0232.png"; bbox 0 0 3809 5650; ppageno 0'>
   <div class='ocr_carea' id='block_1_1' title="bbox 491 715 1218 783">
    <p class='ocr_par' dir='ltr' id='par_1_1' title="bbox 491 715 1218 783">
     <span class='ocr_line' id='line_1_1' title="bbox 491 715 1218 783; baseline -0.003 0"><span class='ocrx_word' id='word_1_1' title='bbox 491 719 556 783; x_wconf 88' lang='lat'>186</span> <span class='ocrx_word' id='word_1_2' title='bbox 865 715 1218 782; x_wconf 84' lang='lat' dir='ltr'>ANNOTATIONES</span> 
     </span>
    </p>
   </div>
   <div class='ocr_carea' id='block_1_2' title="bbox 478 883 1596 4213">
    <p class='ocr_par' dir='ltr' id='par_1_2' title="bbox 489 883 1593 1072">
     <span class='ocr_line' id='line_1_2' title="bbox 489 883 1593 971; baseline -0.005 -19"><span class='ocrx_word' id='word_1_3' title='bbox 489 888 522 952; x_wconf 93' lang='lat' dir='ltr'>in</span> <span class='ocrx_word' id='word_1_4' title='bbox 541 888 677 951; x_wconf 81' lang='lat' dir='ltr'>formula</span> <span class='ocrx_word' id='word_1_5' title='bbox 692 892 795 953; x_wconf 82' lang='grc' dir='ltr'>Σωτᾶς</span> <span class='ocrx_word' id='word_1_6' title='bbox 813 889 829 950; x_wconf 86' lang='grc' dir='ltr'>ὁ</span> <span class='ocrx_word' id='word_1_7' title='bbox 846 887 997 968; x_wconf 82' lang='grc' dir='ltr'>μακάριος,</span> <span class='ocrx_word' id='word_1_8' title='bbox 1014 889 1053 950; x_wconf 90' lang='lat' dir='ltr'>de</span> <span class='ocrx_word' id='word_1_9' title='bbox 1074 894 1200 951; x_wconf 91' lang='lat' dir='ltr'>mortuo</span> <span class='ocrx_word' id='word_1_10' title='bbox 1223 887 1406 971; x_wconf 90' lang='lat' dir='ltr'>plerumque</span> <span class='ocrx_word' id='word_1_11' title='bbox 1426 883 1593 959; x_wconf 86' lang='lat' dir='ltr'>adhiberi;</span> 
     </span>
     <span class='ocr_line' id='line_1_3' title="bbox 489 987 1082 1072; baseline -0.003 -20"><span class='ocrx_word' id='word_1_12' title='bbox 489 989 560 1052; x_wconf 84' lang='lat' dir='ltr'>vide</span> <span class='ocrx_word' id='word_1_13' title='bbox 575 988 657 1052; x_wconf 84' lang='lat' dir='ltr'>infra</span> <span class='ocrx_word' id='word_1_14' title='bbox 673 987 858 1051; x_wconf 76' lang='lat' dir='ltr'>Sammours</span> <span class='ocrx_word' id='word_1_15' title='bbox 874 989 1082 1072; x_wconf 75' lang='lat' dir='ltr'>Fragmenta.</span> 
     </span>
    </p>

    <p class='ocr_par' dir='ltr' id='par_1_3' title="bbox 484 1085 1596 2998">
     <span class='ocr_line' id='line_1_4' title="bbox 532 1085 1595 1172; baseline -0.005 -20"><span class='ocrx_word' id='word_1_16' title='bbox 532 1091 571 1152; x_wconf 87' lang='lat' dir='ltr'>P.</span> <span class='ocrx_word' id='word_1_17' title='bbox 589 1108 658 1171; x_wconf 90' lang='lat'>179.</span> <span class='ocrx_word' id='word_1_18' title='bbox 674 1088 696 1151; x_wconf 88' lang='lat' dir='ltr'>l.</span> <span class='ocrx_word' id='word_1_19' title='bbox 715 1109 761 1151; x_wconf 83' lang='lat'>10.</span> <span class='ocrx_word' id='word_1_20' title='bbox 785 1091 818 1152; x_wconf 77' lang='grc' dir='ltr'>ἔν</span> <span class='ocrx_word' id='word_1_21' title='bbox 833 1087 996 1168; x_wconf 75' lang='grc' dir='ltr'>μετάλλοις</span> <span class='ocrx_word' id='word_1_22' title='bbox 1011 1092 1043 1151; x_wconf 80' lang='grc' dir='ltr'>δὲ</span> <span class='ocrx_word' id='word_1_23' title='bbox 1059 1091 1204 1168; x_wconf 74' lang='grc' dir='ltr'>ἀδελφοῖς</span> <span class='ocrx_word' id='word_1_24' title='bbox 1217 1088 1286 1172; x_wconf 73' lang='grc' dir='ltr'>διο]</span> <span class='ocrx_word' id='word_1_25' title='bbox 1303 1088 1403 1151; x_wconf 79' lang='lat' dir='ltr'>Recte</span> <span class='ocrx_word' id='word_1_26' title='bbox 1419 1087 1487 1150; x_wconf 84' lang='lat' dir='ltr'>haec</span> <span class='ocrx_word' id='word_1_27' title='bbox 1499 1085 1595 1149; x_wconf 88' lang='lat' dir='ltr'>inter-</span> 
     </span>
     <span class='ocr_line' id='line_1_5' title="bbox 487 1188 1596 1275; baseline -0.003 -23"><span class='ocrx_word' id='word_1_28' title='bbox 487 1197 634 1275; x_wconf 88' lang='lat' dir='ltr'>pretatus</span> <span class='ocrx_word' id='word_1_29' title='bbox 649 1198 698 1254; x_wconf 92' lang='lat' dir='ltr'>est</span> <span class='ocrx_word' id='word_1_30' title='bbox 714 1189 896 1254; x_wconf 88' lang='lat' dir='ltr'>Dodwellus</span> <span class='ocrx_word' id='word_1_31' title='bbox 910 1191 950 1253; x_wconf 93' lang='lat' dir='ltr'>de</span> <span class='ocrx_word' id='word_1_32' title='bbox 965 1190 1184 1274; x_wconf 83' lang='lat' dir='ltr'>persecutione</span> <span class='ocrx_word' id='word_1_33' title='bbox 1199 1195 1312 1252; x_wconf 90' lang='lat' dir='ltr'>contra</span> <span class='ocrx_word' id='word_1_34' title='bbox 1324 1188 1523 1251; x_wconf 74' lang='lat' dir='ltr'><strong>Christianos</strong></span> <span class='ocrx_word' id='word_1_35' title='bbox 1538 1209 1596 1270; x_wconf 88' lang='lat' dir='ltr'>per</span> 
     </span>
     <span class='ocr_line' id='line_1_6' title="bbox 488 1289 1596 1375; baseline -0.003 -19"><span class='ocrx_word' id='word_1_36' title='bbox 488 1293 618 1356; x_wconf 72' lang='lat' dir='ltr'>Graecas</span> <span class='ocrx_word' id='word_1_37' title='bbox 633 1291 780 1355; x_wconf 87' lang='lat' dir='ltr'>civitates</span> <span class='ocrx_word' id='word_1_38' title='bbox 795 1292 854 1355; x_wconf 92' lang='lat' dir='ltr'>sub</span> <span class='ocrx_word' id='word_1_39' title='bbox 871 1292 929 1354; x_wconf 92' lang='lat' dir='ltr'>Pio</span> <span class='ocrx_word' id='word_1_40' title='bbox 946 1292 1029 1375; x_wconf 88' lang='lat' dir='ltr'><strong>Imp.</strong></span> <span class='ocrx_word' id='word_1_41' title='bbox 1047 1290 1198 1366; x_wconf 86' lang='lat' dir='ltr'>excitata,</span> <span class='ocrx_word' id='word_1_42' title='bbox 1214 1290 1304 1374; x_wconf 88' lang='lat' dir='ltr'>eujus</span> <span class='ocrx_word' id='word_1_43' title='bbox 1320 1289 1463 1353; x_wconf 81' lang='lat' dir='ltr'>meminit</span> <span class='ocrx_word' id='word_1_44' title='bbox 1479 1289 1596 1353; x_wconf 86' lang='lat' dir='ltr'>Melita</span> 
     </span>
     <span class='ocr_line' id='line_1_7' title="bbox 487 1391 1591 1475; baseline -0.003 -21"><span class='ocrx_word' id='word_1_45' title='bbox 487 1391 591 1455; x_wconf 87' lang='lat' dir='ltr'>verbis</span> <span class='ocrx_word' id='word_1_46' title='bbox 606 1391 689 1455; x_wconf 88' lang='lat' dir='ltr'>inlra</span> <span class='ocrx_word' id='word_1_47' title='bbox 704 1413 774 1475; x_wconf 87' lang='lat' dir='ltr'>cap.</span> <span class='ocrx_word' id='word_1_48' title='bbox 786 1395 836 1457; x_wconf 80' lang='lat'>26.</span> <span class='ocrx_word' id='word_1_49' title='bbox 869 1393 934 1472; x_wconf 85' lang='lat' dir='ltr'>(At</span> <span class='ocrx_word' id='word_1_50' title='bbox 949 1413 1035 1454; x_wconf 90' lang='lat' dir='ltr'>cons.</span> <span class='ocrx_word' id='word_1_51' title='bbox 1052 1399 1146 1454; x_wconf 91' lang='lat' dir='ltr'>notas</span> <span class='ocrx_word' id='word_1_52' title='bbox 1161 1412 1257 1475; x_wconf 91' lang='lat' dir='ltr'>supra</span> <span class='ocrx_word' id='word_1_53' title='bbox 1273 1413 1366 1474; x_wconf 83' lang='lat' dir='ltr'>pagg.</span> <span class='ocrx_word' id='word_1_54' title='bbox 1386 1409 1443 1471; x_wconf 75' lang='grc' dir='ltr'>ινφ</span> <span class='ocrx_word' id='word_1_55' title='bbox 1459 1398 1493 1454; x_wconf 89' lang='lat' dir='ltr'>et</span> <span class='ocrx_word' id='word_1_56' title='bbox 1508 1411 1516 1451; x_wconf 91' lang='grc' dir='ltr'>ι</span> <span class='ocrx_word' id='word_1_57' title='bbox 1522 1393 1591 1473; x_wconf 83' lang='lat'>31.)</span> 
     </span>
     <span class='ocr_line' id='line_1_8' title="bbox 488 1490 1594 1576; baseline -0.001 -22"><span class='ocrx_word' id='word_1_58' title='bbox 488 1491 695 1555; x_wconf 87' lang='lat' dir='ltr'>Auctoritate</span> <span class='ocrx_word' id='word_1_59' title='bbox 717 1490 778 1554; x_wconf 87' lang='lat' dir='ltr'>hac</span> <span class='ocrx_word' id='word_1_60' title='bbox 802 1491 948 1576; x_wconf 82' lang='lat' dir='ltr'>Dionysii</span> <span class='ocrx_word' id='word_1_61' title='bbox 965 1490 1201 1554; x_wconf 78' lang='lat' dir='ltr'>Corinthiorum</span> <span class='ocrx_word' id='word_1_62' title='bbox 1225 1490 1363 1575; x_wconf 80' lang='lat' dir='ltr'>episcopi</span> <span class='ocrx_word' id='word_1_63' title='bbox 1387 1491 1488 1554; x_wconf 88' lang='lat' dir='ltr'>fretus</span> <span class='ocrx_word' id='word_1_64' title='bbox 1509 1492 1594 1554; x_wconf 90' lang='lat' dir='ltr'>idem</span> 
     </span>
     <span class='ocr_line' id='line_1_9' title="bbox 488 1591 1593 1676; baseline -0.001 -21"><span class='ocrx_word' id='word_1_65' title='bbox 488 1592 668 1656; x_wconf 85' lang='lat' dir='ltr'>Dodwellus</span> <span class='ocrx_word' id='word_1_66' title='bbox 690 1592 816 1655; x_wconf 90' lang='lat' dir='ltr'>initium</span> <span class='ocrx_word' id='word_1_67' title='bbox 837 1592 1042 1676; x_wconf 83' lang='lat' dir='ltr'>pontificatus</span> <span class='ocrx_word' id='word_1_68' title='bbox 1061 1593 1183 1656; x_wconf 86' lang='lat' dir='ltr'>Soteris</span> <span class='ocrx_word' id='word_1_69' title='bbox 1204 1592 1246 1655; x_wconf 88' lang='lat' dir='ltr'>ad</span> <span class='ocrx_word' id='word_1_70' title='bbox 1269 1600 1414 1676; x_wconf 87' lang='lat' dir='ltr'>tempora</span> <span class='ocrx_word' id='word_1_71' title='bbox 1437 1592 1487 1655; x_wconf 93' lang='lat' dir='ltr'>Pii</span> <span class='ocrx_word' id='word_1_72' title='bbox 1511 1591 1593 1675; x_wconf 90' lang='lat' dir='ltr'>Imp.</span> 
     </span>
     <span class='ocr_line' id='line_1_10' title="bbox 486 1693 1594 1779; baseline -0.002 -22"><span class='ocrx_word' id='word_1_73' title='bbox 486 1694 634 1769; x_wconf 78' lang='lat' dir='ltr'>retraxit,</span> <span class='ocrx_word' id='word_1_74' title='bbox 664 1702 698 1757; x_wconf 91' lang='lat' dir='ltr'>et</span> <span class='ocrx_word' id='word_1_75' title='bbox 722 1693 756 1756; x_wconf 94' lang='lat' dir='ltr'>in</span> <span class='ocrx_word' id='word_1_76' title='bbox 784 1694 825 1756; x_wconf 91' lang='lat' dir='ltr'>A.</span> <span class='ocrx_word' id='word_1_77' title='bbox 840 1693 880 1756; x_wconf 94' lang='lat' dir='ltr'>D.</span> <span class='ocrx_word' id='word_1_78' title='bbox 910 1713 919 1755; x_wconf 91' lang='grc' dir='ltr'>ι</span> <span class='ocrx_word' id='word_1_79' title='bbox 925 1711 978 1779; x_wconf 87' lang='lat'>53.</span> <span class='ocrx_word' id='word_1_80' title='bbox 1005 1694 1150 1778; x_wconf 87' lang='lat' dir='ltr'>conjecit.</span> <span class='ocrx_word' id='word_1_81' title='bbox 1197 1693 1272 1764; x_wconf 80' lang='lat' dir='ltr'>,Vid</span> <span class='ocrx_word' id='word_1_82' title='bbox 1297 1694 1366 1777; x_wconf 87' lang='lat' dir='ltr'>ejus</span> <span class='ocrx_word' id='word_1_83' title='bbox 1389 1693 1523 1756; x_wconf 88' lang='lat' dir='ltr'>Dissert.</span> <span class='ocrx_word' id='word_1_84' title='bbox 1543 1693 1594 1756; x_wconf 88' lang='lat' dir='ltr'>De</span> 
     </span>
     <span class='ocr_line' id='line_1_11' title="bbox 488 1793 1593 1860; baseline -0.002 -2"><span class='ocrx_word' id='word_1_85' title='bbox 488 1795 692 1859; x_wconf 85' lang='lat' dir='ltr'>Successione</span> <span class='ocrx_word' id='word_1_86' title='bbox 708 1794 801 1858; x_wconf 89' lang='lat' dir='ltr'>Rom.</span> <span class='ocrx_word' id='word_1_87' title='bbox 819 1795 939 1860; x_wconf 85' lang='lat' dir='ltr'>Pontif.</span> <span class='ocrx_word' id='word_1_88' title='bbox 955 1817 982 1858; x_wconf 93' lang='lat' dir='ltr'>c.</span> <span class='ocrx_word' id='word_1_89' title='bbox 995 1796 1058 1859; x_wconf 86' lang='lat' dir='ltr'>xiv.</span> <span class='ocrx_word' id='word_1_90' title='bbox 1075 1818 1106 1858; x_wconf 92' lang='lat' dir='ltr'>n.</span> <span class='ocrx_word' id='word_1_91' title='bbox 1122 1816 1148 1858; x_wconf 91' lang='lat'>1.</span> <span class='ocrx_word' id='word_1_92' title='bbox 1167 1796 1221 1857; x_wconf 90' lang='lat' dir='ltr'>W.</span> <span class='ocrx_word' id='word_1_93' title='bbox 1240 1795 1370 1859; x_wconf 83' lang='lat' dir='ltr'>Lowrn.</span> <span class='ocrx_word' id='word_1_94' title='bbox 1405 1795 1472 1858; x_wconf 88' lang='lat' dir='ltr'>Sub</span> <span class='ocrx_word' id='word_1_95' title='bbox 1489 1793 1593 1857; x_wconf 92' lang='lat' dir='ltr'>Marci</span> 
     </span>
     <span class='ocr_line' id='line_1_12' title="bbox 488 1896 1594 1981; baseline 0 -21"><span class='ocrx_word' id='word_1_96' title='bbox 488 1896 612 1960; x_wconf 84' lang='lat' dir='ltr'>Aurelii</span> <span class='ocrx_word' id='word_1_97' title='bbox 637 1896 820 1981; x_wconf 87' lang='lat' dir='ltr'>primordie,</span> <span class='ocrx_word' id='word_1_98' title='bbox 847 1904 1017 1981; x_wconf 89' lang='lat' dir='ltr'>postquam</span> <span class='ocrx_word' id='word_1_99' title='bbox 1046 1897 1125 1960; x_wconf 93' lang='lat' dir='ltr'>Pius</span> <span class='ocrx_word' id='word_1_100' title='bbox 1157 1919 1290 1981; x_wconf 87' lang='lat' dir='ltr'>regnare</span> <span class='ocrx_word' id='word_1_101' title='bbox 1320 1896 1423 1973; x_wconf 89' lang='lat' dir='ltr'>desiit,</span> <span class='ocrx_word' id='word_1_102' title='bbox 1449 1919 1594 1980; x_wconf 84' lang='lat' dir='ltr'>persecu·</span> 
     </span>
     <span class='ocr_line' id='line_1_13' title="bbox 486 1998 1593 2081; baseline 0 -20"><span class='ocrx_word' id='word_1_103' title='bbox 486 1998 606 2061; x_wconf 89' lang='lat' dir='ltr'>tionem</span> <span class='ocrx_word' id='word_1_104' title='bbox 631 1998 851 2081; x_wconf 82' lang='lat' dir='ltr'>gravissimam</span> <span class='ocrx_word' id='word_1_105' title='bbox 874 1998 1035 2080; x_wconf 90' lang='lat' dir='ltr'>quandam</span> <span class='ocrx_word' id='word_1_106' title='bbox 1060 1998 1235 2062; x_wconf 87' lang='lat' dir='ltr'>excitatam</span> <span class='ocrx_word' id='word_1_107' title='bbox 1257 2020 1325 2061; x_wconf 91' lang='lat' dir='ltr'>esse</span> <span class='ocrx_word' id='word_1_108' title='bbox 1351 2013 1462 2062; x_wconf 85' lang='lat' dir='ltr'>contra</span> <span class='ocrx_word' id='word_1_109' title='bbox 1488 1999 1593 2062; x_wconf 76' lang='lat' dir='ltr'>Chris-</span> 
     </span>
     <span class='ocr_line' id='line_1_14' title="bbox 488 2099 1595 2185; baseline 0.001 -23"><span class='ocrx_word' id='word_1_110' title='bbox 488 2099 604 2175; x_wconf 86' lang='lat' dir='ltr'>tianos,</span> <span class='ocrx_word' id='word_1_111' title='bbox 630 2099 742 2163; x_wconf 90' lang='lat' dir='ltr'>validis</span> <span class='ocrx_word' id='word_1_112' title='bbox 766 2100 964 2184; x_wconf 78' lang='lat' dir='ltr'>argumentis</span> <span class='ocrx_word' id='word_1_113' title='bbox 989 2099 1130 2164; x_wconf 88' lang='lat' dir='ltr'>ostendit</span> <span class='ocrx_word' id='word_1_114' title='bbox 1157 2100 1334 2185; x_wconf 88' lang='lat' dir='ltr'>Basnagius</span> <span class='ocrx_word' id='word_1_115' title='bbox 1360 2101 1392 2163; x_wconf 90' lang='lat' dir='ltr'>in</span> <span class='ocrx_word' id='word_1_116' title='bbox 1416 2099 1595 2164; x_wconf 79' lang='lat' dir='ltr'>Annalibus</span> 
     </span>
     <span class='ocr_line' id='line_1_15' title="bbox 486 2201 1593 2288; baseline 0.002 -23"><span class='ocrx_word' id='word_1_117' title='bbox 486 2201 747 2266; x_wconf 73' lang='lat' dir='ltr'>PoliticaEaaka.</span> <span class='ocrx_word' id='word_1_118' title='bbox 764 2202 806 2264; x_wconf 94' lang='lat' dir='ltr'>ad</span> <span class='ocrx_word' id='word_1_119' title='bbox 821 2222 872 2265; x_wconf 92' lang='lat' dir='ltr'>an.</span> <span class='ocrx_word' id='word_1_120' title='bbox 894 2204 962 2265; x_wconf 84' lang='lat'>162.</span> <span class='ocrx_word' id='word_1_121' title='bbox 1009 2202 1121 2280; x_wconf 85' lang='lat' dir='ltr'>Porro,</span> <span class='ocrx_word' id='word_1_122' title='bbox 1138 2224 1235 2286; x_wconf 92' lang='lat' dir='ltr'>quum</span> <span class='ocrx_word' id='word_1_123' title='bbox 1250 2202 1337 2279; x_wconf 90' lang='lat' dir='ltr'>nihil,</span> <span class='ocrx_word' id='word_1_124' title='bbox 1353 2203 1474 2287; x_wconf 90' lang='lat' dir='ltr'>opinor,</span> <span class='ocrx_word' id='word_1_125' title='bbox 1486 2210 1593 2288; x_wconf 89' lang='lat' dir='ltr'>cogat,</span> 
     </span>
     <span class='ocr_line' id='line_1_16' title="bbox 487 2302 1594 2388; baseline 0.002 -23"><span class='ocrx_word' id='word_1_126' title='bbox 487 2309 524 2367; x_wconf 91' lang='lat' dir='ltr'>ut</span> <span class='ocrx_word' id='word_1_127' title='bbox 540 2302 686 2387; x_wconf 85' lang='lat' dir='ltr'>Dionysii</span> <span class='ocrx_word' id='word_1_128' title='bbox 708 2302 795 2366; x_wconf 94' lang='lat' dir='ltr'>istud</span> <span class='ocrx_word' id='word_1_129' title='bbox 819 2303 860 2366; x_wconf 92' lang='lat' dir='ltr'>de</span> <span class='ocrx_word' id='word_1_130' title='bbox 881 2303 1099 2366; x_wconf 90' lang='lat' dir='ltr'>Romanorum</span> <span class='ocrx_word' id='word_1_131' title='bbox 1121 2325 1198 2388; x_wconf 89' lang='lat' dir='ltr'>erga</span> <span class='ocrx_word' id='word_1_132' title='bbox 1221 2312 1377 2388; x_wconf 88' lang='lat' dir='ltr'>martyres</span> <span class='ocrx_word' id='word_1_133' title='bbox 1401 2304 1433 2367; x_wconf 92' lang='lat' dir='ltr'>in</span> <span class='ocrx_word' id='word_1_134' title='bbox 1456 2304 1594 2369; x_wconf 79' lang='lat' dir='ltr'>metallis</span> 
     </span>
     <span class='ocr_line' id='line_1_17' title="bbox 484 2404 1593 2489; baseline -0.001 -21"><span class='ocrx_word' id='word_1_135' title='bbox 484 2404 679 2468; x_wconf 86' lang='lat' dir='ltr'>constitutos</span> <span class='ocrx_word' id='word_1_136' title='bbox 693 2404 904 2468; x_wconf 84' lang='lat' dir='ltr'>beneficentia</span> <span class='ocrx_word' id='word_1_137' title='bbox 914 2405 958 2468; x_wconf 92' lang='lat' dir='ltr'>ad</span> <span class='ocrx_word' id='word_1_138' title='bbox 973 2427 1023 2468; x_wconf 88' lang='lat' dir='ltr'>res</span> <span class='ocrx_word' id='word_1_139' title='bbox 1037 2413 1127 2469; x_wconf 86' lang='lat' dir='ltr'>aetas</span> <span class='ocrx_word' id='word_1_140' title='bbox 1140 2406 1199 2468; x_wconf 90' lang='lat' dir='ltr'>sub</span> <span class='ocrx_word' id='word_1_141' title='bbox 1215 2405 1328 2469; x_wconf 85' lang='lat' dir='ltr'>Sotere</span> <span class='ocrx_word' id='word_1_142' title='bbox 1343 2412 1477 2489; x_wconf 85' lang='lat' dir='ltr'>spectet,</span> <span class='ocrx_word' id='word_1_143' title='bbox 1494 2427 1532 2469; x_wconf 89' lang='lat' dir='ltr'>co</span> <span class='ocrx_word' id='word_1_144' title='bbox 1545 2404 1593 2467; x_wconf 91' lang='lat' dir='ltr'>in-</span> 
     </span>
     <span class='ocr_line' id='line_1_18' title="bbox 486 2506 1592 2592; baseline 0 -22"><span class='ocrx_word' id='word_1_145' title='bbox 486 2506 607 2570; x_wconf 91' lang='lat' dir='ltr'>lirmius</span> <span class='ocrx_word' id='word_1_146' title='bbox 622 2507 776 2570; x_wconf 88' lang='lat' dir='ltr'>reddetur</span> <span class='ocrx_word' id='word_1_147' title='bbox 798 2506 952 2570; x_wconf 85' lang='lat' dir='ltr'>Dodwelli</span> <span class='ocrx_word' id='word_1_148' title='bbox 971 2515 1194 2591; x_wconf 82' lang='lat' dir='ltr'>argumentum</span> <span class='ocrx_word' id='word_1_149' title='bbox 1213 2529 1271 2592; x_wconf 91' lang='lat' dir='ltr'>pro</span> <span class='ocrx_word' id='word_1_150' title='bbox 1291 2508 1520 2571; x_wconf 81' lang='lat' dir='ltr'>retractatione</span> <span class='ocrx_word' id='word_1_151' title='bbox 1536 2508 1592 2570; x_wconf 76' lang='lat' dir='ltr'>So</span> 
     </span>
     <span class='ocr_line' id='line_1_19' title="bbox 485 2607 1593 2692; baseline -0.001 -20"><span class='ocrx_word' id='word_1_152' title='bbox 485 2609 564 2672; x_wconf 89' lang='lat' dir='ltr'>teris</span> <span class='ocrx_word' id='word_1_153' title='bbox 579 2607 620 2671; x_wconf 92' lang='lat' dir='ltr'>ad</span> <span class='ocrx_word' id='word_1_154' title='bbox 640 2618 787 2692; x_wconf 87' lang='lat' dir='ltr'>tempora</span> <span class='ocrx_word' id='word_1_155' title='bbox 808 2608 869 2683; x_wconf 91' lang='lat' dir='ltr'>Pii,</span> <span class='ocrx_word' id='word_1_156' title='bbox 886 2608 1012 2671; x_wconf 89' lang='lat' dir='ltr'>etiamsi</span> <span class='ocrx_word' id='word_1_157' title='bbox 1028 2609 1154 2673; x_wconf 79' lang='lat' dir='ltr'>voratio</span> <span class='ocrx_word' id='word_1_158' title='bbox 1169 2608 1233 2672; x_wconf 87' lang='lat' dir='ltr'>ista</span> <span class='ocrx_word' id='word_1_159' title='bbox 1253 2610 1312 2672; x_wconf 93' lang='lat' dir='ltr'>sub</span> <span class='ocrx_word' id='word_1_160' title='bbox 1332 2609 1385 2671; x_wconf 92' lang='lat' dir='ltr'>illo</span> <span class='ocrx_word' id='word_1_161' title='bbox 1402 2609 1593 2692; x_wconf 84' lang='lat' dir='ltr'>imperatore</span> 
     </span>
     <span class='ocr_line' id='line_1_20' title="bbox 485 2708 1592 2794; baseline 0.001 -23"><span class='ocrx_word' id='word_1_162' title='bbox 485 2731 596 2773; x_wconf 89' lang='lat' dir='ltr'>revera</span> <span class='ocrx_word' id='word_1_163' title='bbox 611 2708 791 2793; x_wconf 90' lang='lat' dir='ltr'>contigerit.</span> <span class='ocrx_word' id='word_1_164' title='bbox 838 2709 883 2773; x_wconf 85' lang='lat' dir='ltr'>Et</span> <span class='ocrx_word' id='word_1_165' title='bbox 897 2709 1016 2773; x_wconf 88' lang='lat' dir='ltr'>rectius</span> <span class='ocrx_word' id='word_1_166' title='bbox 1029 2710 1136 2772; x_wconf 83' lang='lat' dir='ltr'>forsan</span> <span class='ocrx_word' id='word_1_167' title='bbox 1152 2709 1205 2773; x_wconf 90' lang='lat' dir='ltr'>alii</span> <span class='ocrx_word' id='word_1_168' title='bbox 1220 2731 1260 2772; x_wconf 86' lang='lat' dir='ltr'>ex</span> <span class='ocrx_word' id='word_1_169' title='bbox 1276 2710 1432 2772; x_wconf 91' lang='lat' dir='ltr'>communi</span> <span class='ocrx_word' id='word_1_170' title='bbox 1445 2710 1592 2794; x_wconf 86' lang='lat' dir='ltr'>opinione</span> 
     </span>
     <span class='ocr_line' id='line_1_21' title="bbox 485 2810 1592 2896; baseline -0.003 -20"><span class='ocrx_word' id='word_1_171' title='bbox 485 2812 569 2876; x_wconf 87' lang='lat' dir='ltr'>hunc</span> <span class='ocrx_word' id='word_1_172' title='bbox 589 2811 807 2896; x_wconf 89' lang='lat' dir='ltr'>episcopatum</span> <span class='ocrx_word' id='word_1_173' title='bbox 829 2810 916 2876; x_wconf 92' lang='lat' dir='ltr'>intra</span> <span class='ocrx_word' id='word_1_174' title='bbox 940 2811 1043 2875; x_wconf 88' lang='lat' dir='ltr'>Marci</span> <span class='ocrx_word' id='word_1_175' title='bbox 1061 2810 1184 2874; x_wconf 84' lang='lat' dir='ltr'>Aurelii</span> <span class='ocrx_word' id='word_1_176' title='bbox 1206 2818 1353 2895; x_wconf 91' lang='lat' dir='ltr'>tempora</span> <span class='ocrx_word' id='word_1_177' title='bbox 1374 2811 1592 2875; x_wconf 84' lang='lat' dir='ltr'>collocandum</span> 
     </span>
     <span class='ocr_line' id='line_1_22' title="bbox 485 2912 1130 2998; baseline -0.003 -22"><span class='ocrx_word' id='word_1_178' title='bbox 485 2923 609 2998; x_wconf 90' lang='lat' dir='ltr'>putant,</span> <span class='ocrx_word' id='word_1_179' title='bbox 626 2912 680 2997; x_wconf 94' lang='lat' dir='ltr'>qui</span> <span class='ocrx_word' id='word_1_180' title='bbox 696 2934 830 2998; x_wconf 86' lang='lat' dir='ltr'>regnare</span> <span class='ocrx_word' id='word_1_181' title='bbox 845 2913 943 2997; x_wconf 89' lang='lat' dir='ltr'>coepit</span> <span class='ocrx_word' id='word_1_182' title='bbox 957 2933 1042 2976; x_wconf 91' lang='lat' dir='ltr'>anno</span> <span class='ocrx_word' id='word_1_183' title='bbox 1062 2916 1130 2975; x_wconf 85' lang='lat'>161.</span> 
     </span>
    </p>

    <p class='ocr_par' dir='ltr' id='par_1_4' title="bbox 494 3012 1592 3200">
     <span class='ocr_line' id='line_1_23' title="bbox 531 3012 1592 3098; baseline 0 -20"><span class='ocrx_word' id='word_1_184' title='bbox 531 3015 614 3078; x_wconf 94' lang='lat' dir='ltr'>lbid.</span> <span class='ocrx_word' id='word_1_185' title='bbox 630 3015 649 3076; x_wconf 91' lang='lat' dir='ltr'>l.</span> <span class='ocrx_word' id='word_1_186' title='bbox 667 3034 713 3077; x_wconf 89' lang='grc' dir='ltr'>ιι.</span> <span class='ocrx_word' id='word_1_187' title='bbox 743 3012 778 3078; x_wconf 86' lang='grc' dir='ltr'>δι’</span> <span class='ocrx_word' id='word_1_188' title='bbox 799 3017 840 3077; x_wconf 79' lang='grc' dir='ltr'>δν</span> <span class='ocrx_word' id='word_1_189' title='bbox 865 3014 1009 3098; x_wconf 77' lang='grc' dir='ltr'>πέμπετε]</span> <span class='ocrx_word' id='word_1_190' title='bbox 1031 3015 1079 3077; x_wconf 81' lang='grc' dir='ltr'>καὶ</span> <span class='ocrx_word' id='word_1_191' title='bbox 1100 3014 1225 3078; x_wconf 91' lang='lat' dir='ltr'>addunt</span> <span class='ocrx_word' id='word_1_192' title='bbox 1250 3013 1421 3098; x_wconf 79' lang='lat' dir='ltr'>Chriatcpd.</span> <span class='ocrx_word' id='word_1_193' title='bbox 1438 3016 1533 3078; x_wconf 77' lang='lat' dir='ltr'>Lecta.</span> <span class='ocrx_word' id='word_1_194' title='bbox 1557 3022 1592 3078; x_wconf 84' lang='lat' dir='ltr'>et</span> 
     </span>
     <span class='ocr_line' id='line_1_24' title="bbox 494 3114 1383 3200; baseline -0.001 -21"><span class='ocrx_word' id='word_1_195' title='bbox 494 3115 577 3181; x_wconf 79' lang='lat' dir='ltr'>Vara.</span> <span class='ocrx_word' id='word_1_196' title='bbox 596 3118 728 3180; x_wconf 77' lang='lat' dir='ltr'>Sanam.</span> <span class='ocrx_word' id='word_1_197' title='bbox 743 3114 910 3195; x_wconf 73' lang='grc' dir='ltr'>πέμποντες</span> <span class='ocrx_word' id='word_1_198' title='bbox 924 3136 983 3200; x_wconf 89' lang='lat' dir='ltr'>pro</span> <span class='ocrx_word' id='word_1_199' title='bbox 998 3115 1130 3194; x_wconf 86' lang='grc' dir='ltr'>πέμπετε</span> <span class='ocrx_word' id='word_1_200' title='bbox 1153 3116 1228 3179; x_wconf 79' lang='lat' dir='ltr'>Coa.</span> <span class='ocrx_word' id='word_1_201' title='bbox 1244 3115 1383 3199; x_wconf 82' lang='lat' dir='ltr'>Narfolc.</span> 
     </span>
    </p>

    <p class='ocr_par' dir='ltr' id='par_1_5' title="bbox 485 3213 1592 3585">
     <span class='ocr_line' id='line_1_25' title="bbox 530 3213 1590 3301; baseline 0.001 -21"><span class='ocrx_word' id='word_1_202' title='bbox 530 3218 613 3281; x_wconf 87' lang='lat' dir='ltr'>lbid.</span> <span class='ocrx_word' id='word_1_203' title='bbox 631 3217 651 3279; x_wconf 93' lang='lat' dir='ltr'>l.</span> <span class='ocrx_word' id='word_1_204' title='bbox 672 3235 716 3281; x_wconf 86' lang='lat'>12.</span> <span class='ocrx_word' id='word_1_205' title='bbox 738 3215 1003 3299; x_wconf 78' lang='grc' dir='ltr'>διαφυλάττοντες]</span> <span class='ocrx_word' id='word_1_206' title='bbox 1029 3213 1286 3297; x_wconf 83' lang='grc' dir='ltr'>διαφυλάττοντας</span> <span class='ocrx_word' id='word_1_207' title='bbox 1305 3216 1475 3301; x_wconf 70' lang='grc' dir='ltr'>ΟΙινὶνίοΡΙι.</span> <span class='ocrx_word' id='word_1_208' title='bbox 1495 3218 1590 3281; x_wconf 74' lang='lat' dir='ltr'>Lecti.</span> 
     </span>
     <span class='ocr_line' id='line_1_26' title="bbox 486 3316 1592 3401; baseline 0.003 -21"><span class='ocrx_word' id='word_1_209' title='bbox 486 3318 689 3401; x_wconf 85' lang='grc' dir='ltr'>φυλάττοντες</span> <span class='ocrx_word' id='word_1_210' title='bbox 716 3316 847 3401; x_wconf 74' lang='grc' dir='ltr'>Νἰοφλ.</span> <span class='ocrx_word' id='word_1_211' title='bbox 879 3316 1012 3381; x_wconf 73' lang='lat' dir='ltr'>Sanora</span> <span class='ocrx_word' id='word_1_212' title='bbox 1050 3318 1252 3397; x_wconf 84' lang='grc' dir='ltr'>φυλάττοντες</span> <span class='ocrx_word' id='word_1_213' title='bbox 1276 3317 1408 3394; x_wconf 91' lang='lat' dir='ltr'>habent,</span> <span class='ocrx_word' id='word_1_214' title='bbox 1434 3319 1592 3383; x_wconf 89' lang='lat' dir='ltr'>referente</span> 
     </span>
     <span class='ocr_line' id='line_1_27' title="bbox 486 3418 1592 3505; baseline 0.001 -22"><span class='ocrx_word' id='word_1_215' title='bbox 486 3419 641 3493; x_wconf 92' lang='lat' dir='ltr'>Burtono,</span> <span class='ocrx_word' id='word_1_216' title='bbox 657 3418 741 3481; x_wconf 78' lang='lat' dir='ltr'>codd.</span> <span class='ocrx_word' id='word_1_217' title='bbox 760 3419 866 3481; x_wconf 80' lang='lat' dir='ltr'>Paria</span> <span class='ocrx_word' id='word_1_218' title='bbox 885 3418 986 3482; x_wconf 79' lang='lat' dir='ltr'>Vcaet.</span> <span class='ocrx_word' id='word_1_219' title='bbox 1002 3418 1246 3501; x_wconf 65' lang='lat' dir='ltr'>Fdareatinique.</span> <span class='ocrx_word' id='word_1_220' title='bbox 1288 3418 1429 3498; x_wconf 69' lang='grc' dir='ltr'>Ῥωμαῖοι</span> <span class='ocrx_word' id='word_1_221' title='bbox 1448 3420 1592 3505; x_wconf 82' lang='lat' dir='ltr'>proxime</span> 
     </span>
     <span class='ocr_line' id='line_1_28' title="bbox 485 3518 1083 3585; baseline -0.008 0"><span class='ocrx_word' id='word_1_222' title='bbox 485 3529 562 3585; x_wconf 90' lang='lat' dir='ltr'>ante</span> <span class='ocrx_word' id='word_1_223' title='bbox 577 3520 700 3584; x_wconf 85' lang='lat' dir='ltr'>omittit</span> <span class='ocrx_word' id='word_1_224' title='bbox 714 3521 789 3582; x_wconf 79' lang='lat' dir='ltr'>Ma.</span> <span class='ocrx_word' id='word_1_225' title='bbox 805 3519 897 3582; x_wconf 83' lang='lat' dir='ltr'>Bodl.</span> <span class='ocrx_word' id='word_1_226' title='bbox 913 3540 968 3581; x_wconf 90' lang='lat' dir='ltr'>seu</span> <span class='ocrx_word' id='word_1_227' title='bbox 983 3518 1083 3582; x_wconf 75' lang='lat' dir='ltr'>Saail.</span> 
     </span>
    </p>

    <p class='ocr_par' dir='ltr' id='par_1_6' title="bbox 478 3619 1591 4114">
     <span class='ocr_line' id='line_1_29' title="bbox 531 3619 1591 3704; baseline -0.001 -19"><span class='ocrx_word' id='word_1_228' title='bbox 531 3622 613 3685; x_wconf 88' lang='lat' dir='ltr'>lbid.</span> <span class='ocrx_word' id='word_1_229' title='bbox 630 3621 649 3684; x_wconf 89' lang='lat' dir='ltr'>l.</span> <span class='ocrx_word' id='word_1_230' title='bbox 666 3640 714 3698; x_wconf 82' lang='lat'>14.</span> <span class='ocrx_word' id='word_1_231' title='bbox 731 3619 846 3704; x_wconf 78' lang='grc' dir='ltr'>Σωτὴρ]</span> <span class='ocrx_word' id='word_1_232' title='bbox 861 3619 1030 3702; x_wconf 84' lang='grc' dir='ltr'>Σωτήριχος</span> <span class='ocrx_word' id='word_1_233' title='bbox 1044 3619 1094 3682; x_wconf 88' lang='lat' dir='ltr'>hic</span> <span class='ocrx_word' id='word_1_234' title='bbox 1116 3626 1150 3682; x_wconf 87' lang='lat' dir='ltr'>et</span> <span class='ocrx_word' id='word_1_235' title='bbox 1173 3641 1298 3704; x_wconf 86' lang='lat' dir='ltr'>semper</span> <span class='ocrx_word' id='word_1_236' title='bbox 1316 3621 1393 3685; x_wconf 91' lang='lat' dir='ltr'>alibi</span> <span class='ocrx_word' id='word_1_237' title='bbox 1414 3624 1491 3687; x_wconf 69' lang='lat' dir='ltr'>MS.</span> <span class='ocrx_word' id='word_1_238' title='bbox 1506 3625 1591 3686; x_wconf 82' lang='lat' dir='ltr'>Nor-</span> 
     </span>
     <span class='ocr_line' id='line_1_30' title="bbox 478 3719 1590 3808; baseline 0.001 -19"><span class='ocrx_word' id='word_1_239' title='bbox 478 3724 554 3808; x_wconf 79' lang='lat' dir='ltr'>j&#39;olc.</span> <span class='ocrx_word' id='word_1_240' title='bbox 577 3724 723 3806; x_wconf 89' lang='lat' dir='ltr'>idemque</span> <span class='ocrx_word' id='word_1_241' title='bbox 745 3743 861 3784; x_wconf 92' lang='lat' dir='ltr'>nomen</span> <span class='ocrx_word' id='word_1_242' title='bbox 882 3720 956 3784; x_wconf 90' lang='lat' dir='ltr'>huic</span> <span class='ocrx_word' id='word_1_243' title='bbox 976 3719 1123 3805; x_wconf 88' lang='lat' dir='ltr'>episcopo</span> <span class='ocrx_word' id='word_1_244' title='bbox 1139 3720 1296 3805; x_wconf 83' lang='lat' dir='ltr'>Georgius</span> <span class='ocrx_word' id='word_1_245' title='bbox 1318 3722 1481 3806; x_wconf 87' lang='lat' dir='ltr'>Syneellus</span> <span class='ocrx_word' id='word_1_246' title='bbox 1500 3725 1590 3790; x_wconf 90' lang='lat' dir='ltr'>Nice-</span> 
     </span>
     <span class='ocr_line' id='line_1_31' title="bbox 486 3822 1591 3913; baseline 0.002 -23"><span class='ocrx_word' id='word_1_247' title='bbox 486 3828 667 3913; x_wconf 88' lang='lat' dir='ltr'>phornsque</span> <span class='ocrx_word' id='word_1_248' title='bbox 690 3826 755 3891; x_wconf 73' lang='lat' dir='ltr'>GP.</span> <span class='ocrx_word' id='word_1_249' title='bbox 772 3824 804 3886; x_wconf 93' lang='lat' dir='ltr'>in</span> <span class='ocrx_word' id='word_1_250' title='bbox 829 3822 1085 3907; x_wconf 72' lang='lat' dir='ltr'>Olraawpraplaiis</span> <span class='ocrx_word' id='word_1_251' title='bbox 1106 3822 1182 3898; x_wconf 91' lang='lat' dir='ltr'>suis,</span> <span class='ocrx_word' id='word_1_252' title='bbox 1198 3829 1231 3886; x_wconf 91' lang='lat' dir='ltr'>et</span> <span class='ocrx_word' id='word_1_253' title='bbox 1251 3824 1431 3908; x_wconf 88' lang='lat' dir='ltr'>Eutychius</span> <span class='ocrx_word' id='word_1_254' title='bbox 1452 3828 1591 3893; x_wconf 85' lang='lat' dir='ltr'>Alexan-</span> 
     </span>
     <span class='ocr_line' id='line_1_32' title="bbox 486 3923 1590 4010; baseline 0.001 -17"><span class='ocrx_word' id='word_1_255' title='bbox 486 3930 596 3994; x_wconf 88' lang='lat' dir='ltr'>drinus</span> <span class='ocrx_word' id='word_1_256' title='bbox 610 3928 643 3991; x_wconf 93' lang='lat' dir='ltr'>in</span> <span class='ocrx_word' id='word_1_257' title='bbox 657 3924 833 3992; x_wconf 77' lang='lat' dir='ltr'>Annalibus</span> <span class='ocrx_word' id='word_1_258' title='bbox 853 3947 925 4010; x_wconf 88' lang='lat' dir='ltr'>pag.</span> <span class='ocrx_word' id='word_1_259' title='bbox 936 3946 1010 4009; x_wconf 83' lang='lat'>359,</span> <span class='ocrx_word' id='word_1_260' title='bbox 1026 3923 1221 3987; x_wconf 87' lang='lat' dir='ltr'>indiderunt.</span> <span class='ocrx_word' id='word_1_261' title='bbox 1266 3926 1437 3991; x_wconf 75' lang='lat' dir='ltr'>Sotericiaa</span> <span class='ocrx_word' id='word_1_262' title='bbox 1459 3930 1492 3992; x_wconf 90' lang='lat' dir='ltr'>in</span> <span class='ocrx_word' id='word_1_263' title='bbox 1512 3937 1590 3993; x_wconf 89' lang='lat' dir='ltr'>vett.</span> 
     </span>
     <span class='ocr_line' id='line_1_33' title="bbox 485 4025 1084 4114; baseline -0.012 -19"><span class='ocrx_word' id='word_1_264' title='bbox 485 4030 627 4114; x_wconf 89' lang='lat' dir='ltr'>inscript.</span> <span class='ocrx_word' id='word_1_265' title='bbox 643 4030 728 4114; x_wconf 93' lang='lat' dir='ltr'>apud</span> <span class='ocrx_word' id='word_1_266' title='bbox 745 4029 921 4091; x_wconf 87' lang='lat' dir='ltr'>Gruterum</span> <span class='ocrx_word' id='word_1_267' title='bbox 936 4025 1084 4090; x_wconf 86' lang='lat' dir='ltr'>occurrit.</span> 
     </span>
    </p>

    <p class='ocr_par' dir='ltr' id='par_1_7' title="bbox 531 4126 1590 4213">
     <span class='ocr_line' id='line_1_34' title="bbox 531 4126 1590 4213; baseline -0.001 -19"><span class='ocrx_word' id='word_1_268' title='bbox 531 4131 614 4195; x_wconf 86' lang='lat' dir='ltr'>lbid.</span> <span class='ocrx_word' id='word_1_269' title='bbox 646 4129 822 4211; x_wconf 79' lang='grc' dir='ltr'>ε’πηύξηκεν]</span> <span class='ocrx_word' id='word_1_270' title='bbox 856 4128 1006 4213; x_wconf 78' lang='lat' dir='ltr'>Stephani</span> <span class='ocrx_word' id='word_1_271' title='bbox 1028 4127 1195 4191; x_wconf 86' lang='lat' dir='ltr'>lectionem</span> <span class='ocrx_word' id='word_1_272' title='bbox 1221 4126 1346 4206; x_wconf 78' lang='grc' dir='ltr'>ηὔξηκεν</span> <span class='ocrx_word' id='word_1_273' title='bbox 1371 4130 1531 4193; x_wconf 85' lang='lat' dir='ltr'>revocavit</span> <span class='ocrx_word' id='word_1_274' title='bbox 1557 4130 1590 4193; x_wconf 90' lang='lat' dir='ltr'>in</span> 
     </span>
    </p>
   </div>
   <div class='ocr_carea' id='block_1_3' title="bbox 452 4228 1590 4822">
    <p class='ocr_par' dir='ltr' id='par_1_8' title="bbox 452 4228 1590 4617">
     <span class='ocr_line' id='line_1_35' title="bbox 486 4228 1590 4318; baseline 0.001 -23"><span class='ocrx_word' id='word_1_275' title='bbox 486 4254 641 4318; x_wconf 84' lang='lat' dir='ltr'>auperam</span> <span class='ocrx_word' id='word_1_276' title='bbox 665 4232 714 4295; x_wconf 91' lang='lat' dir='ltr'>ed.</span> <span class='ocrx_word' id='word_1_277' title='bbox 745 4252 836 4295; x_wconf 90' lang='lat' dir='ltr'>suam</span> <span class='ocrx_word' id='word_1_278' title='bbox 861 4228 1035 4303; x_wconf 89' lang='lat' dir='ltr'>Strothius,</span> <span class='ocrx_word' id='word_1_279' title='bbox 1061 4250 1156 4312; x_wconf 90' lang='lat' dir='ltr'>quam</span> <span class='ocrx_word' id='word_1_280' title='bbox 1179 4236 1315 4313; x_wconf 87' lang='lat' dir='ltr'>praestat</span> <span class='ocrx_word' id='word_1_281' title='bbox 1340 4231 1532 4316; x_wconf 69' lang='lat' dir='ltr'>Maepham</span> <span class='ocrx_word' id='word_1_282' title='bbox 1556 4234 1590 4296; x_wconf 92' lang='lat' dir='ltr'>in</span> 
     </span>
     <span class='ocr_line' id='line_1_36' title="bbox 452 4329 1588 4416; baseline -0.001 -19"><span class='ocrx_word' id='word_1_283' title='bbox 452 4335 458 4347; x_wconf 84' lang='lat'>&#39;</span> <span class='ocrx_word' id='word_1_284' title='bbox 486 4335 627 4399; x_wconf 76' lang='lat' dir='ltr'>Historia</span> <span class='ocrx_word' id='word_1_285' title='bbox 653 4333 740 4396; x_wconf 80' lang='lat' dir='ltr'>Eccl.</span> <span class='ocrx_word' id='word_1_286' title='bbox 771 4332 863 4395; x_wconf 86' lang='lat' dir='ltr'>Nunc</span> <span class='ocrx_word' id='word_1_287' title='bbox 886 4330 978 4394; x_wconf 91' lang='lat' dir='ltr'>addit</span> <span class='ocrx_word' id='word_1_288' title='bbox 1004 4330 1167 4394; x_wconf 87' lang='lat' dir='ltr'>Burtonus</span> <span class='ocrx_word' id='word_1_289' title='bbox 1192 4329 1276 4392; x_wconf 76' lang='lat' dir='ltr'>aaa</span> <span class='ocrx_word' id='word_1_290' title='bbox 1306 4331 1385 4416; x_wconf 75' lang='lat' dir='ltr'>Ray.</span> <span class='ocrx_word' id='word_1_291' title='bbox 1413 4333 1494 4397; x_wconf 89' lang='lat' dir='ltr'>Par.</span> <span class='ocrx_word' id='word_1_292' title='bbox 1514 4352 1588 4409; x_wconf 81' lang='lat'>1‚2.</span> 
     </span>
     <span class='ocr_line' id='line_1_37' title="bbox 486 4431 1589 4518; baseline -0.005 -19"><span class='ocrx_word' id='word_1_293' title='bbox 486 4437 580 4517; x_wconf 68' lang='lat' dir='ltr'>Noas.</span> <span class='ocrx_word' id='word_1_294' title='bbox 598 4434 851 4518; x_wconf 81' lang='lat' dir='ltr'>Florentinasqae,</span> <span class='ocrx_word' id='word_1_295' title='bbox 868 4431 976 4496; x_wconf 76' lang='lat' dir='ltr'>caeteri</span> <span class='ocrx_word' id='word_1_296' title='bbox 995 4453 1069 4495; x_wconf 90' lang='lat' dir='ltr'>vero</span> <span class='ocrx_word' id='word_1_297' title='bbox 1089 4454 1162 4495; x_wconf 89' lang='lat' dir='ltr'>cum</span> <span class='ocrx_word' id='word_1_298' title='bbox 1177 4431 1308 4496; x_wconf 90' lang='lat' dir='ltr'>Valesio</span> <span class='ocrx_word' id='word_1_299' title='bbox 1330 4433 1461 4498; x_wconf 87' lang='lat' dir='ltr'>faciunt.</span> <span class='ocrx_word' id='word_1_300' title='bbox 1510 4433 1589 4496; x_wconf 91' lang='lat' dir='ltr'>Ver-</span> 
     </span>
     <span class='ocr_line' id='line_1_38' title="bbox 486 4532 1349 4617; baseline 0 -19"><span class='ocrx_word' id='word_1_301' title='bbox 486 4535 529 4598; x_wconf 93' lang='lat' dir='ltr'>tit</span> <span class='ocrx_word' id='word_1_302' title='bbox 540 4536 671 4616; x_wconf 71' lang='lat' dir='ltr'>nnana</span> <span class='ocrx_word' id='word_1_303' title='bbox 685 4541 776 4597; x_wconf 91' lang='lat' dir='ltr'>vetus</span> <span class='ocrx_word' id='word_1_304' title='bbox 790 4533 959 4617; x_wconf 86' lang='lat' dir='ltr'>interpres,</span> <span class='ocrx_word' id='word_1_305' title='bbox 973 4532 1030 4596; x_wconf 81' lang='lat' dir='ltr'>sed</span> <span class='ocrx_word' id='word_1_306' title='bbox 1041 4542 1070 4596; x_wconf 83' lang='lat' dir='ltr'>et</span> <span class='ocrx_word' id='word_1_307' title='bbox 1082 4534 1171 4597; x_wconf 76' lang='lat' dir='ltr'>canit</span> <span class='ocrx_word' id='word_1_308' title='bbox 1185 4535 1220 4596; x_wconf 83' lang='lat' dir='ltr'>in</span> <span class='ocrx_word' id='word_1_309' title='bbox 1234 4534 1349 4598; x_wconf 74' lang='lat' dir='ltr'>caelius.</span> 
     </span>
    </p>

    <p class='ocr_par' dir='ltr' id='par_1_9' title="bbox 486 4634 1586 4822">
     <span class='ocr_line' id='line_1_39' title="bbox 532 4634 1586 4719; baseline -0.004 -21"><span class='ocrx_word' id='word_1_310' title='bbox 532 4635 616 4699; x_wconf 89' lang='lat' dir='ltr'>lbid.</span> <span class='ocrx_word' id='word_1_311' title='bbox 642 4637 827 4717; x_wconf 74' lang='grc' dir='ltr'>ἐπιχορηγῶν</span> <span class='ocrx_word' id='word_1_312' title='bbox 845 4635 918 4719; x_wconf 76' lang='grc' dir='ltr'>μὲν]</span> <span class='ocrx_word' id='word_1_313' title='bbox 945 4634 1131 4699; x_wconf 88' lang='lat' dir='ltr'>Notandum</span> <span class='ocrx_word' id='word_1_314' title='bbox 1152 4643 1202 4699; x_wconf 91' lang='lat' dir='ltr'>est</span> <span class='ocrx_word' id='word_1_315' title='bbox 1225 4635 1347 4700; x_wconf 91' lang='lat' dir='ltr'>illustre</span> <span class='ocrx_word' id='word_1_316' title='bbox 1372 4634 1586 4700; x_wconf 87' lang='lat' dir='ltr'>testimonium</span> 
     </span>
     <span class='ocr_line' id='line_1_40' title="bbox 486 4735 1586 4822; baseline -0.005 -21"><span class='ocrx_word' id='word_1_317' title='bbox 486 4737 632 4822; x_wconf 86' lang='lat' dir='ltr'>Dionysii</span> <span class='ocrx_word' id='word_1_318' title='bbox 659 4736 896 4801; x_wconf 78' lang='lat' dir='ltr'>Corinthiorum</span> <span class='ocrx_word' id='word_1_319' title='bbox 925 4736 1074 4820; x_wconf 84' lang='lat' dir='ltr'>Episcopi</span> <span class='ocrx_word' id='word_1_320' title='bbox 1100 4737 1140 4801; x_wconf 94' lang='lat' dir='ltr'>de</span> <span class='ocrx_word' id='word_1_321' title='bbox 1167 4737 1312 4801; x_wconf 86' lang='lat' dir='ltr'>Romana</span> <span class='ocrx_word' id='word_1_322' title='bbox 1338 4735 1489 4813; x_wconf 82' lang='lat' dir='ltr'>Ecclesia,</span> <span class='ocrx_word' id='word_1_323' title='bbox 1514 4755 1586 4820; x_wconf 85' lang='lat' dir='ltr'>quae</span> 
     </span>
    </p>
   </div>
   <div class='ocr_carea' id='block_1_4' title="bbox 0 0 1910 5650">
    <p class='ocr_par' dir='ltr' id='par_1_10' title="bbox 0 0 1910 5650">
     <span class='ocr_line' id='line_1_41' title="bbox 0 0 1910 5650; baseline 0 2"><span class='ocrx_word' id='word_1_324' title='bbox 0 0 1910 5650; x_wconf 95' lang='lat' dir='ltr'> </span> 
     </span>
    </p>
   </div>
  </div>
 </body>
</html>
