3809 5650
525 690 575 755 IN
599 691 863 756 FRAGMENT.
887 690 1069 756 INOERTI
1093 690 1362 757 SCRIPTORIS.
1433 696 1496 756 415

399 864 514 940 irrepsi
528 865 641 926 Λουκᾶς
655 864 691 923 τὸ
706 861 773 940 περὶ
787 860 841 923 τὸν
854 859 999 940 μακάριον
1013 866 1140 924 Παῦλον
1156 863 1189 924 ἓν
1203 867 1269 927 ταῖς
1283 860 1418 940 Πράξεσι
1437 867 1496 924 τῶν

398 963 587 1031 ἀποστόλων,
604 960 665 1022 κατ’
682 963 778 1023 ἐκεῖνο
800 966 901 1040 καιροῦ
920 959 954 1022 sd
974 963 1100 1040 βιβλίον
1111 961 1373 1043 συγγραψάμενος,
1394 965 1441 1026 καὶ
1460 966 1496 1025 τὰ

399 1067 522 1140 καθεξῆς
535 1064 642 1140 ἥκιστα
656 1064 821 1143 γινώσκων.
848 1061 916 1123 οὐδὲ
930 1062 965 1123 τὸ
980 1063 1138 1142 μαρτύριον
1152 1065 1256 1126 τούτου
1272 1062 1395 1146 (Pauli)
1408 1065 1496 1144 ἐγκο-

399 1162 501 1226 τέθετο
523 1167 558 1241 τῇ
580 1165 693 1246 βίβλῳ.
719 1163 932 1227 καταλιπόντες
952 1165 1010 1243 γὰρ
1031 1161 1121 1225 αὐτὸν
1139 1164 1237 1226 ἔκεῖσε
1256 1168 1371 1230 Λουκᾶς
1391 1189 1424 1228 τε
1448 1164 1496 1226 καὶ

398 1261 597 1344 Ἀρίσταρχος
613 1265 748 1340 ἐξῆλθον.
764 1285 785 1346 p
810 1265 883 1347 346.
921 1261 1105 1325 Posteriora
1119 1283 1193 1324 vero
1208 1263 1312 1336 verba,
1328 1262 1392 1326 sive
1408 1263 1496 1326 scho-

399 1363 476 1426 lium
490 1351 634 1435 alterum,
650 1362 768 1426 Ἰστέον
782 1365 815 1425 δὲ
831 1389 856 1425 κ.
869 1388 895 1425 τ.
906 1371 935 1426 λ.
951 1362 1092 1426 exhiberi
1109 1362 1150 1425 ab
1166 1363 1356 1427 OEoumenio
1372 1385 1496 1448 quoque

400 1464 432 1526 in
449 1466 611 1527 Commeat.
628 1486 700 1548 pag.
717 1481 786 1545 197.
801 1463 884 1526 idem
899 1463 962 1526 Vir
976 1465 1089 1528 doctus
1103 1465 1235 1528 monuit.
1273 1466 1497 1530 Verumtamen

401 1571 563 1629 merentur
577 1564 712 1627 conferri
730 1565 769 1627 de
789 1565 820 1626 S.
831 1563 923 1627 Pauli
937 1564 971 1626 in
993 1565 1183 1649 Hispaniam
1202 1565 1395 1649 profectione
1411 1565 1496 1630 Sam.

402 1664 550 1749 Basnagii
568 1665 714 1727 Ercrcitt.
730 1664 1036 1742 HiswricaCrc'ticoe,
1051 1688 1083 1750 p.
1097 1667 1279 1750 511-516.
1315 1666 1497 1751 Significare

401 1766 528 1849 quidem
550 1765 719 1850 fragmenti
736 1773 898 1829 auctorem
919 1786 1016 1850 opera
1038 1789 1120 1830 nunc
1142 1765 1308 1850 deperdita
1331 1766 1363 1828 in
1382 1766 1498 1831 litteris

401 1867 443 1930 ad
463 1888 513 1929 me
534 1866 637 1929 missis
655 1866 869 1949 conjecturam
886 1866 962 1930 fecit
981 1867 1095 1952 proesul
1117 1867 1203 1931 haud
1222 1867 1270 1930 ita
1289 1867 1411 1951 pridem
1430 1868 1497 1932 vita

401 1968 537 2042 functus,
565 1966 628 2050 qui,
651 1975 806 2050 utsupra
829 1966 950 2051 scripsi,
971 1969 1068 2032 etiam
1089 1969 1175 2052 apud
1196 1974 1332 2043 exteros,
1358 1968 1433 2031 dum
1455 1968 1499 2031 vi-

401 2074 498 2144 veret,
530 2068 682 2130 doctrinm
711 2067 804 2131 laude
839 2067 962 2130 claruit.
1017 2066 1114 2131 Certe
1142 2076 1269 2133 constat
1298 2091 1338 2133 ex
1368 2068 1497 2132 Eusebii

404 2167 557 2232 Historiae
583 2168 636 2231 lib.
654 2169 675 2231 i.
692 2190 761 2252 cap.
777 2188 809 2252 3.
841 2181 916 2232 acta
939 2169 1104 2253 utriusque
1122 2169 1268 2253 apostoli,
1292 2176 1326 2233 ot
1354 2169 1441 2233 Petri
1464 2177 1499 2233 et

403 2268 504 2345 Pauli,
526 2269 703 2354 antiquitus
724 2268 870 2332 omnibus
892 2268 1075 2333 innotuisse.
1120 2269 1276 2333 Attamen
1303 2270 1416 2334 saltem
1440 2293 1499 2355 pro

403 2370 621 2433 verisimilibus
646 2392 693 2447 ea,
715 2392 785 2453 quae
806 2371 857 2433 hio
879 2370 1039 2454 proposui,
1063 2371 1207 2435 ducenda
1226 2378 1260 2435 et
1279 2372 1500 2456 amplectenda

403 2478 492 2552 puto.

448 2570 487 2631 Ρ.
499 2585 573 2653 395.
588 2570 609 2632 l.
624 2588 673 2633 20.
690 2569 844 2653 Epistolae
854 2576 962 2633 autom
973 2570 1077 2645 Pauli,
1087 2594 1169 2654 quae,
1180 2594 1200 2634 a
1212 2594 1275 2654 quo
1286 2572 1366 2648 loco,
1377 2572 1425 2636 vel
1436 2594 1500 2656 qua

403 2692 442 2733 ex
465 2691 561 2733 causa
583 2670 702 2732 directe
725 2670 801 2746 sint,
825 2670 1004 2733 volentibus
1026 2671 1210 2754 intelligere,
1233 2672 1299 2756 ipse
1322 2673 1497 2756 declarant]

405 2771 546 2856 Corrigit
569 2770 774 2835 Freindaller.
790 2778 827 2836 ut
847 2777 919 2855 post
939 2771 1014 2848 vidi,
1033 2771 1163 2846 dircen,
1178 2772 1263 2855 ipaae.
1309 2772 1421 2836 Malim
1442 2794 1501 2858 ego

404 2894 555 2956 reponere
569 2872 705 2936 declarat
718 2894 776 2956 pro
794 2872 961 2948 declarant,
976 2880 1108 2957 proptor
1124 2873 1255 2937 verbum
1275 2874 1456 2938 interdicens
1469 2874 1502 2937 in

405 2974 617 3058 sequentibus.

449 3075 531 3139 Ibid.
547 3075 568 3137 l.
581 3093 631 3138 22.
647 3076 783 3139 schisma
797 3074 942 3161 haeresis]
960 3075 1112 3139 Formula
1126 3076 1292 3140 verborum
1307 3076 1500 3140 insolentior.

405 3179 515 3242 Graece
531 3178 646 3260 σχίσμα
660 3181 711 3256 τῆς
732 3176 881 3257 αἱρέσεως.
920 3175 1031 3239 Habet
1050 3178 1068 3255 ἡ
1088 3179 1261 3257 πρόσφατος
1281 3182 1334 3240 τοῦ
1354 3179 1502 3259 ἆτοσχίσ·

404 3308 496 3362 ματος
511 3283 622 3361 αἵρεσις
638 3281 762 3343 Auctor
772 3281 842 3344 adv.
853 3278 1076 3363 cataphrygas
1089 3281 1118 3360 ξ.
1133 3299 1182 3341 11.
1193 3280 1252 3341 vol.
1265 3281 1313 3343 11.
1326 3279 1501 3363 Reliqaicr.

406 3387 493 3447 Scor.
526 3384 605 3445 Mox
623 3382 754 3458 Galatia,
769 3382 854 3465 quod
869 3380 997 3444 inferius
1012 3380 1139 3464 quidem
1151 3380 1275 3465 legitur,
1288 3403 1347 3465 pro
1358 3380 1503 3445 Ocllcctis

405 3485 547 3570 reposuit
562 3482 767 3549 Freindaller.
952 3534 963 3551 ,

450 3585 532 3649 Ibid.
549 3585 569 3647 l.
582 3604 632 3663 24.
657 3583 766 3647 ordine
781 3583 1033 3670 Scripturarum]
1055 3583 1100 3647 H.
1111 3607 1137 3647 e.
1153 3584 1185 3647 ni
1203 3584 1306 3661 fallor,
1322 3584 1504 3669 Scripturas

407 3687 483 3751 Vet.
501 3687 587 3750 Test.
603 3687 712 3750 ordine
727 3686 881 3761 adhibito,
897 3688 963 3751 sive
977 3687 1057 3752 alias
1071 3695 1144 3771 post
1159 3687 1248 3764 alias,
1264 3688 1503 3770 interpretatus,

405 3787 473 3851 fuse
488 3787 646 3851 disseruit.
692 3787 801 3871 Atque
815 3787 862 3851 ait
878 3786 1086 3852 Freindaller.
1125 3796 1145 3825 ‘⁴
1157 3788 1272 3864 Verba,
1285 3787 1391 3850 ordine
1410 3788 1504 3871 scrop

407 3896 587 3966 “tararum,
612 3912 675 3952 non
698 3888 845 3952 videntur
867 3889 942 3972 quid
968 3890 1098 3952 innuere
1119 3888 1217 3964 aliud,
1241 3909 1344 3970 quam,
1370 3888 1505 3951 Paulum

407 3997 426 4025 “
441 3991 501 4053 hoo
522 3992 591 4054 loco
613 3991 753 4054 rationes
772 4010 855 4065 suas,
877 4011 894 4051 e
916 3988 985 4073 lege
1007 3989 1105 4053 veteri
1127 4010 1186 4073 pro
1211 3988 1400 4053 stabilienda
1424 4010 1507 4053 nova

406 4098 426 4126 “
440 4092 618 4175 protulisse,
634 4091 768 4173 huicque
782 4087 868 4151 illam
883 4090 989 4152 ordirw
1003 4089 1202 4175 subjecisse.''

450 4193 534 4256 Ibid.
550 4190 751 4275 principium]
772 4191 816 4254 H.
832 4212 858 4253 e.
875 4190 893 4269 ἡ
909 4191 998 4272 ἁρχὴ,
1012 4190 1149 4268 initium,
1163 4192 1415 4256 fundamentum.

451 4292 533 4355 Ibid.
559 4291 579 4355 l.
597 4309 649 4371 27.
674 4313 808 4374 sequens
831 4291 1070 4375 praedecessoris
1096 4292 1144 4355 sui
1170 4292 1326 4357 Johannis
1350 4292 1505 4377 ordinem]

408 4393 561 4477 imperite
581 4391 746 4475 scriptum,
760 4393 855 4456 modo
875 4391 934 4454 hoc
954 4390 1030 4456 velit
1049 4399 1173 4470 auctor,
1188 4394 1273 4477 quod
1293 4401 1401 4458 tamen
1420 4393 1506 4456 haud

406 4493 485 4556 satis
506 4498 642 4568 constat,
666 4492 826 4557 imitatum
847 4514 917 4556 esse
940 4492 1077 4555 Paulum
1097 4494 1328 4579 Apocalypsia;
1360 4515 1444 4568 narn,
1470 4501 1508 4557 ut

406 4594 616 4658 verisimiliter
638 4594 754 4659 statuit
780 4594 944 4659 Stoechius
968 4594 1001 4658 in
1026 4598 1189 4660 Commeat.
1212 4596 1249 4659 dc
1276 4597 1394 4660 camno
1418 4596 1507 4662 Lite.

407 4696 492 4759 Noai
509 4696 585 4757 Test.
602 4716 671 4778 cap.
683 4717 712 4758 v.
729 4697 758 4777 ξ.
773 4698 824 4761 62.
841 4696 928 4760 edita
947 4702 997 4761 est
1017 4697 1217 4785 Apocalypsis
1233 4699 1292 4762 sub
1312 4696 1507 4779 Domitiano,
