3809 5650
761 705 807 768 IN
830 705 1147 770 APOLLONIUM.
1443 713 1506 774 485

403 873 504 947 abeat,
526 894 626 957 neque
647 873 802 938 invenisse
820 897 890 939 eam
911 877 1041 960 Rafiaae
1057 874 1134 938 mihi
1154 875 1280 959 quidem
1302 874 1437 948 videtur,
1453 878 1506 959 qui

403 972 513 1047 vertit,
528 973 581 1036 Ee
599 972 705 1058 quitur
725 974 859 1039 οιιιιιὶὂιιι
877 973 1055 1040 nemer
1068 975 1247 1061 mediata
1265 975 1386 1039 tarasia
1405 979 1508 1061 conso-

402 1082 497 1136 totur.
540 1073 585 1138 Et
607 1096 689 1138 nuno
705 1075 831 1160 quidem
853 1077 1010 1141 referente
1033 1077 1190 1153 Burtono,
1210 1077 1287 1140 dum
1303 1084 1396 1142 extat
1416 1099 1455 1141 ea
1474 1077 1507 1140 in

403 1173 501 1237 codiee
519 1174 621 1259 Reyio,
635 1198 698 1260 quo
718 1198 793 1241 usus
808 1185 858 1242 est
875 1178 1069 1263 Stephanus,
1085 1186 1119 1243 et
1137 1177 1169 1241 in
1190 1178 1359 1255 Parieioia,
1373 1179 1466 1242 abeat
1486 1200 1507 1242 a

402 1275 525 1339 ceteris.
576 1278 608 1340 N
610 1299 650 1340 on
665 1285 792 1342 secutus
807 1280 987 1344 Strothium
1001 1288 1051 1345 eat
1069 1279 1117 1344 vel
1132 1279 1349 1345 Heiuioheuus
1363 1281 1411 1344 vel
1426 1281 1506 1344 Bur-

403 1386 507 1455 tonus,
523 1379 580 1442 aed
594 1377 679 1441 soluo
693 1379 977 1446 Zimmermannus.

447 1481 485 1545 P.
494 1498 568 1563 472.
584 1482 604 1545 l.
620 1503 667 1563 14.
685 1491 715 1547 in
737 1509 796 1566 quo
815 1489 925 1554 arserit,
948 1488 1126 1546 Montanum
1142 1483 1209 1565 δια]
1228 1480 1313 1545 Vide
1329 1505 1400 1566 quae
1414 1484 1504 1568 posui

402 1605 498 1667 supra
512 1584 554 1646 ad
571 1583 759 1667 Hieronymi
775 1588 883 1667 eaput,
900 1589 935 1646 et
949 1582 1033 1647 infre
1047 1584 1089 1646 ad
1104 1583 1259 1647 Aucroma
1272 1607 1389 1648 eoum
1405 1583 1505 1650 Oara-

401 1708 540 1748 rnorem
556 1685 763 1770 Fragmenta,
780 1682 871 1747 initio
886 1683 964 1768 ipso.

445 1787 508 1851 San
529 1788 597 1851 haeo
619 1787 790 1862 haetenua;
813 1786 882 1870 jam
904 1785 1104 1849 referendum
1126 1792 1187 1863 eat,
1209 1802 1319 1850 extare
1341 1786 1374 1851 in
1394 1787 1505 1852 biblio

401 1889 495 1953 theca
520 1890 695 1953 Bodleiaua
718 1889 802 1952 inter
826 1888 941 1953 MStoo
965 1888 1176 1953 Baroooianos
1200 1910 1333 1952 numero
1358 1898 1505 1955 notatam

403 2010 475 2075 232.
517 1993 661 2056 Ortonam
683 1991 717 2054 ιἰι
740 1989 905 2054 Proerna
926 1990 1109 2067 Solomonia,
1131 1990 1163 2053 in
1186 2012 1249 2075 qua
1271 1991 1323 2054 fol.
1347 2012 1395 2077 ¹3·
1421 1995 1506 2073 ῥῆσις

400 2093 479 2158 satia
500 2092 596 2178 longa
619 2092 781 2178 Apolbraio
804 2092 975 2167 tribuitur3
1008 2114 1105 2177 quum
1127 2114 1201 2157 vero
1222 2094 1255 2156 iu
1277 2092 1340 2157 alio
1366 2094 1504 2177 quodam

400 2197 516 2269 oodioe,
539 2194 592 2280 qui
616 2194 758 2259 eontinet
785 2196 933 2258 Catonem
955 2194 990 2257 io
1016 2192 1183 2259 Prouortio
1209 2216 1435 2279 numerumque
1457 2195 1504 2259 af-

400 2298 498 2362 fixum
513 2298 611 2362 habet
626 2316 721 2382 3023.
737 2297 933 2381 Apollinarii
955 2318 1069 2360 nomon
1084 2295 1186 2361 eidem
1200 2296 1286 2378 ῥήσει
1305 2297 1503 2382 propositum

400 2402 452 2478 sit,
469 2409 502 2466 et
523 2402 626 2486 possit
649 2401 818 2486 significari
840 2401 997 2464 alteruter
1016 2401 1298 2486 Apollinariorum,
1314 2402 1368 2485 qui
1389 2402 1504 2467 saeoulo

400 2510 516 2587 quarto
542 2503 642 2566 multa
670 2501 748 2564 varii
772 2501 897 2585 generis
922 2501 1125 2585 seripserunt,
1152 2523 1223 2565 eam
1248 2505 1504 2586 praetereundam

399 2626 468 2669 ease
483 2604 601 2668 censui.
647 2605 749 2667 Porro
768 2604 883 2666 Cotem
902 2603 937 2665 ia
952 2601 1119 2666 Proverbia
1141 2624 1160 2665 a
1180 2602 1346 2667 Theodoro
1368 2605 1503 2669 Peltano

401 2707 515 2772 Latine
530 2706 619 2770 edita
633 2703 832 2790 Apollinei-ii,
845 2725 910 2766 non
923 2701 1097 2787 Apollonii,
1114 2723 1228 2765 nomen
1243 2701 1287 2765 ibi
1308 2710 1453 2787 praestat,
1469 2706 1503 2769 in

400 2832 463 2895 qua
485 2809 612 2894 quidem
633 2808 755 2874 catena
776 2805 877 2870 multo
900 2805 1026 2870 brevior
1047 2811 1097 2869 eat
1116 2804 1222 2879 loeus3
1257 2804 1392 2868 eundem
1417 2828 1501 2884 vero,

399 2913 635 2997 auctionemque
651 2933 746 2997 quam
764 2909 797 2973 iu
816 2908 887 2974 aliis
909 2908 1008 2985 libris,
1023 2908 1125 2972 oodex
1138 2907 1280 2992 ejusdem
1301 2906 1501 2972 bibliothecae

327 3093 332 3103 ¹
399 3017 489 3080 Bodl.
506 3016 737 3080 vetustissimus
752 3014 861 3088 habet,
872 3034 1004 3076 numero
1017 3031 1054 3093 19
1055 3031 1085 3095 5.
1102 3010 1281 3095 insignitus,
1293 3010 1379 3074 nulla
1393 3018 1502 3074 autem

399 3118 527 3183 nomina
545 3138 612 3202 prae
638 3138 672 3179 ae
696 3117 800 3179 ferens
822 3114 958 3190 illorum,
982 3113 1039 3196 qui
1060 3113 1274 3190 adducuntur,
1299 3111 1499 3196 noriptorum.

401 3224 475 3286 Hoe
490 3240 615 3304 quoque
630 3217 706 3280 duxi
723 3216 972 3292 memorandum,
988 3215 1068 3278 duas
1082 3222 1193 3279 extare
1208 3213 1384 3277 sententias
1398 3214 1502 3292 ἠθικὰς

398 3321 557 3407 Apollonii
578 3319 743 3404 eujusdam
763 3319 797 3383 in
819 3319 897 3384 Ood.
919 3320 1051 3381 Barooo.
1075 3336 1144 3401 143.
1169 3317 1222 3381 fol.
1237 3318 1309 3402 169,
1326 3337 1398 3382 210.
1419 3315 1502 3380 siout

399 3424 565 3487 nonnullas
576 3421 655 3486 alias
664 3420 697 3484 in
708 3419 842 3485 Antonii
848 3418 989 3494 Malieon,
1002 3416 1197 3502 Maximique
1208 3416 1412 3496 Sarmathon,
1425 3425 1459 3482 ot
1468 3417 1501 3479 in

400 3525 517 3590 Codioe
530 3524 621 3589 Bodl.
636 3526 725 3604 1607.
735 3545 806 3607 quae
820 3523 943 3586 interea
957 3520 999 3584 ad
1010 3519 1197 3604 scriptorem
1211 3541 1275 3583 non
1286 3519 1501 3585 Christianum

398 3629 557 3712 pertinere
570 3625 726 3689 videntur.

803 4235 900 4291 TOM.
917 4235 940 4291 1.
962 4232 1083 4290 FlNIS.
