3809 5650
594 701 642 764 IN
667 699 914 763 HEGESlPPl
940 700 1239 765 FRAGMENTA.
1398 701 1464 762 223

364 873 394 926 et
412 884 538 948 corpora
556 887 613 930 asto
631 877 658 930 et
676 866 796 930 mam
814 876 843 930 et
859 867 1067 952 mpellectidem
1087 868 1202 932 bacol.
1249 868 1347 951 Apud
1365 866 1464 929 Isido-

365 987 436 1028 rum
451 967 484 1028 in
498 967 552 1029 lib.
565 967 627 1030 viii.
644 966 819 1052 Originum,
836 977 910 1032 octo
925 976 1134 1033 numerantur
1147 969 1295 1044 haereses,
1311 967 1464 1031 Pharisoei

365 1067 494 1145 scilicet,
517 1068 694 1146 Sadduoaei,
718 1069 833 1146 Eflnei,
854 1070 1035 1149 Morbonei,
1055 1072 1205 1146 Genistoe,
1229 1071 1384 1146 Meristae,
1405 1070 1463 1134 Sa·

366 1168 491 1233 maritae
513 1177 547 1234 et
566 1169 868 1255 Hemerobaptistae.
914 1173 1061 1256 Denique
1082 1171 1229 1235 Clemens
1249 1172 1281 1234 in
1296 1171 1349 1233 lib.
1364 1170 1465 1234 [Βο-

366 1270 593 1354 cognitionum,
618 1272 754 1356 quinque
780 1273 939 1336 duntaxat
965 1287 1069 1338 sectas
1094 1272 1282 1337 Judaeorum
1309 1280 1463 1347 recenset,

366 1392 437 1455 quae
452 1370 625 1435 schismata
639 1373 796 1456 appellat:
820 1373 1013 1437 Sadducaeos
1028 1374 1157 1448 scilicet,
1175 1373 1364 1445 Samaritae,
1382 1370 1464 1435 Scri·

366 1477 435 1553 bae,
460 1477 640 1540 Pharisaeos
661 1485 695 1541 et
717 1479 871 1563 quosdam
893 1500 932 1541 ex
955 1477 1093 1541 Joannis
1115 1478 1271 1562 Baptietae
1294 1476 1463 1561 discipulis.

367 1581 484 1641 “Cum
499 1579 612 1655 enim‚”
623 1579 736 1663 inquit,
754 1580 850 1662 “jam
865 1580 1046 1644 immineret
1061 1587 1151 1643 crtus
1166 1579 1296 1653 Christi,
1312 1579 1354 1641 ad
1370 1577 1465 1641 sacri·

366 1687 387 1716 “
403 1679 476 1743 ficia
487 1680 614 1764 quidem
629 1680 838 1764 reprimenda,
851 1681 1001 1765 baptismi
1017 1701 1092 1744 vero
1105 1681 1244 1765 gratiam
1258 1678 1464 1763 largiendam,

366 1789 386 1818 “
402 1781 545 1845 inimicus
560 1802 600 1844 ex
615 1781 664 1844 his
679 1803 750 1864 quae
770 1782 925 1865 predicta
944 1781 1081 1856 fuerunt,
1097 1782 1208 1844 adesse
1231 1786 1355 1863 tempus
1374 1778 1465 1842 intel-

367 1895 387 1920 “
402 1884 512 1969 ligens,
527 1883 651 1947 diversa
672 1884 846 1947 schismata
866 1884 1062 1967 operabatur
1083 1883 1115 1946 in
1136 1883 1263 1967 populo,
1280 1888 1317 1945 ut
1337 1881 1363 1943 ai
1382 1880 1466 1943 sorte

367 1993 389 2022 ‘⁴
405 1985 492 2068 prius
506 1990 672 2068 peccatum
687 1985 843 2068 potuisset
858 1984 990 2057 aboleri,
1007 1984 1146 2047 secunda
1160 1981 1275 2065 corrigi
1290 1980 1384 2064 culpa
1401 2000 1465 2041 non

368 2093 388 2120 “
403 2093 520 2169 posset.
565 2084 646 2148 Erat
666 2106 742 2169 ergo
762 2085 898 2170 primurn
916 2085 1054 2148 schisma
1074 2104 1181 2147 eorum
1202 2082 1255 2165 qui
1276 2081 1466 2144 dicebantur

369 2194 388 2220 “
404 2185 580 2262 Sadducaei,
607 2186 698 2249 initio
723 2186 861 2249 Joannis
887 2187 956 2269 jam
984 2205 1074 2268 perne
1100 2181 1298 2266 temporibus
1327 2187 1465 2264 sumpto.

369 2296 388 2325 ‘⁸
405 2289 513 2372 Hique
535 2296 572 2351 ut
597 2288 711 2352 ceteris
731 2288 893 2371 justiores,
919 2308 1087 2373 segregare
1114 2308 1147 2349 ee
1171 2306 1295 2368 coepere
1315 2306 1336 2347 a
1358 2282 1466 2367 populi

368 2398 388 2425 ‘⁶
403 2398 488 2454 coetu
511 2397 545 2452 et
567 2396 765 2452 mortuorum
786 2389 1050 2453 resurrectionem
1075 2408 1203 2468 negare,
1226 2385 1302 2448 &c.”
1346 2384 1467 2448 Sedet

367 2491 462 2575 paulo
477 2498 549 2574 post
564 2491 648 2554 idem
664 2491 808 2554 Clemens
824 2512 888 2553 non
906 2491 1011 2573 plures
1030 2509 1126 2572 quam
1147 2486 1285 2570 quinque
1306 2483 1463 2569 eupradic

367 2600 420 2654 tas
442 2599 588 2654 numerat
614 2598 718 2655 sectas
744 2593 942 2656 Judaeorum.
988 2589 1166 2652 Mirabitur
1190 2588 1326 2650 sortasse
1350 2586 1466 2670 aliquis

368 2713 425 2755 cur
439 2692 524 2756 inter
537 2694 596 2756 hae
610 2702 714 2756 sectas
730 2693 855 2756 Esseeoe
873 2690 1122 2776 praetermiserit.
1168 2689 1267 2773 Cujus
1284 2688 1330 2751 rei
1349 2688 1466 2751 nullam

369 2793 462 2857 aliam
478 2794 635 2857 rationem
649 2793 831 2879 excogitare
851 2815 1029 2880 possumus,
1044 2793 1104 2856 nisi
1121 2791 1206 2877 quod
1220 2798 1343 2854 veteres
1359 2789 1467 2854 Eccle-

369 2896 423 2958 siae
438 2902 546 2980 patres
562 2896 679 2958 Essaeia
694 2917 791 2979 supra
805 2897 934 2959 medum
948 2897 1104 2959 faverunt.
1130 2894 1295 2955 Vanasrus.

413 2996 450 3058 P.
465 3012 538 3079 207.
553 2997 573 3059 l.
590 3015 621 3079 9.
643 2998 814 3082 Γαλιλαῖοι]
838 2997 910 3060 Hos
926 3019 1052 3081 quoque
1066 2996 1150 3060 inter
1164 2994 1187 3056 J
1190 2996 1353 3057 udaeorum
1368 2991 1467 3056 hoere·

369 3097 450 3159 ticos
471 3102 615 3160 recenset
630 3096 652 3158 J
655 3097 779 3160 ustinus
793 3106 826 3162 et
844 3098 1067 3183 Hieronymus.
1112 3099 1240 3159 Auctor
1261 3116 1299 3157 ac
1322 3093 1468 3178 princeps

369 3198 463 3281 hujus
489 3204 584 3261 sectae
613 3199 675 3261 fuit
703 3199 809 3262 Judas
838 3200 997 3276 Galilaeus,
1025 3200 1078 3284 qui
1108 3207 1181 3283 post
1211 3196 1355 3261 exsilium
1384 3192 1469 3279 regis

370 3298 533 3374 Archelai,
548 3321 619 3361 cum
635 3299 769 3362 Romani
785 3300 819 3362 in
832 3301 856 3363 J
858 3301 950 3364 udaea
968 3323 1096 3364 censum
1117 3322 1212 3385 agere
1227 3298 1352 3369 vellent,
1369 3315 1468 3380 popu·

368 3400 451 3463 lares
473 3422 546 3462 suos
568 3401 608 3462 ad
632 3401 830 3464 retinendam
852 3401 1020 3485 pristinam
1044 3402 1224 3464 libertatem
1250 3397 1412 3473 excitavit,
1434 3403 1469 3461 et

368 3511 514 3586 quartam
536 3509 656 3565 sectam
678 3502 798 3566 invexit
820 3502 1034 3578 Galilaeorum,
1057 3511 1094 3566 ut
1117 3501 1227 3565 scribit
1249 3499 1412 3584 Josephus
1434 3497 1468 3561 in

368 3605 449 3667 libro
464 3604 496 3666 ii.
509 3604 549 3666 de
565 3604 647 3667 bello
662 3605 811 3668 Judai'co.
836 3604 1001 3667 Varasrus.

415 3705 497 3767 lbid.
519 3704 813 3790 Ἧμεροβαπτισταὶ]
846 3704 969 3770 Eadem
1000 3707 1152 3790 dogmata
1181 3725 1253 3767 cum
1283 3701 1403 3766 Scribis
1430 3723 1469 3764 ac

370 3804 540 3868 Pharisaeis
556 3806 800 3889 amplectuntur.
847 3809 920 3869 Hoc
936 3829 1010 3870 vero
1025 3807 1219 3891 praecipuum
1238 3803 1367 3874 habent,
1385 3802 1469 3886 quod

370 3921 437 3968 tam
462 3927 535 3968 vere
564 3914 781 3990 autumnoque
807 3928 902 3989 quam
928 3913 1043 3970 aetate
1068 3917 1166 3989 atque
1190 3906 1302 3988 hyeme
1328 3902 1470 3986 quotidie

369 4007 494 4068 lavant:
525 4006 609 4068 unde
638 4013 672 4069 et
702 4006 1058 4090 Hemerobaptistarum
1087 4005 1331 4090 appellationem
1360 4001 1469 4085 adepti

370 4115 453 4169 sunt.
500 4109 554 4169 lta
569 4107 652 4170 enim
667 4108 854 4170 statuebant
869 4107 972 4170 vivere
992 4108 1086 4171 aliter
1101 4106 1261 4170 hominem
1281 4126 1345 4166 non
1367 4125 1469 4187 posse,

370 4230 465 4291 qnam
493 4209 519 4271 ei
546 4208 688 4290 quotidie
714 4228 748 4270 se
769 4208 861 4290 aquis
882 4208 1013 4280 elueret,
1036 4217 1134 4293 atque
1160 4208 1201 4271 ab
1228 4207 1313 4270 omni
1340 4205 1471 4269 crimine

370 4321 529 4392 purgaret.
577 4308 734 4392 Epiphan.
749 4307 866 4371 Heres.
879 4307 950 4370 xvii.
968 4309 1120 4373 afferente
1134 4309 1323 4372 Rannmcro.
1369 4308 1471 4392 Nugae

369 4420 498 4473 tantum
526 4432 564 4473 ac
595 4431 682 4472 mera
712 4409 834 4473 somnia
860 4410 1031 4494 Epiphanii
1058 4410 1146 4475 istaeo
1172 4411 1321 4473 videntur
1345 4409 1471 4473 Jacoho

370 4512 575 4587 lthent'erdio,
591 4511 644 4596 qui
666 4512 698 4574 in
722 4511 857 4574 Dissert.
880 4533 938 4574 sua
959 4513 1009 4575 De
1028 4513 1130 4576 Fictis
1150 4512 1330 4576 Judoemam
1352 4511 1470 4575 Heres.

371 4616 399 4694 §-
418 4636 492 4677 xxx.
516 4616 571 4677 &e
621 4612 921 4696 Hemerobaptistas
948 4613 1006 4677 hos
1028 4614 1145 4678 statuit
1171 4619 1348 4675 servatores
1374 4611 1470 4674 fuisse

370 4716 447 4797 legis
472 4715 632 4788 Mesalum
650 4738 712 4798 qua
733 4714 859 4797 quidem
878 4712 961 4797 jusai
984 4716 1049 4779 eint
1072 4715 1229 4779 israelitae
1251 4713 1358 4777 lavare
1381 4734 1414 4775 ee
1437 4721 1470 4775 et
