3809 5650
403 699 468 760 480
764 695 1147 760 ANNOTATIONES

400 862 597 926 οαιιοόιζιοντν
611 863 781 947 ὦιοοορίοαι,
796 885 833 926 ca
847 862 907 946 Iope
921 832 965 936 at,
983 865 1039 925 &c
1063 861 1227 922 Vnunmus.
1244 861 1278 923 ἑν
1298 861 1418 925 τούτοις
1434 860 1523 924 MS.

400 962 542 1046 Norsok.
581 962 663 1025 Mox
678 963 711 1024 in
725 963 788 1026 eod.
804 963 902 1026 codiee
916 965 1084 1025 παύσονται
1097 983 1157 1044 pro
1172 961 1357 1023 παύσωνται.

360 1102 364 1110 ·
446 1062 484 1122 P.
495 1079 571 1141 470.
587 1061 608 1124 l.
621 1081 653 1143 9.
677 1061 719 1125 ὧν
734 1063 788 1141 ἤδη
803 1060 991 1144 παραβάτης]
1009 1063 1106 1122 Hunc
1121 1060 1225 1123 locum
1236 1057 1358 1141 optime
1375 1056 1522 1121 Rufinus

401 1160 548 1244 exposuit
571 1161 632 1223 hoc
647 1163 750 1225 modo.
795 1162 963 1225 Indicetes
978 1170 1020 1224 eet
1037 1160 1125 1244 cped
1137 1158 1309 1224 AEmiliam
1322 1159 1523 1222 Frontinum

401 1261 615 1323 Ρνοοοαιιιῖοια
629 1262 754 1346 spheri,
769 1283 828 1325 ιιινι
836 1270 965 1345 propter
978 1282 1082 1323 αοοιοιι
1094 1261 1222 1337 Clrictl,
1233 1260 1286 1323 scd
1290 1269 1422 1343 propte·
1430 1281 1520 1342 φια-

400 1360 474 1423 dcm
489 1360 663 1423 latrocinia.
708 1362 796 1424 Nam
810 1384 831 1424 ο
848 1361 965 1424 Christi
980 1361 1099 1424 nomine
1105 1360 1177 1443 jam
1191 1369 1330 1444 apostate
1345 1359 1521 1423 mactaret

402 1461 467 1523 Sed
473 1460 606 1544 postllaec
619 1471 654 1524 nt
664 1461 770 1543 fideles
783 1462 1049 1545 qaidemfratres,
1064 1461 1119 1544 qai
1127 1482 1189 1543 per
1202 1460 1284 1523 illud
1296 1470 1414 1542 tempas
1429 1460 1525 1543 apud

393 1561 533 1644 judicem
557 1561 682 1645 aliquid
696 1571 847 1643 poterant,
867 1583 929 1644 pre
950 1562 1017 1645 ipse
1041 1561 1268 1635 intercederent,
1297 1560 1459 1623 eimcdceit
1486 1583 1521 1623 sc

395 1672 523 1746 propter
536 1683 641 1725 ιιοιαοιι
657 1662 785 1724 Domini
799 1660 949 1737 Ιαόοτοτο,
964 1671 992 1725 et
1002 1682 1062 1744 per
1074 1661 1127 1724 Ιιοο
1137 1660 1313 1724 dimittitur.
1344 1659 1393 1723 At
1404 1660 1519 1724 Chris-

402 1761 589 1845 tophorsoni
605 1761 717 1836 versio,
732 1764 870 1844 primum
883 1761 917 1824 in
931 1783 970 1825 eo
984 1769 1108 1845 peccat,
1123 1761 1209 1845 quod
1223 1757 1401 1839 παραβάτην
1421 1760 1519 1823 mole·

390 1864 492 1946 ficum
504 1861 610 1924 vertit.
656 1860 780 1923 Deinde
795 1861 827 1923 in
843 1882 881 1924 eo
901 1861 988 1944 quod
1010 1863 1110 1940 ἐκρίθη
1124 1860 1221 1923 vertit
1235 1859 1447 1923 mentuscae
1462 1869 1521 1936 cetr

404 1962 571 2025 Vacemus.
616 1961 699 2024 Mox
715 1963 815 2025 ἐκεῖσε
829 1982 888 2044 pro
904 1964 969 2024 ἐκεῖ
980 1962 1057 2024 MS.
1075 1960 1217 2042 Norsolc.

448 2063 533 2126 Ibid.
553 2062 574 2124 l.
592 2080 641 2140 14.
658 2062 695 2124 ln
716 2065 733 2124 ὁ
755 2061 908 2143 προφῆτης
923 2058 1069 2144 συνόντα]
1087 2060 1104 2122 ὃ
1119 2062 1136 2122 ὀ
1151 2059 1305 2140 προφήτης
1318 2058 1414 2121 συνὸν
1427 2059 1518 2122 Βοα-

401 2165 501 2250 ρατιὶἱ
510 2165 604 2226 Lecti.
622 2162 654 2224 in
666 2164 716 2225 ed.
728 2161 846 2225 Gener.
857 2169 891 2225 et
905 2162 1020 2245 Ματηο
1033 2161 1212 2246 commeta
1220 2162 1321 2224 Jonas.
1331 2179 1400 2243 qaae
1411 2169 1520 2224 temen

404 2264 449 2327 ici
462 2263 581 2326 carceri
591 2262 624 2322 ll
637 2262 743 2344 optimi
750 2261 916 2344 prophete,
932 2263 986 2345 qai
1001 2262 1030 2324 οἱ
1032 2261 1241 2345 famulentur,
1257 2262 1410 2344 iecerunt,
1420 2262 1518 2343 quasi

405 2363 519 2446 legerit
533 2361 553 2424 ἃ
568 2364 597 2424 ol
616 2366 766 2442 προφῆται
786 2363 941 2441 ἀγνοοῦσι,
957 2361 1062 2424 Rufin.
1109 2361 1241 2426 Omittit
1259 2361 1363 2425 locum
1380 2362 1517 2446 Niccpl.

406 2462 527 2527 Nostra
546 2461 642 2526 lectio
666 2463 683 2541 ἡ
703 2466 849 2544 προφῆτις
871 2461 905 2524 in
921 2462 1181 2546 Clrietoplorseni
1200 2465 1295 2526 Laoc.
1310 2467 1412 2525 extat.
1459 2462 1518 2526 In-

407 2564 504 2649 signis
519 2564 587 2627 haee
603 2584 715 2627 vocum
730 2565 746 2625 ό
762 2562 914 2643 προφήτης
928 2569 963 2626 et
981 2563 999 2641 ἡ
1019 2567 1164 2642 προφῆτις
1178 2561 1372 2647 permutatio
1391 2562 1434 2625 ab
1450 2563 1517 2627 ita·

407 2664 505 2727 cismo
529 2662 742 2726 recentiorum
768 2663 952 2725 Graecorum
976 2660 1095 2725 avitam
1121 2660 1415 2744 pronunciationem
1442 2684 1515 2725 eor-

407 2763 621 2848 rumpentium
636 2760 809 2826 derivanda
828 2766 887 2838 est,
903 2782 975 2823 cum
990 2767 1160 2845 utrumque
1175 2761 1330 2847 Prophetis
1343 2761 1518 2847 legeretur.

410 2865 512 2926 Porro
529 2864 572 2927 ad
596 2864 726 2925 σννόντα
749 2861 989 2945 intelligendum
1011 2884 1080 2925 esse
1103 2863 1175 2942 αιἰτῆ
1199 2863 1320 2927 scillcet
1343 2863 1386 2926 ad
1408 2863 1523 2943 ἀγνοεῖ

409 2969 544 3028 τοιοῦτον
558 2965 631 3026 ὄντα
644 2983 702 3045 per
716 2983 750 3024 se
764 2969 866 3044 patet.
888 2961 1020 3026 Srsoru.
1058 2962 1107 3027 At
1121 2962 1192 3028 vide
1207 2962 1396 3027 delectione
1410 2964 1427 3024 ὀ
1442 2989 1519 3044 προ-

410 3065 504 3146 φῆτης
523 3071 590 3128 not.
607 3083 703 3146 supra
722 3063 765 3126 ad
778 3062 798 3123 l.
819 3082 866 3125 ιι.
882 3085 913 3146 p.
929 3065 1003 3144 469.
1047 3063 1251 3148 Opinaverim
1265 3064 1393 3148 quidem
1408 3071 1520 3128 ortam

410 3187 479 3229 esse
494 3166 576 3229 hanc
595 3185 746 3248 generum
768 3161 981 3226 differentiam
997 3184 1037 3226 ex
1051 3185 1099 3236 eo,
1116 3165 1201 3247 quod
1220 3165 1410 3249 Apollonius
1427 3186 1518 3229 reve-

410 3267 556 3341 lationes,
578 3287 634 3328 seu
657 3263 816 3341 vaticinia,
838 3263 1047 3347 prophetissae
1071 3264 1236 3347 cujusdam
1259 3265 1516 3343 Montanistieae,

411 3368 451 3431 dc
463 3366 577 3449 quibus
591 3365 660 3449 agit
669 3363 868 3448 Epiphanius
879 3365 912 3427 in
921 3363 1099 3428 Hoerceilm
1110 3387 1217 3431 ταντα.
1229 3372 1262 3429 ct
1277 3387 1364 3428 xux.
1374 3366 1406 3428 in
1418 3388 1518 3449 opere

411 3487 469 3529 suo
483 3462 678 3526 adduxisset.
723 3461 872 3525 Adnotat
889 3483 963 3525 vcro
982 3462 1021 3526 el.
1038 3462 1227 3527 Heinichen.
1242 3466 1284 3529 ad
1298 3465 1330 3529 h.
1341 3464 1362 3528 l.
1391 3464 1519 3531 “Vera

412 3575 432 3603 “
446 3565 506 3628 loci
522 3563 616 3627 lectio
632 3563 702 3626 vide
722 3584 764 3626 an
779 3564 832 3638 sit,
849 3563 866 3625 ὃ
884 3564 1057 3651 (δημοσίον)
1072 3569 1101 3630 ol
1115 3572 1264 3649 προφῆται
1286 3570 1321 3652 (ἰ.
1333 3591 1361 3632 e.
1383 3569 1518 3634 Monta-

280 3727 282 3732 .
411 3674 433 3706 ‘⁶
447 3664 554 3748 nistoe)
572 3663 648 3747 αὐτῷ
663 3662 879 3748 (Alexandro)
895 3663 989 3727 συνὸν
1010 3674 1136 3734 πολλοῖς
1158 3669 1239 3732 ἔτεσι
1261 3671 1435 3749 ἀγνοοῦσιν,
1451 3671 1516 3735 hoc

411 3775 433 3805 “
450 3787 565 3840 sensu3
589 3765 674 3847 quod
686 3763 845 3848 publicum
856 3763 1061 3843 tabularium,
1075 3767 1286 3851 quamvisper
1296 3768 1402 3831 multoc
1412 3790 1516 3835 annos

412 3868 514 3953 “jam
536 3888 608 3930 cum
627 3887 665 3929 eo
683 3866 893 3947 (Alexandro)
910 3873 997 3950 agat,
1013 3867 1047 3929 in
1067 3868 1135 3953 ejus
1155 3868 1272 3931 seelera
1291 3868 1433 3952 inquirat
1455 3873 1512 3935 &a

413 3974 433 4004 ‘⁶
448 3974 557 4031 tamen
579 3966 744 4049 prophetae
764 3966 911 4049 ignorare
931 3966 1110 4031 videntur.’'
1153 3968 1209 4030 Ad
1223 3968 1292 4032 haec
1311 3970 1395 4033 idem
1409 3970 1458 4034 vir
1473 3972 1513 4036 cl.

412 4069 446 4132 in
468 4067 679 4152 Suppemeeo
703 4069 860 4131 Nolanam
884 4068 980 4131 aliam
1003 4068 1062 4130 viri
1084 4069 1171 4133 docti
1192 4071 1408 4153 conjecturam
1425 4094 1514 4136 com·

412 4174 578 4244 memorat,
595 4168 611 4230 ὃ
627 4169 666 4253 τῷ
682 4168 819 4248 προφήτῃ
837 4169 1147 4249 συνὸν-ἀγνοοῦσιν.
1192 4169 1241 4235 At
1255 4193 1330 4235 vero
1344 4180 1517 4257 propterea

413 4292 477 4334 nou
490 4291 628 4343 moveor,
641 4276 679 4332 ut
693 4269 837 4333 codicum
848 4270 1032 4333 Graecorum
1049 4269 1240 4354 scripturam
1254 4272 1439 4356 relinquam,
1452 4276 1516 4339 etsi

414 4370 555 4454 Scaliger
569 4368 656 4432 istud
671 4368 764 4430 συνὸν
779 4369 821 4431 ad
834 4390 923 4433 oram
938 4368 1073 4452 exempli
1088 4369 1136 4431 sui
1153 4369 1304 4454 posuerit.
1350 4370 1516 4434 Invenisse

413 4472 540 4536 interim
555 4470 614 4535 sibi
625 4470 751 4534 videtur
765 4471 802 4534 ol.
815 4470 1113 4536 WernsdorfiusDe
1124 4472 1323 4535 Metronactis
1337 4472 1367 4553 ξ.
1384 4471 1446 4534 xiv.
1462 4493 1517 4536 res

413 4572 496 4636 male
510 4572 570 4636 eibi
581 4572 777 4637 cohaerentes
791 4573 824 4637 in
838 4573 925 4638 hisce
942 4572 1104 4656 Apollonii
1120 4573 1159 4636 de
1175 4573 1362 4637 Alexandro
1377 4579 1411 4636 et
1426 4573 1516 4637 The-
