3809 5650
933 685 1123 751 Memno.
1382 770 1386 777 Ι
1513 690 1578 757 ιιι

476 855 705 959 μάλιστατῇ
728 860 780 960 σῇ
803 857 977 961 βασιλείᾳ
1004 857 1123 937 α’ίσιον
1150 854 1301 957 ἀγαθόν.
1360 857 1480 938 ἔκτοτε
1506 858 1579 962 γὰρ

476 996 525 1072 εὶς
542 991 637 1091 μέγα
654 993 713 1069 καὶ
730 988 899 1094 λαμπρὸν
915 989 959 1071 τὸ
976 992 1166 1089 Ῥωμαίων
1182 990 1322 1099 ηὐξήθη
1341 991 1482 1095 κράτος·
1536 994 1579 1074 οὖ

476 1122 526 1202 σύ
555 1122 719 1227 διάδοχος
738 1126 908 1208 ἐὐκταῖος
937 1125 1089 1226 γέγονάς
1117 1159 1156 1204 τε
1188 1129 1248 1205 καὶ
1284 1126 1353 1231 ἴση
1388 1127 1480 1225 μετὰ
1514 1134 1579 1206 τοῦ

475 1256 612 1354 παιδὸς,
642 1257 852 1364 φυλάσσων
880 1263 945 1357 τῆς
970 1262 1163 1354 βασιλείοις
1189 1258 1257 1360 τὴν
1283 1261 1493 1366 σύντροφον
1519 1264 1579 1341 καὶ

449 1393 750 1499 ,ὃσνναρξαμένην
777 1394 982 1501 Αὐγούστῳ
1003 1396 1242 1501 φιλοσοφίαν·
1273 1393 1400 1494 ἦνκαὶ
1423 1401 1457 1476 oi
1482 1393 1574 1500 πρό·

476 1527 579 1628 γονοί
593 1562 664 1607 σου
681 1525 772 1630 πρὸς
790 1535 867 1612 ταῖς
885 1528 1019 1613 ἀλλοις
1043 1531 1249 1632 θρησκείαις
1276 1532 1461 1628 ἐτίμησαν.
1518 1531 1578 1610 καὶ

475 1670 580 1741 τοῦτο
608 1662 783 1764 μέγιστον
813 1661 1003 1765 τεκμήριον
1031 1671 1097 1742 τοῦ
1121 1661 1213 1765 πρὸς
1239 1666 1377 1765 ἀγαθοῦ
1404 1661 1469 1743 τὸν
1496 1664 1574 1743 καθ

476 1796 568 1894 ἡμᾶς
594 1795 707 1897 λόγον
731 1796 965 1896 σννακνάσν
987 1801 1032 1901 ni
1057 1803 1178 1881 καλῶς
1195 1797 1377 1903 &abab
1393 1797 1577 1902 βασιλέα

475 1932 514 2008 ἐκ
531 1939 595 2009 τοῦ
612 1929 723 2030 μηδὲν
742 1938 886 2037 φαῦλον
903 1931 976 2013 ἀπὸ
994 1936 1058 2031 τῆς
1076 1931 1292 2033 Αὐγούστου
1319 1934 1431 2034 ἀρχῆς
1455 1932 1574 2010 ἀπον-

431 2067 595 2161 ιοτῆσαι,
624 2064 725 2143 ἀλλά
754 2067 960 2149 τούναντίον
990 2064 1133 2146 ἅπαντα
1168 2062 1320 2167 λαμπρά
1354 2067 1413 2143 καὶ
1450 2062 1577 2168 ἔνδοξα

474 2196 565 2276 κατά
588 2197 652 2282 τάς
677 2197 823 2278 πάντων
851 2199 966 2303 εὐχάς.
998 2198 1101 2297 μόνοι
1127 2196 1274 2277 πάντων
1301 2196 1576 2280 ἀναπεισθέντες

475 2329 543 2410 ὐττά
572 2365 678 2410 τινων
707 2330 905 2427 βασκαίνων
942 2333 1152 2435 ἀνθρώπων,
1189 2332 1253 2411 τὸν
1290 2334 1368 2410 καθ
1407 2331 1500 2429 ἡμᾶς
1537 2334 1576 2410 ἐν

474 2469 628 2570 διαβολῇ
655 2470 885 2564 καταστῆσαι
912 2464 1027 2567 λόγον
1053 2465 1241 2566 ἠθέλησαν
1269 2466 1396 2567 Νέρων
1419 2468 1478 2544 καὶ
1500 2474 1576 2545 Δο-

474 2597 649 2695 μετιανός·
697 2600 761 2706 ἀφ’
799 2596 850 2677 ὧν
887 2601 945 2677 καὶ
981 2599 1024 2678 τὸ
1061 2604 1125 2698 τῆς
1161 2600 1407 2703 συκοφαντίας
1449 2598 1576 2707 ἀλόγῳ

430 2778 465 2839 15
475 2735 646 2840 σννηθείᾳ
662 2739 744 2838 περὶ
761 2733 843 2819 τούς
861 2734 1040 2820 τοιούτους
1057 2738 1184 2838 ῥυῆναι
1201 2734 1410 2835 συμβέβηκε
1428 2737 1574 2840 ψεῦδος.

475 2866 574 2947 ἀλλά
606 2867 672 2968 τὴν
703 2870 843 2949 ἐκείνων
879 2870 1028 2971 ἄγνοιαν
1062 2875 1095 2950 οὶ
1132 2873 1193 2950 σοὶ
1230 2871 1390 2964 εὐσεβεῖς
1425 2869 1575 2971 πατέρες

476 3003 796 3105 ἐπηνωρθώσαντο·
856 3003 1035 3086 πολλάκις
1052 3010 1204 3086 πολλοῖς
1223 3001 1486 3107 ἐπιπλήξοντες
1509 3004 1571 3102 ἐγ-

475 3135 637 3240 γράφὼς,
665 3135 746 3216 ὅσοι
773 3140 853 3239 περὶ
882 3138 1019 3215 τούτων
1051 3138 1256 3238 νεωτερίσαι
1286 3133 1507 3235 ἐτόλμησαν.
1537 3139 1575 3215 έν

475 3427 530 3486 mis
543 3426 730 3486 incrementis
744 3437 829 3486 aucta
841 3437 886 3485 est
896 3428 1000 3504 majes-
1051 3426 1105 3485 lica
1122 3445 1159 3483 sx
1178 3425 1266 3483 animi
1289 3425 1435 3483 sententia
1447 3438 1575 3503 votoque

428 3517 520 3577 notas
544 3508 658 3585 imperii
684 3506 828 3564 Romani:
858 3508 942 3582 eujus
966 3518 999 3566 tu
1050 3506 1180 3563 omnium
1208 3506 1403 3583 contigerunt.
1445 3504 1507 3562 Soli
1537 3526 1574 3564 ex

475 3586 558 3645 heres
571 3607 605 3645 ao
618 3606 774 3655 suooessor,
784 3586 1000 3664 adspirantibus
1050 3586 1185 3644 omuibus
1211 3584 1293 3643 Nero
1315 3605 1348 3644 aa
1375 3584 1573 3654 Domitianus,

475 3666 605 3723 omnium
633 3666 710 3724 notis
737 3666 850 3745 potitus
877 3685 917 3731 es,
946 3686 999 3743 po.
1049 3665 1255 3723 malevolorum
1283 3662 1473 3741 quorumdam
1504 3684 1574 3723 oon-

475 3746 614 3821 tierisque
628 3744 763 3823 deinceps
774 3764 832 3804 una
842 3764 908 3804 cnm
921 3744 998 3816 filio,·
1049 3744 1122 3803 siliis
1131 3744 1255 3809 inducti,
1265 3744 1432 3821 religionem
1445 3755 1574 3802 nostram

474 3823 603 3882 simodo
621 3835 727 3884 sectam
747 3826 826 3883 illam
847 3845 911 3901 quae
931 3843 998 3882 eum
1049 3824 1194 3882 criminari
1208 3824 1393 3881 studuerunt.
1423 3821 1453 3878 A
1468 3823 1574 3898 quibus

427 3923 464 3983 ²5
475 3900 597 3981 imperio
623 3905 755 3974 educata,
783 3913 813 3963 et
840 3923 907 3962 oum
932 3902 998 3961 Au.
1049 3902 1185 3981 deinoeps
1198 3902 1271 3960 falsa
1284 3901 1335 3959 illa
1348 3901 1500 3959 adversum
1520 3922 1574 3960 nos

474 3994 562 4060 gusto
596 3983 684 4042 simul
718 3984 853 4043 inchoata
885 3994 939 4051 est,
967 3998 998 4043 et
1048 3981 1193 4040 calumnia
1216 3981 1344 4039 manavit
1369 3980 1406 4039 ad
1430 3992 1572 4058 posteros,

474 4081 560 4137 quam
569 4063 692 4138 majores
700 4064 744 4120 tui
755 4082 882 4121 unacum
894 4063 998 4121 ceteris
1046 4071 1081 4119 ut
1106 4081 1168 4117 mos
1192 4071 1237 4117 est
1259 4060 1350 4136 vulgi,
1378 4060 1486 4135 absque
1512 4058 1574 4117 ullo

473 4141 663 4218 religionibus
676 4140 840 4207 coluerunt,
857 4143 933 4200 tueri
947 4162 997 4200 se·
1043 4139 1156 4215 judicio
1170 4139 1337 4214 hujusmodi
1355 4139 1520 4196 rumoribus
1538 4139 1571 4196 li-

474 4219 517 4278 lis.
561 4220 653 4278 Porro
675 4222 844 4298 religionem
869 4232 997 4279 nostram
1047 4219 1113 4277 dem
1135 4218 1281 4277 adhibere.
1323 4220 1433 4275 Verum
1453 4218 1572 4296 imperi·

426 4324 465 4379 30
473 4299 549 4358 bono
563 4300 681 4377 publico
691 4299 851 4359 adolevisse
862 4320 920 4358 una
930 4320 996 4359 cum
1048 4298 1117 4356 tiam
1144 4297 1259 4355 illorum
1288 4308 1476 4355 correxerunt
1501 4298 1572 4375 piis·

425 4382 427 4386 ’
474 4377 596 4457 imperio
618 4379 697 4456 quod
719 4379 843 4438 feliciter
868 4390 995 4459 ooeptum
1047 4378 1112 4436 simi
1135 4386 1270 4456 parentes
1292 4377 1346 4446 tui,
1368 4376 1573 4452 frequentibus

473 4457 578 4525 iuerat,
591 4458 664 4516 illud
676 4460 836 4517 certissimo
844 4479 996 4536 argumen·
1048 4457 1195 4536 rescriptis
1222 4455 1408 4534 objurgantes
1436 4476 1495 4523 eos,
1521 4458 1572 4533 qui

474 4548 504 4593 to
519 4548 581 4595 est:
603 4537 692 4609 Quod
709 4539 769 4614 jam
789 4538 858 4597 inde
878 4558 894 4596 a
916 4538 996 4616 prin·
1047 4536 1184 4595 adversus
1211 4534 1359 4613 religionis
1385 4545 1491 4593 nostre
1519 4537 1571 4595 ho·

473 4614 571 4694 cipeto
585 4617 716 4696 Augusti
726 4617 800 4674 nihil
810 4617 933 4686 adversi,
945 4617 997 4675 sed
1047 4617 1139 4675 mines
1152 4614 1221 4675 novi
1232 4614 1342 4692 aliquid
1356 4614 1450 4672 moliti
1462 4626 1570 4674 essent.

398 4728 402 4733 ·
427 4719 443 4776 3
447 4717 463 4777 5
474 4706 572 4756 eontra
586 4697 684 4755 omnia
697 4716 834 4775 prospera
843 4708 874 4756 et
884 4697 997 4774 magni.
1048 4697 1130 4756 luter
1144 4715 1217 4773 quos
1231 4715 1301 4753 avus
1312 4706 1382 4754 tuus
1394 4692 1570 4761 Hadrianus,
