3809 5650
527 688 749 753 EPISTULA
774 687 1100 752 VIENNENSIUM
1127 689 1183 752 ET
1208 689 1343 755 LUGD.
1420 694 1485 762 309

384 851 665 952 ἐστηρίχθησαν·
717 853 774 927 καὶ
812 856 844 926 οἱ
882 847 1226 947 συλλαμβανόμενοι
1262 851 1484 936 ἀδιστάκτως

385 982 606 1082 ὡμολόγουν,
626 982 714 1081 μηδὲ
733 983 868 1061 ἔννοιαν
895 983 1034 1086 ἔχοντες
1059 989 1266 1077 διαβολικοῦ
1291 993 1483 1084 λογισμοῦ.

429 1116 478 1179 ια’.
501 1119 624 1183 Τούτοις
644 1114 755 1195 μεταξὺ
776 1119 843 1179 τινὰ
867 1118 1050 1192 ἑπειπόντες,
1075 1123 1237 1196 (Eusebius
1264 1125 1373 1202 inquit)
1402 1119 1485 1187 αὖθις

386 1226 572 1306 ἐπιφέρουσι.

358 1365 373 1419 5
444 1334 549 1414 Μετὰ
576 1344 688 1414 ταῦτα
716 1334 759 1432 δὴ
793 1334 921 1413 λοιπὸν
952 1342 1001 1418 εἷς
1028 1343 1101 1415 πᾶν
1133 1335 1224 1421 εἶδος
1258 1342 1409 1442 διῃρεῖτο
1439 1337 1485 1417 τὰ

384 1469 560 1570 μαρτύρια
587 1473 650 1566 τῆς
684 1475 756 1564 (for.
781 1486 829 1546 διὰ
851 1487 911 1560 τῆς,
927 1484 990 1545 vid.
1006 1480 1089 1574 not.)
1122 1469 1247 1575 ἐξόδου
1275 1473 1401 1549 αὐτῶν.
1445 1474 1484 1550 ἐκ

385 1603 567 1708 διαφόρων
602 1605 674 1706 γάρ
710 1604 909 1707 χρωμάτων
947 1610 1005 1683 καὶ
1041 1607 1219 1684 παντοίων
1261 1609 1380 1684 ἀνθῶν
1423 1607 1485 1685 ἕνα

385 1737 582 1843 πλέξαντες
618 1738 810 1842 στέφανον,
843 1736 1096 1840 προσήνεγκαν
1133 1743 1183 1843 τῷ
1214 1741 1333 1840 πατρί.
1376 1742 1485 1844 ἐχρῆν

386 1878 473 1971 γοῦν
505 1869 587 1954 τοὺς
619 1871 798 1971 γενναίους
831 1869 1003 1969 ἀθλητὰς,
1032 1870 1196 1949 ποικίλον
1229 1872 1484 1971 ὑπομείναντας

342 2008 508 2106 ιοάγῶνα
537 2009 595 2085 καὶ
620 2004 787 2107 μεγάλως
815 2004 1040 2104 νικήσαντας,
1059 2009 1259 2100 ἀπολαβεῖν
1283 2006 1346 2084 τὸν
1369 2007 1485 2108 με’γαν

385 2145 450 2239 τῆς
477 2142 684 2245 ἀφθαρσίας
711 2139 904 2245 στέφανον.
936 2142 956 2218 5
983 2140 1048 2238 μὲν
1076 2141 1137 2219 οὖν
1158 2140 1350 2244 Μάτουρος
1378 2146 1436 2221 καὶ
1464 2145 1484 2222 5

388 2269 550 2372 Σάγκτος
575 2277 633 2350 καὶ
657 2273 680 2370 ἡ
706 2275 889 2352 Βλανδίνα
916 2277 973 2352 καὶ
986 2271 1171 2357 Ἀτταλος
1196 2275 1328 2375 ἤγοντο
1355 2277 1413 2354 ἐπὶ
1439 2273 1486 2354 τὰ

387 2407 492 2507 θηρία
511 2411 559 2489 εἰς
577 2406 618 2484 τὸ
638 2405 822 2504 δημόσιον,
839 2410 897 2485 καὶ
916 2413 963 2489 εἰς
987 2405 1029 2485 τὸ
1054 2405 1172 2485 κοινόν
1191 2414 1263 2485 τῶν
1288 2410 1399 2488 ἐθνῶν
1423 2412 1487 2506 τῆς

387 2539 643 2639 ἀπανθρωπίας
677 2539 802 2635 θεάμα·
844 2542 1002 2638 ε’πίτηδες
1034 2545 1097 2637 τῆς
1134 2547 1206 2618 τῶν
1246 2547 1487 2645 θηριομαχιῶν

344 2700 376 2759 ¹5
390 2670 522 2772 ἡμέρας
541 2668 599 2750 διά
624 2667 706 2753 τοὺς
735 2671 922 2773 ἡμετέρους
950 2673 1142 2771 διδομένης.
1170 2677 1228 2750 καὶ
1256 2674 1276 2749 5
1304 2673 1369 2770 μὲν
1395 2673 1483 2752 Md-

388 2839 512 2904 τουρος
532 2808 588 2884 καὶ
607 2805 627 2882 5
647 2803 809 2904 Σάγκτος
828 2805 1095 2910 αὖθιςδιῄεσαν
1113 2808 1151 2884 ἐν
1177 2810 1228 2912 τῷ
1257 2805 1488 2916 ἀμφιθεάτριρ

390 2938 448 3016 διὰ
474 2938 596 3037 πάσης
624 2937 819 3034 κολάσεως,
848 2942 895 3021 ὡς
923 2938 1032 3038 μηδὲν
1063 2939 1158 3023 ὅλως
1191 2937 1486 3042 προπεπονθότες·

388 3079 534 3170 μᾶλλον
562 3071 599 3150 δὲ
628 3075 676 3155 ὡς
698 3069 757 3150 διά
782 3072 958 3152 πλειόνων
976 3074 1044 3171 ἤδη
1072 3070 1217 3173 κλήρων
1244 3072 1489 3167 ἐκβεβιακότες

390 3205 453 3285 τόν
471 3209 679 3303 ἀντίπαλον,
699 3208 755 3285 καὶ
775 3211 854 3308 περὶ
873 3215 936 3286 τοῦ
955 3205 1139 3311 στεφάνου
1158 3207 1266 3285 αὐτοῦ
1284 3204 1348 3284 τὸν
1366 3209 1489 3307 ἀγῶνα

344 3430 560 3506 nocontigerat,
576 3430 600 3487 is
614 3429 710 3488 statim
730 3430 837 3506 ubsque
855 3429 915 3487 ulla
964 3429 1068 3487 toriam
1086 3428 1256 3495 retulerant,
1271 3429 1413 3507 insignem
1433 3430 1489 3489 im.

390 3510 575 3568 cunctatione
592 3509 794 3576 confitebatur,
809 3530 846 3567 ne
865 3530 913 3567 co·
964 3509 1149 3567 mortalitatis
1165 3528 1299 3566 eoronam
1314 3510 1488 3588 acciperent.

389 3589 530 3666 gitatione
539 3589 656 3664 quidem
666 3598 751 3647 tenus
761 3589 912 3647 consilium
965 3589 1104 3646 Maturus
1119 3588 1208 3666 igitur
1227 3599 1257 3646 et
1277 3589 1401 3647 Sanctus
1422 3610 1488 3648 cum

390 3688 423 3725 se
451 3669 663 3744 suggestionem
688 3668 838 3726 Damonis
861 3669 912 3727 ad·
967 3667 1111 3725 Blandina
1132 3678 1163 3725 et
1187 3667 1291 3725 Attalo
1315 3668 1395 3726 ducti
1419 3681 1490 3727 sunt

284 3748 286 3751 ’
389 3747 519 3805 mittens.
965 3747 1001 3805 ad
1017 3749 1121 3805 bestias
1135 3747 1166 3803 in
1180 3747 1436 3825 amphitheatrum,
1451 3747 1489 3806 ad

344 3856 378 3911 25
428 3850 469 3887 11.
489 3833 583 3888 Paucis
596 3833 691 3888 deinde
702 3835 853 3905 interjectis,
866 3836 914 3889 ite-
965 3825 1314 3960 publicumspectaeulum
1324 3826 1489 3884 inhumani.

390 3921 451 3956 rum
462 3902 519 3956 haec
532 3904 685 3974 subjiciunt.
966 3906 1034 3962 tatis
1054 3905 1134 3981 genti
1147 3906 1225 3960 ium:
1249 3904 1370 3981 praebito
1389 3904 1425 3962 de
1443 3906 1489 3962 iu·

432 3982 491 4039 His
511 3983 552 4040 itn
572 3985 670 4059 gestis,
692 3982 840 4056 inquiunt,
864 3984 913 4042 de·
966 3984 1076 4040 dustria
1103 4002 1257 4040 munerum
1291 3981 1339 4039 die
1370 3994 1489 4061 propter

391 4061 489 4138 inceps
507 4061 635 4138 ipsorum
655 4064 792 4140 martyria
812 4063 843 4119 in
865 4084 914 4120 va.
965 4072 1088 4119 nostros.
1133 4062 1174 4118 Et
1205 4061 1342 4119 Maturus
1370 4062 1489 4138 quidem

391 4140 447 4197 rias
467 4140 570 4197 mortis
591 4141 700 4217 species
721 4142 814 4198 divisa
834 4151 913 4200 sunt.
965 4161 997 4198 ae
1023 4141 1148 4199 Sanctus
1174 4159 1275 4197 rursus
1302 4141 1400 4197 omnia
1427 4151 1487 4199 tor·

342 4227 381 4282 30
393 4219 440 4275 Ex
462 4219 541 4275 omni
560 4220 669 4297 quippe
687 4223 791 4278 florum
809 4239 915 4296 genere
964 4230 1128 4277 mentorum
1142 4238 1249 4295 genera
1263 4219 1292 4274 in
1308 4219 1488 4296 amphithea-

391 4298 569 4373 diversisque
615 4298 759 4358 coloribus
799 4299 913 4356 unicam
965 4310 1011 4356 tro
1032 4300 1192 4362 subierunt,
1208 4298 1289 4373 quasi
1311 4297 1384 4362 nihil
1403 4311 1489 4362 autea

392 4388 662 4435 texentescoronam
672 4378 829 4437 beatissimi
838 4398 914 4435 mar.
965 4378 1093 4455 perpessi
1128 4386 1234 4435 essent.
1291 4376 1355 4434 Aut
1390 4378 1488 4456 potius

391 4466 480 4533 tyres‚
491 4456 556 4513 Deo
568 4457 649 4513 Patri
658 4458 838 4516 obtulerunt.
862 4458 913 4514 [Ε.
965 4457 1046 4533 quasi
1062 4457 1178 4514 athleta
1193 4457 1242 4532 qui
1257 4455 1358 4514 multis
1368 4457 1430 4532 jam
1444 4458 1488 4514 vi.

391 4555 481 4611 quum
496 4556 564 4594 saue
573 4548 634 4595 erat
645 4549 679 4596 ut
690 4537 838 4595 fortissimi
848 4536 913 4594 ath.
964 4537 1046 4594 cibus
1069 4536 1263 4594 adversarium
1292 4547 1487 4613 superassent,

343 4614 467 4682 351etae,
499 4615 549 4691 qui
583 4616 737 4695 multiplex
768 4626 914 4674 certamen
965 4626 995 4673 et
1013 4615 1049 4673 de
1068 4634 1174 4673 corona
1195 4614 1257 4692 ipsa
1273 4614 1334 4690 jam
1356 4615 1487 4673 decerta-

391 4695 549 4760 subierant‚
573 4707 660 4773 atque
689 4696 830 4772 insignem
854 4695 912 4752 vic·
965 4705 1039 4762 rent,
1065 4714 1164 4752 rursus
1189 4705 1327 4751 consueta
1351 4694 1412 4752 illic
1437 4693 1486 4752 ila·
