3809 5650
461 693 505 757 62
849 691 1205 757 ANNOTATIONES

461 861 549 924 rudis
574 881 641 923 erem
665 860 716 932 eit,
741 880 804 921 non
830 861 972 939 ἀκεραίως
1000 861 1186 944 incompto,
1211 880 1339 943 cyneae.
1385 861 1441 924 Ita
1467 860 1564 945 paulo

462 970 547 1037 ante,
563 971 597 1024 ut
611 960 743 1045 deeipw
757 961 905 1024 rudiores.
951 961 1086 1024 Fnouro
1105 983 1227 1023 nucleus
1246 962 1289 1024 ad
1304 962 1469 1026 Ireuaeuru.
1514 961 1564 1025 Ut

462 1063 587 1147 legatur
610 1062 671 1126 hoe
696 1062 765 1125 loeo
787 1061 924 1141 ἀκέραιος
953 1062 1005 1139 ὢν,
1029 1063 1108 1126 scite
1130 1062 1254 1126 monuit
1277 1063 1325 1127 vir
1350 1063 1561 1138 doctissimus,

459 1165 589 1248 jamque
611 1164 732 1249 aliquot
755 1185 856 1227 annos
874 1163 1041 1248 episcopus
1060 1163 1280 1238 Londinensis,
1296 1164 1329 1227 in
1345 1164 1432 1229 Lete.
1449 1165 1561 1227 Recen-

391 1270 398 1279 ’
462 1268 553 1341 emm,
568 1268 617 1331 cui
635 1289 749 1331 nomen
769 1267 829 1330 rra
846 1266 1011 1349 Quancrly
1025 1266 1159 1339 Reoiera
1178 1266 1247 1330 Vol.
1264 1268 1294 1330 1.

992 1468 1042 1538 ΙΙ.

508 1631 694 1714 Ibid.l.19.
720 1630 894 1693 Suraaros
918 1629 1033 1715 noers]
1059 1628 1149 1692 Idem
1171 1651 1256 1705 sane,
1273 1630 1363 1717 eujus
1380 1630 1481 1694 simile
1501 1631 1564 1694 dic-

464 1742 535 1798 tum
552 1731 710 1817 allegatur
725 1731 757 1793 in
775 1730 936 1795 Prooemio
950 1730 1023 1794 libri
1039 1732 1068 1794 1.
1114 1732 1272 1794 Gnamus
1287 1732 1329 1794 ad
1344 1732 1507 1796 Ireuaeum.

507 1834 592 1898 Ibid.
607 1832 627 1895 l.
642 1853 693 1898 20.
714 1831 902 1895 veritatem:
928 1833 970 1895 In
988 1832 1050 1896 Dei
1070 1832 1166 1915 lacte]
1203 1831 1256 1896 Sic
1280 1833 1350 1896 cod.
1367 1833 1563 1897 Claromont.

461 1935 582 2009 melius,
598 1935 632 1997 ni
645 1933 747 2005 fallor,
764 1954 861 2016 quam
875 1934 973 1997 ceteri
985 1959 992 1997 :
1017 1934 1180 1999 Veritatem
1190 1936 1260 1999 Dei.
1272 1936 1375 1999 Lacte
1422 1935 1486 1999 Per
1500 1935 1563 1998 Dei

461 2037 511 2101 lae
522 2034 671 2120 intelligit
682 2035 780 2098 verba
791 2034 968 2113 Catholica,
979 2035 1093 2120 quibus
1108 2035 1224 2100 erroris
1238 2058 1374 2121 gypsum
1388 2037 1564 2101 miscebant

462 2136 614 2203 haeretiei.
674 2136 817 2219 Gypsum
845 2134 929 2198 enim
959 2157 1099 2220 praesens
1129 2158 1284 2201 venenum
1316 2138 1434 2202 habere
1471 2139 1565 2202 docet

464 2239 587 2304 Plinius
602 2237 656 2302 lib.
668 2235 773 2298 xxxvi.
790 2257 859 2320 cap.
874 2257 924 2315 24.
972 2238 1111 2321 Conjicit
1124 2238 1263 2303 Grabius
1277 2239 1359 2303 hanc
1374 2239 1565 2303 sententiam

463 2343 506 2406 ad
528 2339 703 2423 marginem
726 2359 746 2400 a
769 2337 917 2422 quopiam
938 2338 1145 2424 adscriptam,
1164 2340 1198 2402 iu
1220 2347 1347 2405 textum
1368 2341 1442 2405 inde
1463 2342 1563 2426 irrep-

464 2443 551 2507 sisse.
597 2441 660 2505 Sed
682 2440 766 2503 forte
788 2439 858 2523 ipsa
878 2442 975 2505 verba
997 2449 1071 2505 sunt
1093 2441 1216 2526 antiqui
1239 2442 1442 2528 illiusquam
1464 2444 1564 2508 tacito
1655 2446 1662 2455 '

464 2544 590 2609 nomine
605 2564 688 2626 saepe
703 2541 820 2625 allegat
837 2541 988 2606 Irenaeus.
1034 2545 1215 2607 Massuar.
1231 2545 1272 2607 ad
1287 2545 1374 2608 Irert.

988 2802 1061 2873 ΙΙΙ.

510 2952 593 3016 Ibid.
609 2953 629 3016 l.
645 2973 694 3038 23.
718 2955 734 3014 ὁ
755 2954 913 3031 Κρείσσων
928 2949 1026 3035 ἡμῶν]
1062 2948 1140 3029 Quis
1164 2948 1206 3012 sit
1226 2947 1278 3011 ille
1296 2948 1449 3032 antiquus
1468 2946 1565 3030 scrip

465 3060 527 3129 tor,
554 3076 648 3137 quem
676 3076 760 3138 saepe
788 3053 901 3116 laudat
927 3052 1080 3129 irenaeus,
1105 3051 1260 3114 hactenus
1286 3049 1479 3134 deprehendi
1503 3069 1566 3111 non

464 3155 579 3238 potuit.
626 3152 895 3218 Messanaittt.

981 3354 1047 3424 IV.

509 3496 546 3558 P.
557 3515 609 3577 49.
626 3496 647 3558 l.
662 3513 691 3560 2.
716 3496 857 3578 Propter
878 3494 955 3580 hoc]
981 3496 1025 3558 H.
1042 3518 1068 3558 o.
1085 3500 1257 3579 propterea
1279 3497 1364 3579 quod
1388 3495 1477 3559 Deus
1499 3495 1565 3579 pri-

464 3619 550 3661 mum
580 3597 742 3660 hominum
771 3602 939 3678 parentem
965 3618 1023 3680 per
1048 3596 1211 3661 Christum
1239 3604 1362 3661 aeterna
1388 3597 1567 3660 donaturus

464 3705 536 3764 crat
550 3699 663 3763 salute.
710 3697 843 3760 Interea
859 3695 1094 3760 Feuardentius
1113 3697 1172 3774 ait,
1188 3697 1418 3762 Tertullianum
1438 3697 1519 3761 libro
1534 3697 1565 3760 ii.

464 3801 615 3865 adversus
640 3797 839 3863 Marcionem
864 3800 904 3875 (c.
920 3796 987 3882 25.)
1010 3797 1094 3860 hunc
1118 3797 1233 3861 Irenaei
1254 3796 1358 3861 looum
1382 3798 1432 3861 his
1457 3798 1567 3882 paucis

464 3901 662 3967 contrahere.
715 3900 801 3962 Deus
823 3899 891 3962 ideo
913 3920 972 3962 rore
993 3899 1154 3963 maledicit
1173 3900 1392 3983 amardelam
1410 3910 1437 3964 et
1454 3900 1567 3976 Euesa,

464 4016 498 4070 ut
520 4002 717 4069 restitutionis
740 4000 926 4078 corsdidatoe,
948 4010 982 4063 ut
1003 4002 1181 4083 muscasioae
1202 4001 1361 4079 relevatos,
1380 4004 1457 4066 sicut
1478 4000 1568 4065 noch

464 4106 546 4170 dicit
559 4104 700 4188 armasti,
716 4102 801 4185 eujus
814 4101 897 4165 soluts
910 4102 1031 4164 omuino
1045 4100 1204 4185 deplorato
1218 4111 1285 4164 erat
1301 4103 1357 4165 &e

509 4207 593 4270 Ibid.
607 4206 626 4268 l.
640 4228 671 4289 3.
687 4204 742 4268 sod
765 4214 878 4267 terram
901 4203 936 4266 in
959 4200 1096 4284 operibus
1118 4202 1193 4285 ejus]
1223 4201 1335 4266 LXX.
1352 4202 1567 4282 ἐπικατάρατος

463 4309 482 4385 ἡ
497 4311 535 4387 γῆ
551 4308 585 4368 ἐν
598 4310 660 4370 τοῖς
674 4303 773 4383 ἔργοις
788 4327 853 4366 σου.

507 4405 589 4468 Ibid.
605 4405 627 4467 l.
643 4425 673 4482 4.
702 4404 851 4488 quoniam
875 4403 1080 4487 quidem-in
1101 4402 1259 4486 homine]
1295 4403 1393 4466 Istaee
1420 4399 1567 4485 perioche

464 4507 540 4570 mihi
558 4504 685 4588 quidem
703 4504 866 4568 continere
884 4504 1011 4567 videtur
1028 4525 1104 4567 vcra
1121 4507 1174 4566 τοῦ
1191 4504 1317 4585 ἀρχαίου
1336 4504 1454 4573 verba;
1480 4522 1566 4564 nam-

464 4628 524 4692 que
547 4605 622 4667 illud
637 4605 781 4688 qwreiom
796 4605 882 4688 apud
897 4611 1038 4668 voterem
1053 4604 1168 4667 Irenoei
1186 4603 1394 4687 interpretem
1414 4624 1472 4686 pro
1487 4601 1568 4687 quod

465 4707 538 4793 poni
553 4704 643 4769 solet.
