3809 5650
536 707 583 771 IN
608 707 748 771 urlsr.
772 705 990 770 VIENNEN.
1016 705 1072 769 ET
1095 704 1361 769 LUGDUNEN.
1432 703 1495 769 365

399 900 487 942 ιοιιιιι
504 900 681 963 perperam,
702 886 738 941 ut
759 877 923 941 Strothius
943 884 1045 953 notat,
1065 876 1190 939 addidit
1210 876 1306 939 verba
1324 877 1391 938 ἀλλ’
1409 877 1498 939 αὐτὸν

400 981 539 1057 ἑκένωσε,
554 982 674 1062 μορφὴν
689 983 796 1044 δούλου
810 982 926 1058 λαβών.

444 1083 482 1145 Ρ.
497 1082 601 1166 320.l.
619 1101 667 1166 13.
679 1079 874 1159 ἐπέπλησσον
889 1080 1010 1165 πικρῶς]
1028 1084 1135 1159 πικρῶς
1151 1080 1261 1160 ἔφερον
1272 1081 1315 1142 Μ
1316 1082 1348 1142 S.
1361 1081 1401 1142 N
1397 1080 1497 1164 orsob'.

401 1183 451 1246 De
474 1183 601 1268 reipsa
624 1182 769 1246 consulas
796 1181 1002 1244 Pearsonium
1027 1180 1147 1243 Vindia.
1175 1181 1278 1264 Ιρυαι.
1308 1182 1345 1244 Ρ.
1375 1182 1406 1245 ἱὶ.
1436 1182 1499 1245 fine

400 1306 470 1369 cap.
486 1284 529 1347 ix.
545 1307 576 1369 p.
596 1303 665 1365 115.
681 1284 735 1346 ubi
756 1283 879 1346 monuit
899 1282 947 1344 vir
967 1282 1175 1366 praestautiss.
1200 1283 1349 1345 adversus
1370 1282 1458 1346 dicta
1479 1303 1500 1345 a

400 1385 558 1448 nobilibus
577 1384 647 1449 istis
666 1384 896 1447 confessoribus
915 1385 956 1447 de
979 1383 1172 1467 martyribus
1192 1383 1256 1447 alia
1282 1392 1315 1447 et
1339 1384 1500 1468 praeoipua

400 1488 524 1551 ratione
539 1487 586 1551 ito
601 1487 779 1571 appellatis,
795 1486 876 1550 tales
893 1486 977 1548 viros
992 1508 1028 1547 aa
1043 1492 1136 1548 tanta
1156 1507 1214 1569 pro
1230 1486 1358 1550 Christo
1378 1506 1497 1570 passos,

399 1589 525 1654 etiamsi
540 1590 573 1652 in
587 1589 755 1654 tormentis
770 1611 832 1652 non
846 1587 1105 1663 obdormivmint,
1117 1608 1240 1670 semper
1254 1587 1296 1648 ab
1312 1586 1451 1672 antiquis
1466 1594 1499 1650 et

400 1691 515 1756 merito
529 1702 683 1774 martyras
697 1698 898 1773 nuncupatos
909 1689 1013 1763 fuisse,
1024 1711 1082 1751 nec
1094 1688 1288 1752 contrarium
1304 1688 1379 1770 quid
1394 1710 1434 1750 ex
1449 1687 1499 1750 his

401 1794 496 1857 dictis
506 1815 527 1857 a
538 1815 697 1877 quoquam
708 1793 812 1855 adhuc
825 1793 1002 1856 collectum.
1037 1790 1090 1854 lta
1101 1790 1159 1853 ille.
1196 1790 1298 1852 Porro
1311 1789 1343 1852 S.
1356 1788 1497 1872 Serapio,

401 1896 455 1979 qui
470 1896 530 1960 boc
544 1896 659 1960 saeculo
673 1895 781 1958 floruit
795 1896 944 1971 secundo,
960 1893 1096 1978 episcopi
1111 1892 1275 1978 cujusdam
1293 1892 1498 1975 subscriptio·

400 2019 483 2071 nem,
500 1997 595 2060 fidem
618 1997 693 2060 olim
716 1997 860 2073 confessi,
876 1995 1072 2059 conservavit
1092 1995 1124 2057 in
1146 1993 1280 2079 epistola
1303 1995 1344 2057 ab
1360 1993 1499 2057 Eusebio

401 2098 453 2163 lib.
471 2122 499 2163 v.
515 2100 598 2163 Hiar.
616 2121 685 2184 cap.
706 2121 753 2185 19.
771 2108 931 2184 excerpta,
943 2120 1007 2181 qua
1018 2098 1085 2182 ipse
1100 2120 1134 2161 se
1149 2098 1313 2182 episcopus
1324 2102 1498 2181 martyrem

402 2201 561 2285 appellot;
601 2201 748 2281 Αὐρήλιος
779 2201 922 2280 Κυρήνιος
950 2198 1060 2279 μάρτυς
1088 2201 1234 2280 έῤῥῶσθοι
1261 2202 1336 2279 ὑμᾶς
1364 2200 1498 2281 εὔχομαι.

403 2302 437 2366 S.
463 2305 644 2366 Sammoms
671 2303 867 2387 Fragmenta
892 2302 963 2366 vide
986 2302 1077 2365 infra.
1136 2301 1214 2365 Vide
1244 2311 1278 2365 et
1307 2301 1340 2365 S.
1365 2301 1500 2364 Lucum

402 2403 632 2490 Fragmentum
648 2406 678 2468 in
694 2406 743 2469 his
758 2405 967 2469 voluminibus
981 2405 1179 2469 collocatum.
1222 2404 1285 2467 Sed
1300 2410 1417 2481 tamen,
1434 2425 1500 2467 mo·

401 2514 497 2571 nente
505 2507 554 2571 vel
566 2508 734 2591 cypriano,
745 2507 798 2592 qui
813 2516 983 2589 ιυοιυγιυιιι
995 2505 1119 2569 nomine
1131 2505 1325 2570 confessores
1341 2485 1500 2590 appellare

401 2609 488 2686 solet,
511 2610 661 2691 Confessio
680 2610 836 2672 scordium
854 2609 961 2693 plcm'oe
982 2617 1033 2684 aa,
1048 2628 1106 2669 ιιοιι
1128 2608 1268 2670 caeritum
1281 2608 1352 2690 jam
1373 2630 1497 2671 οονουιν.

401 2711 452 2774 De
471 2712 595 2776 Unitotc
608 2712 752 2775 Ecclesia
767 2734 796 2795 p.
814 2729 883 2790 ¹¹7·
898 2710 948 2774 ed.
966 2709 1056 2772 Felli.
1102 2708 1147 2771 Et
1162 2708 1357 2791 temporibus
1373 2711 1499 2792 quidem

403 2813 632 2898 posterioribus
646 2821 773 2878 tantum
793 2812 1022 2877 confessoribus
1045 2810 1115 2884 illis,
1132 2810 1185 2894 qui
1210 2817 1313 2875 morte
1327 2811 1423 2875 fidem
1437 2820 1499 2876 tes-

402 2915 465 2979 tati
479 2923 595 2992 essent,
607 2923 784 3000 martyrum
799 2915 911 2979 titulus
926 2916 991 2978 fero
1006 2914 1196 2977 donabatur.

447 3019 485 3081 Ρ.
501 3039 575 3103 321.
591 3019 612 3082 l.
629 3039 660 3102 3.
676 3019 830 3103 ὁμόλογοι]
847 3018 1028 3098 ὁμολογητιιὶ
1044 3017 1115 3079 MS.
1131 3014 1271 3099 Norfolc.
1318 3015 1359 3078 In
1379 3035 1442 3077 uno
1459 3016 1500 3078 de

403 3121 511 3185 Mste
528 3122 716 3186 Florentiam
735 3121 833 3183 refert
852 3119 1031 3183 Gronovius
1050 3138 1178 3180 manum
1199 3116 1368 3180 secundom
1390 3115 1500 3180 fecisse

402 3222 660 3305 ὁμολογουμένως,
687 3223 719 3285 in
745 3223 847 3286 altero
868 3230 978 3285 autom
1002 3228 1113 3285 extare
1135 3216 1381 3299 ὁμολογουμένως
1403 3218 1498 3297 istud,

402 3326 458 3389 sed
472 3325 505 3389 in
519 3346 619 3409 marg.
631 3325 700 3408 ejus
715 3324 880 3388 lectionem
896 3324 1077 3403 ὁμολογηταὶ
1090 3322 1205 3386 offerri.

448 3426 530 3489 Ibid.
546 3426 565 3489 l.
584 3442 613 3507 7.
629 3427 726 3489 πάντα
740 3429 778 3489 τὰ
793 3427 878 3512 ἔθνη]
895 3424 992 3489 πάντα
1006 3426 1097 3489 abest
1117 3426 1158 3489 ab
1179 3424 1224 3487 ed.
1241 3423 1341 3508 Stapt.
1367 3424 1498 3487 Srnorrr.

404 3528 515 3611 Neque
539 3527 683 3611 agnoscit
707 3527 862 3614 Rufinam·
897 3550 1009 3613 neque,
1037 3535 1074 3591 ut
1096 3549 1178 3590 nunc
1206 3526 1305 3590 refert
1327 3526 1500 3601 Burtcnus‚

402 3630 488 3693 codd.
513 3632 589 3713 ch
614 3631 760 3693 Pcriciaa'
783 3637 840 3693 aut
854 3630 1038 3693 Formiae.
1084 3630 1245 3693 Omissum
1260 3636 1309 3692 est
1327 3632 1364 3691 τὰ
1384 3628 1417 3691 in
1437 3629 1499 3691 cod.

403 3732 542 3817 Norfolc.
585 3773 597 3794 ι

448 3835 528 3898 lbid.
552 3834 571 3896 l.
596 3854 627 3916 9.
653 3837 784 3918 ἐποίουν]
811 3840 964 3899 ποιοῦντες
988 3834 1157 3916 christoph.
1179 3834 1270 3895 [κου’.
1315 3831 1394 3893 Mox
1416 3831 1501 3914 apud

403 3938 537 4000 eundem
553 3937 643 3999 deest
658 3939 733 4001 τούς.
759 3936 893 3998 Srnoru.

448 4040 530 4103 Ibid.
547 4039 568 4102 l.
592 4058 636 4117 14.
653 4043 727 4100 πᾶσι
744 4040 800 4115 μὲν
819 4036 1039 4117 ἀπελογοῦντο]
1064 4034 1197 4095 Rufinus
1220 4032 1303 4094 hunc
1326 4030 1429 4091 locum
1455 4031 1502 4093 ita

403 4140 510 4204 vertit.
556 4139 729 4202 Florebant
748 4158 855 4213 οιυυος,
877 4136 1022 4197 nauticam
1044 4133 1232 4197 manabant.
1280 4130 1502 4214 Christophor-

402 4263 500 4304 sonus
520 4262 594 4303 vero
615 4247 743 4303 etanta
765 4238 853 4300 illum
870 4237 998 4320 Longus
1020 4236 1065 4298 sic
1088 4233 1291 4317 interpretari
1314 4232 1436 4307 maluit,
1453 4235 1502 4296 da-

391 4343 522 4425 saadere
536 4364 641 4417 ουιυοο,
658 4342 804 4404 minirum
818 4360 968 4403 οοουιονο.
1010 4338 1112 4416 Quam
1124 4333 1420 4418 interpretationem
1433 4357 1502 4417 pro-

402 4443 479 4507 bare
494 4466 557 4506 nou
573 4465 709 4527 possum.
755 4445 866 4527 Neque
882 4440 965 4504 onim
981 4439 1013 4501 in
1029 4440 1142 4502 Graeco
1158 4436 1274 4500 dicitur
1288 4437 1362 4515 ὑπὲρ
1382 4436 1503 4500 πάντων

403 4546 619 4627 ἀπελογοῦντο,
634 4547 689 4609 sed
712 4551 804 4608 πᾶσιν
824 4548 875 4608 ἀπ.
921 4542 985 4607 sed
1008 4563 1108 4624 neque
1130 4547 1287 4623 martyres
1308 4537 1352 4600 illi
1372 4544 1504 4601 crmctos

404 4647 473 4711 sine
499 4647 677 4711 discrimine
703 4647 927 4722 defendebant,
954 4644 1119 4710 haereticos
1148 4642 1276 4717 scilicet,
1307 4640 1441 4703 Judaeos
1470 4649 1504 4703 et

403 4747 560 4811 Gentiles.
606 4747 737 4810 Rectius
758 4748 866 4829 itaque
890 4746 1054 4810 Musculus
1074 4744 1180 4823 vertit,
1201 4741 1335 4807 onrnibcc
1357 4741 1504 4805 rationem
