3809 5650
518 716 569 779 ΙΝ
591 714 856 779 FRAGMENT.
879 713 1062 779 INOERTI
1086 711 1358 780 soulrronls.
1432 715 1496 778 413

441 884 524 948 Ibid.
545 884 610 948 Sed
629 891 664 948 et
683 884 894 968 scriptorem]
912 883 1062 967 Apostoli
1084 884 1192 960 verba,
1208 884 1291 947 Haeo
1311 881 1497 966 mpudens,

396 985 594 1070 evangelium
613 985 681 1068 ejus
700 985 866 1069 designare
883 983 952 1047 vult
971 993 1093 1049 auetor.
1139 994 1158 1021 “
1170 985 1270 1049 Haud
1294 984 1497 1048 destituimur

398 1096 419 1124 ‘⁶
435 1087 569 1164 indiciis,
585 1086 777 1170 posteriores
792 1107 860 1149 esse
880 1085 1032 1170 epistolas
1050 1086 1074 1148 J
1075 1086 1187 1151 oannis
1201 1085 1371 1170 evangelio,
1387 1092 1497 1149 aucto

398 1196 563 1270 “remque
583 1187 684 1251 nostri
710 1186 891 1271 fragmenti,
910 1186 1045 1270 antique
1063 1186 1197 1250 forsitan
1219 1186 1409 1250 instructum
1432 1195 1498 1250 tra-

400 1296 419 1323 “
434 1287 564 1362 ditione,
589 1286 731 1350 versibus
761 1306 852 1363 1—4.
877 1286 1019 1369 epistolae
1045 1286 1155 1371 primae
1180 1288 1223 1350 ad
1248 1286 1498 1350 confirmandam

398 1398 420 1425 “
436 1388 512 1452 dieti
530 1387 711 1472 Evangelioi
727 1387 964 1464 auctoritatem,
977 1409 1067 1451 usum
1083 1395 1226 1464 eatenus,
1237 1394 1394 1471 quatenus
1410 1386 1498 1470 Apo-

399 1498 422 1526 “
438 1488 539 1551 stolus
553 1486 620 1570 ipse
634 1486 684 1548 his
698 1486 801 1548 verbis
822 1487 863 1549 ad
879 1486 955 1550 illud
970 1509 990 1551 a
1004 1509 1038 1550 se
1054 1487 1206 1572 seriptum
1226 1486 1410 1572 respexerit.
1458 1486 1499 1548 ld

399 1599 419 1626 “
435 1590 519 1673 quod
539 1589 680 1672 profesto
700 1587 748 1651 ita
762 1587 931 1673 contigisse
946 1596 1093 1672 poterat;
1117 1610 1296 1673 quanquam
1314 1589 1382 1651 haeo
1402 1589 1499 1650 verba

401 1699 420 1727 “
437 1690 685 1772 (ἀπαγγέλλομεν
705 1691 788 1769 ὑμῖν)
810 1690 850 1752 de
864 1690 1037 1773 praedmato
1060 1690 1232 1774 Evangelio
1253 1688 1385 1772 intelligi
1407 1709 1497 1772 aeque

400 1802 420 1829 “
435 1791 587 1877 possint.”
609 1791 636 1854 F
638 1812 837 1852 uumnnmnn

444 1893 482 1955 P.
494 1911 569 1977 395.
584 1892 605 1955 1.
620 1911 670 1973 13·
686 1889 909 1975 perordinem]
924 1889 1005 1954 H.e.
1016 1890 1135 1967 ordine,
1146 1891 1304 1974 quomodo
1315 1889 1497 1953 melioribus

398 1994 582 2057 auctoribus
596 2013 665 2055 mos
684 1991 831 2054 seribere.
866 1992 929 2054 Sed
949 1991 1071 2074 pariter
1090 1998 1187 2074 atque
1202 1990 1253 2054 hio
1273 1991 1419 2075 seriptor,
1434 1990 1497 2054 lor-

400 2095 517 2157 mulam
532 2093 584 2156 vix
599 2093 731 2176 probam
741 2092 960 2155 'adhibuerunt
977 2091 1194 2156 Tertullianus
1206 2093 1255 2155 De
1266 2094 1401 2177 Spectas.
1428 2112 1498 2174 cap.

399 2214 431 2278 5.
469 2194 692 2277 Hieronymus,
708 2193 757 2255 De
784 2193 869 2256 Viris
888 2192 942 2255 Ill.
960 2215 1029 2277 cap.
1043 2212 1073 2274 9.
1108 2192 1248 2277 Optatus
1269 2193 1317 2255 De
1336 2191 1501 2256 seleman

400 2295 554 2358 Derane.
572 2294 625 2358 lib.
640 2293 683 2356 iii.
700 2315 730 2377 p.
744 2296 794 2357 62.
811 2300 844 2357 et
858 2316 889 2377 p.
902 2295 954 2373 64.
970 2294 1019 2357 ed.
1036 2292 1154 2377 Dupin.
1170 2293 1286 2377 aliique
1301 2293 1481 2377 seriptores.

447 2396 529 2458 Ibid.
545 2396 565 2457 l.
582 2416 630 2472 14.
647 2395 734 2458 Acta
748 2400 856 2457 autem
872 2394 1012 2457 omnium
1026 2394 1242 2477 apostolorum
1257 2395 1316 2457 sub
1336 2416 1399 2457 uno
1420 2393 1501 2456 libro

402 2497 522 2581 scripta
544 2504 629 2560 sunt.
676 2496 779 2559 Lucas
801 2496 921 2580 optime
943 2497 1117 2580 Theophile
1141 2497 1391 2580 eomprehendit,
1416 2496 1500 2579 quia,

403 2597 477 2682 tra]
501 2598 560 2661 Ait
583 2595 799 2668 Freindaller;
829 2605 848 2631 “
861 2598 1056 2660 Numerosas
1078 2618 1187 2661 sensus
1209 2598 1350 2682 corrupti
1371 2598 1501 2661 lacunas

403 2706 423 2735 “
440 2698 510 2781 quis
524 2698 584 2760 hoe
598 2697 667 2759 loeo
679 2718 742 2759 non
758 2696 864 2759 videti
886 2698 935 2761 At
950 2697 1026 2780 quid
1040 2696 1171 2760 subsidii
1187 2698 1259 2760 huie
1275 2697 1395 2760 meloi'
1420 2696 1501 2761 Haeo

403 2798 464 2863 ille.
503 2798 565 2863 Sed
579 2799 696 2874 forsan,
712 2796 760 2861 vel
775 2796 872 2861 deleri
887 2805 1016 2882 oportet
1031 2798 1161 2869 verbum
1174 2807 1253 2873 sont,
1268 2798 1316 2862 vel
1331 2797 1438 2882 potius
1453 2797 1500 2861 iu-

403 2901 516 2964 terseri
529 2922 638 2964 vocem
659 2921 694 2963 ee
715 2906 788 2983 post
807 2900 926 2984 optime,
941 2899 1019 2964 item
1039 2900 1134 2963 soribi
1151 2899 1309 2984 Theophile
1327 2921 1385 2984 pro
1411 2900 1502 2964 Theo-

397 3001 491 3088 psile.
511 3000 633 3065 Similia
641 3001 711 3064 istis
722 3002 762 3065 de
773 3003 864 3064 Luea
872 3002 923 3065 hio
935 3000 1064 3066 traditis
1074 3001 1343 3084 HieronymusDe
1352 3000 1436 3064 Viris
1444 3001 1469 3063 Ι
1468 3000 1502 3065 lc.

404 3125 431 3166 o.
443 3119 470 3185 7.
481 3109 555 3186 post
564 3102 681 3165 Euseb.
693 3102 727 3164 iu
738 3102 825 3165 Hist.
838 3101 880 3165 iii.
891 3123 922 3181 4.
932 3102 1042 3175 habet,
1052 3101 1252 3185 Bouneima
1262 3102 1339 3165 sieut
1348 3101 1500 3177 audierm,

402 3203 547 3286 smpsit:
570 3205 653 3265 Aeta
667 3224 735 3265 vero
747 3202 958 3286 Apostolorum
971 3202 1050 3264 sicet
1063 3201 1191 3277 viderat,
1207 3201 1376 3285 composuit.
1407 3204 1504 3264 Actes
1525 3193 1527 3197 ¹

404 3304 622 3387 Apostolorum,
648 3303 695 3368 uit
716 3312 751 3367 et
771 3303 900 3387 llaymo
921 3302 1215 3377 Halberstsdensis,
1239 3323 1309 3385 quos
1328 3302 1392 3385 ipse
1411 3300 1505 3365 oeulis

404 3404 543 3487 inspexit,
555 3405 654 3467 Lesas
668 3404 839 3490 conposuit
860 3403 942 3466 Hm.
956 3401 1040 3466 Eeel.
1057 3401 1200 3465 Breoier.
1216 3401 1258 3465 iii.
1269 3424 1301 3482 4.
1339 3404 1503 3479 Ceterum,

405 3526 477 3567 eum
488 3504 602 3567 librum
613 3505 697 3568 huno
708 3526 844 3581 ssorum,
855 3504 907 3589 qui
920 3512 996 3568 ante
1009 3503 1101 3567 Pauli
1112 3503 1299 3587 martyrium
1311 3502 1504 3587 compositus

405 3613 464 3682 est,
485 3605 618 3669 totidem
641 3606 744 3670 verbis
768 3605 971 3689 produxisset
994 3604 1026 3667 in
1049 3604 1190 3689 Εμᾏαίοὰι
1215 3626 1274 3669 sua
1299 3605 1503 3689 Polycarpus,

406 3707 429 3768 J
431 3707 542 3769 oannis
555 3707 692 3790 apostoli
705 3707 887 3792 discipulus,
902 3708 933 3788 ξ.
948 3727 975 3769 r.
991 3705 1099 3770 eonfer
1113 3712 1146 3769 et
1159 3706 1189 3786 ᾗ.
1200 3708 1229 3768 6.
1245 3713 1358 3789 postea
1372 3706 1507 3772 eundem

406 3807 543 3891 amplexi
555 3814 639 3884 sunt,
653 3810 813 3892 Lueaequo
824 3807 1070 3891 adscripserunt,
1081 3812 1157 3869 ante
1167 3805 1320 3888 synodum
1332 3805 1505 3878 Nioaenam,

408 3908 557 3984 Irenaeus,
574 3907 718 3971 Clemens
741 3909 833 3971 Alex.
849 3906 1075 3981 Tertullianus,
1096 3904 1329 3987 Origenesque;
1353 3927 1371 3968 e
1393 3905 1507 3988 quibus

410 4009 550 4071 lrenaeus
564 4031 605 4072 ex
619 4010 679 4072 hoo
693 4009 774 4071 libro
792 4007 871 4083 solo,
886 4028 958 4090 quae
979 4006 1021 4070 sit
1035 4004 1262 4088 apostolorum,
1278 4004 1331 4088 qui
1346 4005 1508 4090 evangelia

408 4131 471 4171 non
496 4110 698 4193 seripserunt,
722 4108 879 4184 doetrina,
903 4106 1110 4191 probationes
1135 4126 1209 4168 sues
1233 4104 1370 4189 collegit,
1393 4104 1448 4167 lib.
1463 4105 1507 4169 iii.

409 4233 435 4274 e.
451 4229 500 4273 12.
545 4210 820 4291 Tertullianusque
834 4207 890 4283 ait,
906 4207 985 4270 lane
997 4207 1182 4290 scripturam
1196 4206 1249 4289 qni
1268 4226 1327 4269 nen
1347 4206 1507 4289 recipisset,

408 4332 462 4374 neo
475 4312 612 4395 Spiritus
626 4310 733 4373 Smwti
754 4330 811 4371 esse
825 4317 961 4391 possent,
976 4308 1031 4392 qui
1048 4306 1172 4370 medeam
1191 4306 1345 4391 Spisttmn
1364 4308 1510 4372 &aanor

402 4412 521 4492 possint
541 4432 695 4495 apnoseere
717 4406 894 4473 domitae
915 4407 1064 4481 missum
1089 4406 1142 4470 sed
1162 4426 1213 4470 nee
1234 4405 1386 4470 ecelesiam
1407 4406 1509 4488 desen·

409 4510 490 4587 dere,
505 4512 560 4595 qni
573 4510 703 4595 quoodo,
719 4520 745 4573 et
760 4507 866 4594 quidus
880 4506 1071 4571 incurrebatis
1084 4505 1255 4571 institutum
1268 4516 1310 4570 est
1323 4505 1375 4569 hoo
1388 4527 1509 4591 eorpus,

403 4609 536 4694 protare
556 4632 615 4675 non
636 4608 753 4674 meoet.
790 4610 840 4673 De
860 4610 990 4672 Proesor.
1010 4607 1124 4670 Horat.
1146 4628 1216 4693 oap.
1234 4625 1286 4673 22.
1331 4609 1433 4671 Porro
1454 4609 1510 4672 ad-

410 4709 513 4775 fertur
526 4712 587 4777 hoe
607 4733 697 4796 opus,
712 4716 843 4775 auotore
865 4709 993 4793 quidem
1007 4709 1076 4792 ejus
1095 4729 1159 4773 non
1178 4708 1351 4789 nominato,
1367 4717 1404 4774 ut
1418 4731 1511 4786 'sacer
