3809 5650
513 689 564 752 IN
588 689 987 754 EPIST.V1ENNEN.
1012 690 1075 752 ET
1102 691 1382 755 LUGDUNEN.
1440 693 1519 754 351.

448 858 484 919 P.
496 877 571 941 310.
588 857 609 920 l.
622 861 652 920 6.
669 859 822 944 ἐνεφόρει]
839 862 978 941 ἐνεφόρει
995 860 1066 924 Ood.
1085 861 1196 924 Castal.
1222 861 1356 925 Susurri.

447 956 531 1019 Ibid.
558 955 684 1042 ἔληγον]
711 958 825 1038 ἤλγουν
855 961 930 1023 MS.
962 960 1052 1024 Bodl.
1100 961 1191 1025 Nunc
1220 963 1312 1026 addit
1341 961 1505 1025 Burlonus

401 1059 485 1123 codd.
502 1059 587 1122 Mod.
604 1061 691 1122 Μαι.
710 1061 820 1124 Ferat.
846 1060 988 1142 Ἥλγουν
1012 1061 1202 1146 Νἱοορλοιμκ
1229 1086 1353 1147 quoque
1373 1063 1505 1139 invenit,

401 1161 455 1246 qui
468 1169 577 1225 tomen
590 1160 694 1224 locum
709 1161 753 1225 sic
767 1162 906 1239 refinxit,
921 1165 949 1225 ol
964 1165 997 1225 δὲ
1011 1168 1155 1227 τοσοῦτον
1169 1164 1283 1247 ἤλγουν
1298 1168 1336 1233 ὥς
1351 1167 1399 1229 καὶ
1419 1169 1505 1248 νικᾷν

400 1266 570 1342 βούλεσθαι
584 1263 637 1342 τὴν
649 1264 814 1342 ὑπομονὴν,
829 1266 878 1327 οἷο
888 1267 1073 1344 μαινόμενοι.

443 1365 526 1428 Ibid.
543 1364 562 1426 l.
576 1385 605 1441 o.
628 1364 818 1449 εἰσήκουσαν]
850 1366 963 1431 Posuit
984 1367 1110 1450 quidem
1135 1367 1289 1443 Valesius,
1309 1368 1445 1432 fortusse
1465 1391 1502 1434 ex

401 1467 528 1550 seriptis
542 1470 618 1542 suis,
634 1473 720 1529 certe
734 1488 806 1529 oum
819 1488 858 1530 eo
873 1468 1090 1531 consentiente
1105 1470 1199 1532 Moto
1211 1468 1348 1552 Norfolc.
1361 1469 1505 1547 ἤκουσαν,

401 1569 520 1632 sodex
542 1567 587 1630 cd.
612 1567 713 1651 &opt
739 1567 918 1646 εἰσήκουσαν
943 1576 1145 1634 revocantem
1173 1570 1352 1634 Strothium
1378 1577 1505 1635 secutus

401 1693 481 1734 sum.
527 1670 674 1734 Fimrent
699 1670 768 1746 hoc,
797 1679 881 1734 teste
906 1671 1061 1747 Burtono,
1086 1673 1172 1736 codd.
1203 1674 1279 1758 Itcy.
1306 1672 1453 1736 Parisioi
1471 1680 1505 1737 et

409 1773 542 1836 Μαῖαν.

446 1873 528 1936 Ibid.
543 1873 564 1936 l.
584 1893 627 1935 ιο.
643 1875 700 1952 μὲν
714 1873 779 1958 οὖν]
803 1873 907 1936 Abest
921 1874 975 1937 οὖν
989 1873 1031 1936 ob
1046 1873 1093 1937 od.
1112 1873 1214 1957 steph.
1232 1875 1364 1937 Sonoru.

445 1973 527 2038 Ibid.
543 1974 565 2036 l.
583 1994 630 2058 13.
655 1976 689 2036 ἐν
711 1980 772 2041 τοῖς
792 1975 997 2060 μσνομαχίοικ]
1021 1973 1132 2038 Codex
1155 1977 1238 2039 Μαι.
1262 1976 1349 2040 Med.
1365 1984 1398 2041 et
1420 1976 1502 2039 Fuk.

401 2073 521 2138 hebent
544 2078 768 2158 μονομαχίμοις.
792 2074 959 2140 Vnursms.
1005 2076 1117 2140 Addus
1143 2077 1218 2141 cod.
1243 2077 1318 2142 MS.
1344 2077 1442 2142 Sacil.
1470 2078 1504 2140 io

401 2175 544 2239 Bibliotl.
565 2175 654 2238 Βαάλ
677 2199 698 2239 ο
718 2198 781 2260 quo
803 2182 864 2242 τοῖς
886 2177 988 2241 abest.
1035 2177 1098 2241 Sed
1112 2185 1224 2262 posteo
1240 2200 1311 2263 pag.
1322 2199 1397 2264 315.
1418 2178 1503 2260 l.15.

401 2298 462 2340 vox
476 2279 668 2359 μονομαχίων
682 2285 782 2342 extet.
821 2277 994 2343 Habebunt
1008 2280 1104 2344 Loctt.
1124 2282 1251 2345 croton·
1262 2290 1295 2345 et
1306 2280 1369 2344 cod.
1383 2277 1502 2344 (lo-stell.

399 2381 574 2461 μοναρχίαις
588 2378 635 2442 vel
656 2383 854 2463 μοναρχείοις.
895 2381 1045 2444 Proxime
1065 2391 1139 2466 post
1162 2383 1239 2468 αὐτῷ
1262 2403 1320 2466 pro
1343 2381 1426 2445 αὐτοὶ
1440 2380 1502 2444 cod.

401 2481 539 2563 Norfhlc.

444 2583 481 2646 P.
504 2603 579 2668 311.
612 2584 631 2646 1.
662 2605 688 2646 1.
726 2587 801 2664 ιπιρ
836 2585 943 2669 aeci]
979 2588 1053 2665 nep
1089 2586 1172 2663 ἡμῶν
1204 2584 1370 2670 concepi.
1406 2586 1501 2649 σοι.
1622 2636 1625 2640 .

402 2685 532 2748 Smoru.
580 2686 659 2748 Mox
674 2685 794 2749 habent
809 2691 861 2749 τοῦ
875 2695 950 2750 ante
965 2691 1098 2767 Χριστοῦ
1112 2686 1196 2750 codd.
1216 2687 1250 2749 F
1250 2686 1403 2750 droelini.

446 2786 528 2851 Ibid.
544 2786 565 2849 l.
575 2806 606 2872 3.
630 2787 684 2866 τὴν
699 2789 856 2852 κοινωνίαν
871 2789 918 2851 ἀεὶ
939 2787 1015 2873 ἔχει]
1036 2787 1116 2852 (lum
1131 2786 1275 2853 voculam
1290 2788 1438 2868 Valesius
1457 2790 1504 2853 ἀεὶ

400 2889 577 2953 addidisset
591 2911 631 2952 ex
646 2888 807 2953 codicibus
828 2888 903 2965 suis,
919 2888 1023 2973 ipsum
1038 2888 1121 2952 enim
1140 2890 1186 2952 ἀεὶ
1206 2889 1357 2954 exhibent
1377 2888 1504 2975 plurimi

400 2990 616 3075 manuscripti,
633 2992 766 3055 eandem
781 2990 885 3054 minus
899 2997 986 3054 recte
1004 2989 1159 3076 expunxit
1181 2989 1354 3054 Strothius.
1400 2988 1519 3080 Supra⁸

399 3113 430 3176 p.
443 3114 517 3176 310.
532 3093 553 3155 l.
570 3113 617 3173 15.
644 3092 878 3171 ἐκβαλλομένων
900 3113 959 3176 pro
984 3090 1348 3170 recommemorent
1371 3090 1404 3153 in
1427 3091 1503 3155 MS.

400 3195 495 3277 Norf.
511 3215 532 3257 o.
546 3216 610 3277 quo
624 3193 679 3256 lin.
698 3195 745 3255 18.
762 3194 858 3256 αὐτῶν
872 3194 975 3258 obest.

443 3296 526 3359 lbid.
544 3295 564 3357 l.
578 3295 607 3357 8.
623 3298 663 3378 τῷ
678 3296 734 3372 μὲν
749 3298 861 3379 σκολιῷ
876 3295 958 3380 ὄφει]
986 3294 1113 3358 Profert
1127 3292 1187 3358 hoc
1201 3293 1271 3357 loco
1286 3294 1393 3356 Esoioe
1407 3292 1504 3356 verbo

399 3397 432 3460 in
447 3420 517 3480 cop.
530 3395 625 3459 xxvii.
642 3415 754 3458 comm.
774 3416 800 3457 ι.
845 3395 999 3480 Anglious
1014 3395 1172 3479 interpres
1187 3394 1292 3458 David
1307 3394 1502 3479 Dolrymple.

399 3497 454 3560 Ἐν
468 3501 502 3575 τῇ
517 3496 610 3580 ἡμέρᾳ
625 3499 722 3582 ἐκείνῃ
738 3494 871 3575 ἐπάξειὸ
888 3498 967 3564 Θεὸς
981 3497 1035 3576 τὴν
1049 3496 1200 3579 μάχαιραν
1211 3496 1265 3575 τὴν
1276 3499 1375 3578 ἁγίαν,
1390 3497 1438 3560 καὶ
1449 3496 1503 3574 τὴν

398 3598 543 3679 μεγάλην,
560 3600 608 3662 καὶ
623 3599 676 3677 τὴν
691 3601 818 3681 ἰσχυρὰν
834 3600 882 3663 ἐπὶ
896 3598 950 3663 τὸν
965 3599 1111 3679 δράκοντα
1127 3600 1200 3680 ὄφιν
1214 3600 1377 3679 φεύγοντα,
1390 3600 1439 3662 ἐπὶ
1450 3598 1504 3661 τὸν

400 3699 546 3779 δράκοντα
561 3703 633 3781 ὄφιν
648 3704 781 3765 σκολιόν·
806 3702 912 3765 ἀνελεῖ
923 3701 977 3764 τὸν
990 3700 1144 3781 δράκοντα.

444 3801 526 3864 Ibid.
542 3802 563 3865 l.
580 3824 627 3867 11.
647 3802 830 3885 ἔκβιάσαοα]
856 3801 1065 3865 Scribendum
1080 3807 1129 3864 est
1145 3799 1326 3876 ἔκβιάσασα,
1340 3805 1378 3861 ut
1395 3820 1502 3882 supra.

400 3902 510 3986 Atque
536 3904 582 3968 ito
603 3903 720 3989 legitur
741 3904 773 3966 in
796 3902 902 3967 codice
926 3902 1082 3965 Medicaeo
1108 3911 1141 3964 et
1165 3900 1251 3984 opud
1277 3899 1501 3983 Nicephorum.

400 4002 485 4066 Vide
515 4004 648 4068 Petrum
679 4005 821 4068 Fabrum
849 4003 881 4066 in
910 4002 991 4065 libro
1022 4003 1124 4087 primo
1155 4000 1332 4085 Agonistici
1362 4022 1431 4084 cap.
1450 4020 1501 4079 24.

400 4105 503 4168 Porro
518 4106 694 4168 notandum
709 4112 759 4169 est
774 4103 973 4179 Blandinam
990 4109 1103 4186 utpote
1120 4122 1252 4177 servum,
1268 4101 1353 4165 cruci
1373 4101 1502 4165 affixam

399 4207 504 4283 fuisse,
530 4206 614 4290 quod
639 4213 709 4270 erat
732 4203 919 4289 supplicium
938 4223 1110 4266 servorum.
1144 4199 1309 4264 Vsnunus.
1353 4202 1503 4286 o'oploazi

399 4307 493 4372 lectio
518 4314 568 4371 est
595 4307 800 4386 ἔκβιβάσασα,
823 4304 1071 4389 suffragantibus
1094 4303 1221 4386 quidem
1245 4301 1388 4385 plurimis
1413 4303 1502 4369 libris

399 4410 544 4494 scriptis3
567 4430 639 4472 oum
662 4429 736 4471 vero
760 4429 812 4471 res
834 4406 1005 4471 manifesto
1024 4405 1078 4482 sit,
1094 4404 1229 4469 ultorem
1244 4403 1277 4466 in
1297 4410 1391 4467 textu
1412 4404 1501 4469 Stro-

399 4512 502 4575 thium
518 4517 645 4574 secutus
660 4509 760 4594 posui.

445 4613 525 4676 lbid.
549 4612 637 4674 l.16.
663 4609 907 4692 γεγυμνασμένοι
929 4608 978 4693 ἣν]
1001 4606 1169 4682 Restituit,
1191 4605 1217 4670 si
1237 4604 1314 4691 quid
1333 4604 1366 4669 id
1390 4608 1499 4684 refert,
