3809 5650
394 665 437 726 ss
726 658 966 742 nnnrouun
990 659 1163 724 suoram.

395 829 513 913 aliquo,
533 836 567 892 et
591 827 853 912 concupiscentiae
876 827 980 890 curnis
1002 828 1185 903 servientes,
1204 826 1262 889 tali
1288 825 1393 889 affecti
1420 835 1497 888 sunt

396 936 586 1022 ignominis;
611 935 687 1019 quid
705 934 828 1018 passuri
851 941 926 997 sunt
948 935 1002 1018 qui
1025 956 1107 997 nuno
1130 941 1216 1011 sunt,
1231 934 1283 1017 qui
1300 941 1496 1016 contempse-

395 1052 473 1109 runt
501 1044 673 1107 adventum
702 1042 843 1118 Domini,
868 1051 901 1106 et
927 1043 1144 1106 deservierunt
1167 1042 1384 1127 voluptatibus
1410 1043 1497 1105 suis?

397 1155 445 1217 Et
459 1152 520 1216 illis
536 1152 663 1236 quidem
681 1153 803 1217 curatio
824 1159 858 1216 et
876 1151 1020 1215 remissio
1038 1159 1239 1236 peccatorum
1260 1172 1343 1214 mors
1365 1149 1495 1213 Domini

396 1259 475 1324 fuit:
499 1267 633 1344 propter
656 1282 710 1323 eos
733 1282 808 1323 vero
830 1261 884 1344 qui
906 1285 989 1325 nuno
1011 1267 1154 1344 peccent,
1176 1259 1323 1324 Christus
1345 1280 1408 1321 non
1425 1259 1525 1344 jom5

397 1368 562 1445 morietur,
577 1382 597 1408 ¹¹¹
604 1369 672 1452 jem
688 1369 771 1433 enim
785 1391 871 1434 mors
891 1392 955 1434 non
973 1371 1188 1435 dominabitur
1210 1374 1298 1454 ejus3
1320 1371 1376 1433 sed
1391 1370 1495 1434 veniet

399 1477 500 1542 Filius
515 1479 548 1542 iu
561 1480 663 1564 glorie
684 1481 802 1558 Patris,
818 1480 1011 1565 rexquirens
1032 1483 1073 1546 ab
1096 1482 1258 1546 actoribus
1279 1489 1313 1545 et
1335 1481 1495 1566 dispensa-

398 1588 523 1652 toribus
548 1590 613 1654 suis
641 1591 807 1676 pecuniam
832 1614 927 1678 quam
957 1593 1003 1656 eis
1032 1590 1167 1655 eredidit
1196 1612 1268 1654 cum
1294 1590 1414 1653 usuris:
1438 1595 1495 1652 ⁰ot

397 1697 512 1782 quibus
533 1699 702 1784 plurimum
724 1702 822 1779 dedit,
839 1702 1009 1787 plurimum
1028 1701 1130 1765 abeis
1150 1701 1267 1786 exiget.
1312 1699 1385 1763 Non
1403 1700 1495 1764 debe-

397 1829 469 1872 mus
491 1831 578 1895 ergo,
594 1818 681 1890 inquit
695 1820 738 1873 ille
755 1820 884 1885 Samos,
901 1811 1029 1895 superbi
1049 1832 1129 1887 esse,
1143 1831 1245 1892 neque
1266 1809 1548 1893 reprehenderem

398 1924 541 1993 veteres3
570 1921 625 1983 sed
649 1920 707 2005 ipsi
732 1920 852 1997 timere,
880 1942 920 1984 ne
949 1920 1033 1984 forte
1058 1927 1132 2005 post
1157 1920 1351 2004 agnitionem
1377 1918 1496 1983 Christi

398 2036 531 2114 agentes
545 2028 664 2113 aliquid
679 2030 764 2115 quod
779 2051 842 2092 non
859 2030 986 2114 placeat
1006 2033 1087 2109 Deo,
1103 2031 1318 2094 remissionem
1333 2030 1418 2094 ultra
1434 2052 1497 2093 non

398 2137 572 2202 habeamus
588 2138 783 2215 delictorum,
800 2139 856 2202 sed
871 2140 1075 2204 excludamur
1090 2163 1110 2204 a
1125 2143 1238 2226 Regno
1252 2141 1329 2226 ejus.
1365 2139 1410 2204 Et
1425 2141 1496 2204 ideo

400 2248 537 2313 Paulum
551 2247 685 2312 dixisse:
710 2250 774 2312 PSi
794 2251 874 2312 enim
895 2249 1087 2313 naturalibus
1108 2251 1205 2313 ramis
1223 2271 1282 2313 acon
1297 2250 1443 2334 pepercit,
1460 2271 1497 2313 ae

391 2359 476 2441 forte
490 2378 541 2420 caeo
554 2356 611 2420 tibi
618 2368 741 2443 parcat,
757 2360 811 2442 qai
825 2381 891 2422 cem
905 2380 976 2422 mes
989 2359 1120 2436 eleuter,
1135 2361 1262 2423 tessertus
1276 2381 1306 2423 cs
1319 2359 1353 2422 ic
1365 2360 1494 2444 piceae·
1512 2387 1519 2423 ι
1527 2387 1545 2441 5

400 2466 502 2530 dinem
516 2466 614 2545 olives,
630 2477 658 2531 et
670 2468 765 2531 scciccs
770 2470 878 2551 factus
892 2490 921 2533 es
929 2470 1129 2554 piayuedice'a
1142 2470 1216 2553 ejus

442 2597 475 2660 3.
498 2577 650 2642 Similiter
664 2584 698 2642 et
712 2578 812 2663 plebis
827 2579 1103 2663 praevaricationes
1117 2577 1204 2642 vides
1221 2578 1397 2662 descriptas
1417 2600 1497 2652 esse,

399 2708 464 2751 non
486 2694 618 2772 propter
639 2688 708 2751 illos
730 2688 783 2772 qui
805 2694 881 2752 tuuc
901 2690 1227 2775 transgrediebantur,
1243 2689 1299 2753 sed
1320 2690 1352 2751 in
1373 2711 1496 2772 correp

399 2796 520 2862 tionem
540 2805 692 2880 nostram,
708 2809 742 2865 et
763 2807 800 2865 nt
823 2800 974 2866 sciremus
998 2821 1095 2864 unum
1119 2806 1152 2864 et
1175 2800 1309 2864 eundem
1335 2799 1448 2876 Deum,
1465 2798 1498 2861 in

402 2931 497 2993 quem
517 2910 563 2973 illi
585 2911 822 2996 delinquebant,
837 2918 871 2976 et
890 2912 922 2974 in
943 2931 1037 2993 quem
1055 2931 1138 2973 nunc
1161 2909 1347 2994 delinquunt
1369 2909 1497 2994 quidam
1510 2926 1546 2963 20

401 3042 441 3084 ex
456 3020 506 3084 his
521 3022 574 3107 qui
588 3022 758 3087 credidisse
774 3045 808 3086 se
823 3022 942 3086 dicunt.
989 3020 1035 3083 Et
1054 3018 1114 3083 hoc
1131 3026 1239 3082 autem
1256 3019 1448 3103 Apostolum
1466 3018 1498 3080 in

401 3128 549 3212 Epistola
574 3152 645 3213 quae
671 3138 721 3194 est
749 3132 792 3194 sd
818 3130 1009 3205 Corinthios,
1036 3127 1289 3191 manifestissime
1314 3128 1497 3203 ostendisse,

402 3235 583 3299 dicentem:
609 3236 715 3298 “Nolo
737 3238 816 3298 esaim
839 3258 888 3299 ees
913 3237 1064 3320 tenerare,
1079 3237 1208 3319 fratres,
1235 3238 1376 3319 queniam
1393 3248 1500 3320 patres

401 3344 499 3407 nostri
526 3363 625 3404 omnes
649 3342 703 3405 sed
730 3342 806 3406 eade
824 3344 971 3425 fuerent,
995 3354 1023 3407 et
1051 3365 1149 3408 eneces
1178 3345 1212 3405 iu
1238 3345 1323 3407 Mose
1351 3344 1500 3426 baptizati

400 3462 471 3516 sset
499 3452 534 3514 iu
563 3449 649 3528 eabe,
673 3461 699 3513 et
730 3453 763 3514 ic
793 3455 884 3531 areeri,
910 3474 1008 3516 eirenes
1041 3454 1166 3517 esum
1199 3474 1295 3517 escam
1327 3454 1545 3537 spiritalemas

401 3559 670 3638 manducaverunt,
693 3571 721 3624 et
745 3583 844 3625 careres
869 3564 1001 3626 euerzdm
1019 3570 1126 3646 potum
1146 3561 1317 3645 spiritalem
1340 3559 1498 3623 biberunt:

403 3666 537 3732 dibebant
558 3678 658 3733 ostem
677 3671 714 3734 de
733 3672 872 3757 spiritali
891 3681 1077 3758 consequente
1095 3692 1141 3735 eos
1156 3680 1270 3756 petre3
1288 3679 1381 3754 petre
1399 3680 1499 3733 autem

402 3789 470 3844 erce
493 3778 638 3843 Otreres
683 3782 747 3845 sec
765 3804 825 3845 coc
847 3783 882 3846 ie
895 3782 1043 3869 pluribus
1066 3803 1167 3846 eorum
1190 3780 1259 3844 teu
1280 3781 1371 3844 seosit
1392 3782 1498 3854 Deos,-

396 3890 548 3976 proatrati
561 3899 630 3953 suet
646 3892 726 3954 enim
745 3893 779 3955 ia
798 3892 920 3957 deserto.
965 3894 1042 3956 Hoec
1056 3893 1091 3956 ie
1100 3894 1238 3976 fiperom
1251 3891 1346 3954 cedri
1356 3892 1499 3974 fueruat,

403 4011 437 4066 st
450 4022 510 4065 aea
522 4001 617 4064 dacus
630 4002 861 4085 eoeesepiseentes
877 4002 1033 4080 cerebrum,
1049 4001 1299 4086 quereredneodeun
1317 4011 1345 4065 et
1363 4000 1413 4065 tlt·
1430 4022 1496 4064 coa·
1509 4023 1550 4078 30

403 4111 582 4194 cupieram
599 4131 692 4194 oeque
706 4110 875 4174 tacebere
888 4112 963 4189 sites,
973 4109 1221 4195 quemadnwdum
1234 4110 1361 4194 quidem
1375 4132 1499 4181 eorum,-

402 4220 481 4282 sieet
494 4220 640 4303 sosptem
654 4230 717 4283 eat:
741 4222 826 4285 Sedit
832 4222 967 4307 populus
979 4222 1164 4286 medocere
1178 4231 1207 4284 ct
1221 4219 1325 4296 didere,
1342 4230 1370 4283 et
1383 4240 1502 4283 surres-

405 4338 493 4391 eneae
507 4328 617 4392 ludere.
662 4332 769 4415 Neque
775 4334 979 4415 fornicemur,
993 4333 1069 4396 sicet
1083 4333 1209 4417 quidem
1223 4353 1259 4394 ece
1272 4330 1336 4422 illei
1372 4327 1503 4391 eruisset-i

405 4450 484 4511 suot,
505 4445 532 4498 et
553 4450 729 4502 coemerunt
750 4462 812 4504 ouo
834 4443 884 4506 die
906 4444 1015 4527 cipieti
1036 4443 1100 4506 trie
1119 4441 1231 4505 millio.
1275 4442 1343 4503 Nec
1363 4447 1503 4502 tentemus

856 4629 870 4657 ¹¹
889 4618 954 4666 lllat.
963 4635 1022 4666 xxx.
1036 4632 1074 4679 27.
1173 4630 1187 4656 ⁰
1205 4617 1265 4664 Luc.
1277 4617 1318 4662 xii.
1331 4618 1371 4671 48.
