3809 5650
456 679 522 740 208
774 673 1014 755 RELIQUIAE
1039 668 1210 736 SACRAE.

452 825 686 912 (Hegesippus)
706 827 744 892 ὡς
759 826 816 906 ἄρα
832 824 880 888 καὶ
895 825 963 890 τοὺς
977 823 1156 905 κατηγόρους
1175 819 1273 898 αἰτοῦ,
1288 818 1474 899 ζητουμένων
1488 844 1556 883 τοτε

452 942 512 1000 τῶν
534 936 592 1000 ἀπὸ
616 941 667 1015 τῆς
692 939 853 1015 βασιλικῆς
876 933 1030 998 Ἰουδαίων
1055 936 1162 1014 φυλῆς,
1186 932 1268 995 ὡσᾶν
1295 932 1326 1008 ἐξ
1347 931 1436 1008 αὐτῆς
1456 931 1554 1005 ὄντος,

452 1048 567 1108 ἁλῶναι
581 1044 707 1124 συνέβη.
738 1052 808 1109 Haec
825 1050 972 1108 Eusebius
986 1050 1036 1107 lib.
1052 1049 1095 1106 iii.
1113 1049 1227 1106 Hisbo.
1243 1064 1292 1120 ³²·

451 1245 494 1326 nis
513 1254 774 1325 accusatores-cum
789 1253 855 1297 tunc
876 1253 979 1324 tempo·
1029 1243 1166 1323 conuictos
1190 1258 1249 1294 esse
1273 1240 1346 1311 quod
1370 1259 1402 1295 ex
1422 1257 1452 1294 ea
1474 1240 1555 1309 stirpe

451 1331 488 1368 ns
501 1332 594 1368 omnes
607 1313 893 1383 exregrsJudaeorum
906 1313 980 1367 tnbu
1029 1313 1161 1383 originem
1175 1311 1310 1365 ducerent.
1586 1303 1602 1361 5

453 1383 559 1438 oriundi
596 1384 707 1439 sollicite
745 1385 979 1453 investigarentur,

822 1590 1189 1640 ...φ-

625 1800 679 1862 Eu
694 1796 770 1861 libro
784 1796 896 1880 quinto,
911 1794 973 1857 sios
988 1792 1102 1869 ultimo,
1118 1791 1245 1874 qiusdou
1263 1793 1379 1875 Operis.

694 1957 746 2009 DE
764 1950 967 2009 MARTYRIO
987 1949 1016 2004 S.
1034 1947 1173 2004 JACOBI
1191 1947 1309 2002 JUSTI.

507 2101 718 2204 Διαδέχεται
729 2097 768 2177 δὲ
786 2097 852 2194 τὴν
870 2094 1066 2194 ἐκκλησίαν
1084 2091 1173 2192 μετὰ
1192 2099 1265 2171 τῶν
1284 2089 1516 2193 ἀποστόλων,
1531 2096 1551 2172 ὁ

451 2233 610 2340 ἁδελφὸς
624 2242 687 2312 τοῦ
701 2231 835 2333 Κυρίου
850 2226 1037 2325 Ἰάκωβος,
1056 2231 1075 2307 ὁ
1090 2229 1304 2327 ὀνομασθείς
1319 2228 1388 2307 ὑπὸ
1406 2229 1552 2309 πάντων
1565 2264 1598 2301 ιο

450 2369 582 2449 δίκαιος
600 2362 672 2444 ἀπὸ
690 2369 762 2442 τῶν
775 2371 838 2441 τοῦ
848 2363 984 2465 Κυρίου
994 2360 1134 2466 χρόνων
1147 2364 1250 2466 μέχρι
1269 2367 1328 2442 καὶ
1346 2365 1456 2462 ἡμῶν.
1476 2367 1552 2443 ἐπεὶ

449 2502 584 2580 πολλοὶ
597 2496 764 2592 Ἰοἰκωβοι
776 2497 981 2575 ἐκαλοῦντο·
1004 2497 1131 2580 “obroe
1150 2497 1187 2576 δέ
1207 2502 1246 2577 ἐκ
1264 2501 1400 2581 κοιλίας
1417 2499 1552 2602 μητρὸς

450 2637 558 2714 αἰτοῦ
572 2632 671 2735 ἅγιος
682 2631 739 2732 ἦν.
762 2628 874 2710 Οἶνον
885 2634 942 2710 καὶ
954 2630 1080 2733 σίκερα
1093 2632 1156 2711 οὐκ
1169 2632 1274 2728 ἔπιεν,
1288 2632 1366 2712 οὐδέ
1387 2633 1552 2740 ἔμψυχον

450 2769 578 2875 ἔφαγε·
607 2764 718 2873 ξυρὸν
731 2769 789 2846 ἐπὶ
806 2763 872 2865 τὴν
891 2762 1055 2872 κεφαλὴν
1073 2767 1181 2846 αὐτοῦ
1201 2768 1264 2846 οὐκ
1283 2768 1404 2867 ἀνέβη·
1431 2768 1552 2849 ἔλαιον

451 2907 514 2984 οὐκ
527 2904 715 3008 ἠλείψατο,
735 2904 793 2980 καὶ
810 2902 992 3007 βαλανείῳ
1012 2902 1075 2980 οὐκ
1093 2900 1283 3004 ἐχρήσατο.
1312 2902 1427 3009 τούτῳ
1453 2901 1552 3009 μόνῳ
1567 2944 1574 2980 ι
1582 2941 1597 2999 5

450 3039 535 3142 ἐξῆν
553 3043 601 3119 εἰς
620 3035 665 3113 τὰ
684 3034 770 3136 ἅγια
785 3034 940 3113 εἰσιέναι.
974 3033 1053 3114 οὐδὲ
1072 3033 1143 3137 γὰρ
1162 3037 1282 3137 ἐρεοῦν
1301 3033 1432 3141 ἐφόρει,
1453 3036 1553 3113 ἀλλὰ

450 3170 626 3254 σινδόνας.
647 3173 706 3247 καί
723 3166 831 3266 μόνος
845 3168 1033 3273 εἰσήρχετο
1047 3175 1095 3251 εἰς
1113 3170 1176 3248 τὸν
1195 3167 1293 3249 ναόν·
1315 3169 1502 3273 ηὑρίσκετό
1514 3205 1551 3249 τε

449 3306 603 3399 κείμενος
620 3305 678 3381 ἐπὶ
704 3309 777 3383 τοῖς
802 3298 944 3399 γόνασι,
968 3304 1025 3378 καὶ
1044 3301 1248 3400 αἰτούμενος
1272 3303 1359 3405 ὑπὲρ
1377 3310 1442 3382 τοῦ
1457 3310 1551 3382 λαοῦ

449 3435 591 3539 ἄφεσιν·
605 3438 653 3515 ὡς
664 3431 927 3530 ἀπεσκληκέναι
939 3432 985 3511 τὰ
995 3433 1133 3533 γόνατα
1144 3436 1252 3514 αὐτοῦ
1264 3438 1365 3536 δίκην
1377 3438 1551 3537 καμήλου,

490 3665 630 3724 Ecclesiae
692 3663 972 3722 administrationem
1023 3685 1109 3741 quam
1141 3668 1280 3726 totondit.
1327 3669 1434 3744 Neque
1467 3671 1549 3747 ungi,
1563 3686 1600 3726 νο

449 3767 507 3806 uuo
521 3766 586 3805 oum
602 3742 754 3823 Apostolis
777 3745 904 3822 suscepit
919 3744 972 3802 Jn-
1024 3765 1117 3822 neque
1132 3745 1228 3803 lsvsre
1248 3746 1351 3805 balneo
1372 3768 1478 3825 corpus
1492 3770 1548 3807 un·

448 3829 538 3887 cobus
568 3826 659 3884 freter
689 3824 819 3892 Domini,
841 3825 892 3900 qui
911 3825 972 3900 jam
1023 3845 1111 3901 quum
1129 3824 1242 3883 solitus.
1285 3826 1371 3885 Unus
1392 3847 1429 3885 ex
1451 3830 1547 3886 omni.

448 3907 517 3967 inde
542 3927 559 3965 a
587 3904 697 3963 Christi
725 3904 905 3981 temporibus
936 3904 973 3962 nd
1023 3906 1129 3963 busin
1152 3904 1288 3963 intimum
1304 3908 1406 3986 templi
1431 3920 1548 3967 sunctu-

449 4000 576 4048 nostram
599 4005 691 4062 usque
720 3994 836 4043 ertatem
867 3983 974 4043 Justus
1023 3985 1115 4042 arium
1144 3984 1324 4062 ingrediendi
1350 3988 1400 4064 jus
1419 3988 1544 4046 faculta-

449 4067 670 4147 cognominntus
686 4075 741 4124 est.
784 4063 861 4121 Num
886 4064 973 4122 multi
1023 4076 1142 4142 temque
1165 4065 1299 4125 habebnt.
1341 4069 1447 4145 Neque
1471 4069 1548 4127 enim
1561 4091 1596 4148 25

448 4148 566 4225 quidem
592 4145 693 4204 eodem
725 4144 842 4203 nomine
869 4144 974 4203 Jscobi
1024 4144 1138 4211 lanicio,
1164 4144 1214 4203 sed
1229 4145 1306 4205 linea
1329 4159 1443 4208 tuntum
1468 4161 1548 4207 veste

449 4228 634 4286 voonbnntur.
691 4224 750 4283 Sed
775 4224 822 4282 bic
850 4225 974 4302 abipso
1025 4226 1171 4283 utebatur.
1204 4225 1239 4283 Iu
1255 4228 1397 4306 templum
1413 4228 1492 4287 solus
1503 4228 1547 4286 in·

448 4306 549 4364 matris
563 4317 648 4364 utero
666 4316 783 4363 sanctus
797 4304 865 4363 fuit.
908 4303 974 4361 Neo
1025 4315 1110 4374 trare,
1133 4319 1221 4382 utque
1243 4307 1283 4365 ibi
1314 4310 1437 4385 genibus
1465 4307 1549 4365 flexis

448 4386 550 4442 vinum
573 4404 699 4460 unquam
723 4384 797 4442 bibit
820 4404 874 4443 nec
901 4384 974 4442 sice·
1024 4404 1077 4461 pro
1115 4387 1240 4462 peccetis
1282 4387 1382 4465 populi
1423 4386 1548 4465 supplex

448 4484 530 4521 ram:
561 4463 597 4521 nb
624 4464 816 4522 animantium
839 4465 974 4521 carnibus
1023 4465 1120 4521 Deum
1143 4485 1225 4524 orare
1248 4478 1445 4525 consueverat.
1491 4464 1546 4524 td·
1557 4490 1596 4545 30

449 4543 565 4619 penitus
579 4541 729 4600 abstinuit.
765 4544 884 4600 Comum
897 4562 972 4601 nun·
1024 4562 1059 4601 eo
1073 4553 1106 4600 ut
1121 4563 1216 4621 genua
1228 4547 1321 4625 ipsius
1341 4546 1432 4604 instar
1445 4545 1546 4604 cameli

737 4728 758 4764 ,ι
767 4718 865 4768 Confer·
876 4718 937 4766 Jud.
946 4717 999 4766 xiii.
1011 4730 1035 4780 4,
1045 4735 1068 4783 5.
1080 4729 1105 4770 et
1116 4720 1177 4771 Ιιιιο.
1189 4722 1205 4770 i.
1218 4735 1255 4783 15·
