3809 5650
510 692 559 756 IN
582 693 647 756 BB.
672 691 942 756 DIONYSIUM
968 690 1025 754 ΕΤ
1049 689 1280 755 PlNYTUM.
1383 690 1447 754 187

340 884 412 925 cum
428 870 512 927 esset
527 863 780 948 opulentissima,
793 862 927 926 aliarum
942 860 1157 925 Ecclesiamm
1177 859 1316 944 inopiam
1332 859 1445 922 libera-

339 963 431 1027 litate
446 985 505 1028 sua
524 963 720 1040 sublevabat,
736 971 770 1027 et
789 963 942 1027 iratribus
961 962 1003 1026 ad
1026 961 1190 1025 metullum
1205 960 1366 1024 damnatis
1386 965 1445 1023 aut

340 1064 373 1128 in
399 1064 544 1128 exsilium
568 1066 683 1142 missis,
708 1064 861 1129 alimenta
884 1072 918 1129 et
941 1085 1074 1127 munera
1099 1062 1288 1126 submittere
1314 1082 1445 1125 consue·

340 1172 439 1229 verat.
485 1166 523 1228 ln
542 1167 627 1230 hunc
653 1188 745 1230 usum
770 1167 891 1231 fiebant
917 1166 1058 1229 collectae
1080 1165 1113 1228 iu
1135 1163 1277 1227 Ecclesia
1299 1163 1446 1226 Romana

341 1265 453 1329 diebus
473 1268 660 1344 Dominicis,
676 1269 716 1332 de
737 1269 850 1353 quibus
871 1274 1002 1331 exstant
1024 1267 1146 1351 aliquot
1167 1265 1200 1329 S.
1213 1264 1327 1328 Leonis
1344 1263 1444 1348 Papae

340 1390 509 1433 sermones.
555 1369 634 1450 Quae
663 1368 830 1433 laudabilis
859 1369 1056 1433 consuetudo
1080 1368 1150 1453 jam
1180 1367 1253 1430 inde
1281 1388 1302 1430 a
1333 1364 1445 1450 primis

341 1470 572 1553 Apostolorum
591 1470 788 1555 temporibus
809 1470 969 1542 instituta,
986 1469 1018 1531 in
1039 1475 1200 1553 postrema
1222 1467 1318 1530 etiam
1340 1488 1447 1551 perse-

340 1571 467 1634 eutione
480 1570 671 1634 Diocletiani
687 1578 814 1634 servata
829 1577 890 1646 est,
905 1580 942 1635 ut
957 1571 1008 1634 hic
1022 1577 1163 1635 testatur
1177 1569 1353 1633 Eusebius:
1383 1589 1446 1651 quo

340 1679 483 1757 tempore
507 1672 649 1735 Ecclesia
670 1671 815 1735 Romana
841 1672 1031 1736 Christianis
1048 1672 1091 1736 ad
1112 1671 1241 1735 metalla
1263 1668 1444 1733 Paloestiuae
1550 1742 1554 1747 ¹

340 1780 374 1836 et
387 1795 445 1857 per
460 1772 638 1858 AEgyptum
653 1773 824 1847 damnatis,
840 1774 991 1838 collectas
1008 1773 1160 1858 pecunias
1178 1772 1273 1836 misit.
1320 1771 1369 1834 De
1384 1769 1445 1832 hoc

339 1895 429 1937 more
448 1874 601 1938 Romauae
623 1875 773 1938 Ecclesiae
796 1882 915 1960 praeter
939 1875 1127 1959 Dionysium
1143 1872 1381 1938 Corinthiorum
1401 1871 1447 1935 lo-

341 1976 451 2058 quitur
472 1976 570 2040 etiam
590 1975 762 2061 Dionysius
783 1976 1022 2040 Alexandrinus
1046 1976 1223 2060 Episcopus
1242 1975 1275 2036 iu
1298 1973 1446 2058 Epistola

339 2077 382 2141 ad
397 2078 595 2162 Stephanum
612 2080 745 2162 Papam,
762 2101 857 2163 quam
872 2078 971 2142 refert
987 2077 1143 2141 Eusebius
1154 2076 1188 2138 iu
1202 2073 1255 2139 lib.
1265 2074 1318 2139 vii.
1334 2097 1402 2161 cap
1413 2097 1444 2157 4.

341 2182 372 2242 αἱ
385 2179 442 2258 μέν
461 2204 507 2243 τοι
522 2181 626 2261 Συρίαι
647 2181 717 2242 ὅλαι
733 2179 780 2242 καὶ
799 2179 972 2261 ἡἈραβιά,
990 2180 1034 2246 cis
1054 2180 1208 2259 ἐπαρκεῖτε
1229 2175 1380 2255 ἑκάστοτε,
1397 2177 1446 2239 καὶ

341 2281 386 2346 ols
401 2286 454 2344 νῦν
479 2282 682 2344 intercidere.
729 2279 768 2343 Id
790 2286 851 2357 est,
873 2280 973 2364 Syriae
994 2300 1103 2342 omnes
1124 2285 1159 2342 et
1182 2278 1314 2355 Arabia,
1331 2278 1447 2361 quibua

340 2380 491 2465 pecunias
505 2381 690 2444 idemtidem
706 2380 964 2445 subministratis.
1011 2381 1113 2462 Quem
1128 2380 1232 2444 locum
1247 2380 1329 2443 male
1343 2388 1447 2444 verte-

341 2487 418 2543 runt
436 2481 638 2565 interpretes.
668 2483 827 2544 Vnnrsms.
874 2482 929 2545 Ad
947 2481 1016 2545 haee
1039 2504 1098 2545 nos
1118 2482 1212 2545 docet
1231 2481 1349 2544 Petrus
1365 2482 1447 2546 Ocu·

343 2582 495 2659 stantius,
510 2582 563 2666 qui
579 2582 760 2668 fragmenta
774 2584 916 2668 epistolae
936 2583 1031 2667 hujus
1051 2584 1091 2647 ad
1109 2584 1254 2647 Soterem
1272 2584 1305 2647 in
1321 2583 1447 2669 Sylloge

341 2702 399 2746 sua
422 2683 633 2767 Epistolarum
655 2686 742 2748 acm.
762 2686 947 2767 Pontificum
970 2684 1087 2769 posuit,
1113 2684 1266 2748 Basilium
1290 2687 1447 2751 Caesareae

341 2783 534 2870 episcopum,
561 2796 598 2849 ut
623 2785 656 2849 in
681 2787 766 2871 mist.
797 2785 865 2872 ejus
889 2803 963 2853 220.
990 2808 1073 2850 nune
1099 2804 1151 2871 70.
1175 2786 1282 2852 videre
1307 2787 1393 2864 lieet,
1408 2787 1448 2852 de

341 2884 495 2971 Dionysio
510 2888 656 2953 Romano
671 2888 826 2973 Stephani
846 2887 878 2951 in
895 2888 969 2952 sede
987 2910 1178 2965 successore,
1197 2889 1345 2965 seribere,
1361 2888 1446 2952 viros

340 2990 383 3052 ab
398 3011 436 3052 eo
454 2990 486 3051 in
502 2989 736 3075 Cappadociam
751 2990 848 3054 luisse
867 2991 989 3068 missos,
1006 2991 1058 3076 qui
1080 2991 1222 3076 captivos
1241 2991 1445 3054 redimerent.

343 3091 531 3175 Moremque
540 3092 737 3176 captivorum
748 3092 1003 3156 redimendorum
1014 3093 1046 3156 in
1058 3092 1128 3156 aliis
1140 3100 1296 3177 practerea
1307 3091 1445 3156 eeclesiis

341 3193 525 3268 obtinuisse,
541 3215 582 3257 ex
597 3193 746 3279 Cypriani
761 3194 866 3257 verbis
880 3201 1019 3273 constat,
1035 3201 1071 3258 ut
1095 3194 1218 3278 pridem
1237 3195 1279 3258 ad
1301 3194 1445 3275 Dionysii

341 3292 500 3356 Corinthii
521 3294 588 3357 haec
603 3295 783 3379 fragmenta
803 3295 926 3359 monuit
943 3297 1013 3358 Pet.
1026 3295 1207 3358 Hulloixius
1222 3302 1300 3359 tom.
1312 3294 1344 3358 ii.
1372 3295 1447 3360 Vin.

343 3394 415 3456 PP.
434 3394 581 3457 Oriadel.
604 3417 636 3479 p.
653 3397 693 3475 78
695 3412 725 3480 5.
757 3397 1025 3460 “Pulcherrimus
1040 3405 1090 3461 est
1108 3397 1229 3473 locus,’'
1246 3397 1361 3481 inquit,
1379 3397 1445 3459 “in

342 3502 362 3529 “
378 3494 410 3557 S.
425 3493 594 3578 Cypriane,
618 3494 710 3582 epist.
733 3499 785 3561 60.
804 3499 943 3577 (secund.
965 3499 1044 3563 Felli
1064 3500 1207 3563 ordinem
1223 3499 1292 3585 62.)
1307 3500 1360 3563 ubi
1386 3521 1446 3584 pro

340 3602 362 3631 “
379 3594 572 3659 redimendis
594 3595 786 3662 Christianis
801 3599 934 3683 captivis
949 3600 1052 3664 mittit
1066 3598 1133 3686 ipse
1148 3601 1190 3664 ad
1206 3601 1369 3686 episcopos
1379 3601 1445 3665 Nu-

343 3696 476 3760 “midas
493 3697 654 3781 ingentem
674 3721 829 3764 summam
845 3722 917 3764 eum
938 3701 1116 3765 nominibus
1134 3723 1242 3765 eorum
1257 3702 1312 3786 qui
1332 3709 1444 3766 eontu-

342 3803 362 3832 ‘⁴
376 3796 493 3874 lerunt,
508 3798 627 3864 additis
645 3800 742 3865 etiam
763 3800 958 3886 singulorum
979 3802 1128 3875 summis3
1153 3824 1216 3894 quo
1235 3803 1446 3866 Numidarum

342 3904 365 3937 “
381 3897 532 3976 eeclesiae,
557 3906 591 3964 et
619 3903 798 3985 praesertim
823 3925 841 3967 e
871 3903 1060 3988 captivitate
1091 3903 1259 3967 barbarica
1287 3903 1445 3987 redempti

341 4005 364 4036 “
380 4020 508 4062 suorum
524 4000 557 4063 in
571 4003 718 4087 precibus
733 4004 972 4068 benefactorum
987 4004 1258 4069 recordarentur.”

384 4099 422 4162 P.
436 4116 506 4185 179.
522 4102 542 4164 l.
560 4106 610 4165 16.
625 4104 693 4171 τοὺς
713 4105 851 4171 ἀνιόντας
865 4105 1031 4186 ἀδελφοὺς]
1053 4106 1140 4169 Male
1158 4105 1286 4189 Langus
1301 4111 1336 4169 et
1350 4105 1443 4172 Mus-

340 4200 429 4264 culus
452 4203 605 4266 redeantes
629 4213 761 4269 vertero.
807 4206 925 4270 Melius
954 4206 1089 4270 Rufinus
1118 4206 1166 4270 ita
1194 4207 1443 4291 interpretatur:

338 4302 526 4366 advenientes
540 4305 663 4387 fratres
689 4306 824 4371 omenti
845 4309 921 4370 salse
941 4317 969 4371 et
989 4308 1146 4372 mitissimo
1165 4307 1281 4371 solatur
1302 4307 1444 4392 cdoqcio.

342 4404 500 4490 Intelligit
514 4405 598 4470 enim
614 4407 785 4492 Dionysius
805 4408 922 4472 fratres
937 4408 991 4492 qui
1007 4430 1047 4471 ex
1067 4408 1246 4493 longinquis
1264 4409 1447 4494 regionibus

340 4504 477 4569 Romam
501 4507 608 4570 venire
631 4515 870 4582 consueverant,
897 4509 1030 4593 penuria
1055 4510 1140 4595 apud
1167 4532 1201 4574 se
1224 4509 1446 4575 laborantibus

339 4608 515 4671 subsidium
529 4606 657 4692 aliquod
672 4630 692 4672 a
707 4609 860 4673 Romanis
879 4610 1022 4675 relaturi.
1047 4611 1213 4675 Vna-rus.
1259 4612 1351 4676 Nune
1371 4635 1446 4677 vero

339 4731 412 4779 cum
427 4731 522 4776 voees
536 4710 762 4778 antecedentes
776 4709 880 4792 λόγοις
893 4715 1047 4793 μακαρίοις
1061 4712 1200 4780 activam
1215 4713 1333 4778 habere
1348 4713 1446 4799 signi-

840 4813 895 4875 nb
913 4833 931 4879 2
