3809 5650
517 691 742 758 EPISTOLA
766 690 1093 759 VIENNENSIUM
1117 689 1175 757 ΕΤ
1198 687 1333 753 LUGD.
1408 686 1475 753 307

374 855 434 932 καὶ
470 865 637 938 ποικιλας
673 855 812 959 ἔπασχε
847 853 1003 955 πληγάς·
1058 859 1131 933 τῶν
1172 851 1238 952 μὲν
1284 848 1473 950 σύνεγγυς,

372 990 480 1090 χερσὶ
515 991 574 1067 καὶ
610 991 722 1070 ποσὶν
766 986 1018 1091 ἐνυβριζόντων
1052 986 1243 1081 Ιπαντοίως,
1279 981 1369 1083 μηδὲ
1408 980 1475 1080 τὴν

371 1120 515 1218 ἡλικίαν
549 1121 764 1220 αἰδουμένων
797 1121 920 1200 αὐτοῦ·
964 1127 1037 1198 τῶν
1074 1117 1113 1198 δὲ
1143 1115 1294 1219 μακρὰν,
1331 1113 1352 1194 ἀ
1383 1111 1475 1213 μετὰ

370 1260 493 1358 χεῖρας
519 1254 672 1338 ἕκαστος
698 1251 802 1359 εἶχεν,
826 1260 875 1338 εἷς
902 1251 1011 1333 αὐτὸν
1037 1255 1147 1333 ἀκοντ
1177 1276 1299 1331 οντων·
1328 1246 1475 1330 πάντων

346 1385 413 1482 ςδὲ
436 1386 643 1487 ἡγουμένων
665 1387 832 1489 μεγάλων
855 1391 1083 1485 πλημμελεῖν
1107 1387 1166 1464 καὶ
1191 1387 1348 1479 ἀσεβεῖν,
1366 1381 1401 1461 εἴ
1421 1415 1474 1464 τις

371 1521 608 1628 ἀπολειφθείη
639 1525 704 1619 τῆς
735 1527 783 1604 είς
811 1519 920 1599 αὐτὸν
949 1520 1155 1621 ἀσελγείας.
1198 1521 1258 1598 καὶ
1289 1516 1361 1619 γάρ
1391 1516 1474 1600 τοὺς

373 1652 474 1737 θεοὺς
507 1655 625 1734 αι’ντῶν
658 1650 771 1761 ᾤοντο
802 1656 913 1738 οὕτως
938 1653 1149 1753 ἐκδικήσειν.
1187 1654 1247 1732 καὶ
1273 1650 1379 1752 μόγις
1406 1652 1471 1750 ἐμ-

370 1786 491 1866 νινέων
507 1789 635 1894 ε’ῤῥίφη
650 1790 755 1891 ε’ντῇ
778 1791 910 1893 εἱρκτῇ,
928 1791 988 1868 καὶ
1014 1785 1106 1886 μετὰ
1132 1785 1196 1866 δύο
1223 1784 1354 1886 ἡμέρας
1381 1784 1470 1864 ἀπί-

371 1926 430 2026 im
454 1956 503 2002 εν.

328 2101 366 2140 ιο
430 2053 465 2136 ι’.
496 2056 677 2136 Ἐπαῖιθα
710 2055 754 2156 δὴ
791 2056 933 2158 μεγάλη
970 2061 1023 2140 τῖς
1060 2056 1240 2155 οἰκονομία
1276 2062 1341 2134 τοῦ
1378 2058 1475 2133 Θεοῦ

372 2190 517 2290 ἐγίνετο,
541 2193 601 2269 καὶ
628 2189 727 2273 ἕλεος·
754 2190 951 2291 ἀρατρητον
979 2191 1187 2295 ἀνεφαίνετο
1202 2190 1338 2288 Ἰησοῦ
1369 2220 1469 2267 σπα-

373 2323 455 2407 νίως
472 2322 538 2423 μὲν
556 2326 594 2403 ἐν
619 2329 665 2428 τῇ
690 2320 908 2428 ἀδελφότητι
932 2319 1092 2425 γεγονὸς,
1114 2321 1165 2421 μὴ
1188 2319 1474 2418 ἀπολειπόμενον

373 2454 413 2534 δὲ
430 2460 494 2554 τῆς
512 2456 638 2560 τέχνης
656 2465 720 2535 τοῦ
737 2461 914 2556 Χριστοῦ.
974 2461 1008 2535 οῖ
1025 2454 1097 2557 γάρ
1120 2454 1212 2535 κατὰ
1235 2454 1302 2555 τὴν
1326 2455 1474 2558 πρώτην

373 2586 567 2694 σύλληψιν
603 2588 745 2694 ἔξαρνοι
777 2586 969 2689 γενόμενοι,
1002 2590 1251 2669 συνεκλείοντο
1283 2591 1342 2668 καὶ
1374 2591 1474 2670 αὐτοὶ

328 2723 434 2810 {sisai
450 2727 612 2826 μετεῖχον
629 2727 702 2799 τῶν
719 2723 853 2800 δεινῶν.
884 2719 965 2799 οὐδὲ
989 2720 1061 2822 γὰρ
1085 2724 1123 2800 ἐν
1148 2728 1200 2827 τῷ
1224 2727 1334 2828 καιρῷ
1358 2720 1473 2828 τούτῳ

372 2855 508 2961 ὄφελός
544 2890 579 2935 τι
611 2857 729 2939 αὐτοῖς
760 2856 783 2954 ἡ
816 2853 1007 2962 ε’ξάρνησις
1039 2856 1186 2956 ἐγίνετο·
1230 2858 1315 2934 ἀλλ’
1345 2861 1378 2934 οἱ
1407 2855 1474 2953 μὲν

374 2992 635 3093 ὁμολογοῦντες
659 2989 679 3069 b
704 2992 763 3069 καῖ
787 2988 893 3090 ἦσαν,
912 2990 1160 3069 συνεκλείοντο
1185 2991 1234 3071 ὡς
1261 2992 1474 3090 Χριστιανοὶ

372 3126 548 3223 undensis
574 3122 693 3222 ἀλλην
717 3123 832 3206 αἰτίας
857 3124 978 3207 αὐτοῖς
1002 3119 1268 3228 ἐπιφερομένης.
1309 3120 1407 3200 οὗτοι
1436 3121 1474 3203 δὲ

372 3394 464 3460 atque
486 3381 647 3440 innumeris
666 3380 760 3460 pingis
779 3381 901 3441 affectus
993 3400 1041 3440 ro.
1064 3380 1123 3439 Hie
1136 3399 1205 3438 vero
1216 3377 1375 3457 singularis
1393 3396 1473 3455 qum·

329 3473 430 3529 uuest,
447 3481 514 3520 enm
534 3460 555 3517 ii
593 3459 691 3519 uidem
710 3460 762 3537 qni
779 3462 900 3541 propius
950 3460 1018 3520 dam
1032 3460 1090 3519 Dei
1104 3458 1292 3538 dispensatio,
1307 3468 1337 3517 et
1351 3458 1472 3517 immen-

375 3541 538 3604 adnabunt,
597 3539 680 3599 nibus
693 3550 724 3599 et
739 3541 846 3619 pugnis
863 3541 898 3599 il·
950 3561 982 3599 sa
995 3540 1069 3599 Jesn
1083 3539 1193 3597 Christi
1212 3536 1409 3596 miserimrdiu
1422 3557 1473 3616 ap·

375 3619 437 3678 lum
472 3618 681 3678 uontnmeliose
718 3630 898 3697 appeterent,
949 3620 1066 3698 paruit:
1091 3638 1156 3678 raro
1177 3617 1296 3695 quidem
1319 3617 1397 3675 inter
1413 3617 1474 3675 fra-

375 3719 430 3757 nee
443 3698 532 3757 ullam
544 3697 608 3775 ejus
618 3699 697 3757 etati
707 3699 899 3757 reverentiam
950 3710 1010 3758 tres
1028 3697 1172 3777 exemplo,
1186 3696 1238 3755 sed
1259 3716 1277 3754 a
1297 3694 1474 3755 dexteritate

376 3778 565 3837 exhrberent:
598 3777 654 3854 qui
685 3797 755 3836 vero
784 3777 900 3855 longius
949 3777 1125 3855 ingenioque
1142 3775 1217 3835 desn
1229 3774 1341 3832 Christi
1354 3774 1474 3832 minime

328 3857 532 3930 asdistabant
557 3856 696 3933 quiequid
720 3855 758 3915 sd
781 3875 899 3915 manum
948 3851 1473 3987 alieno.Omnessiquidemqniapri·

376 3945 447 4001 erat,
462 3935 493 3992 in
506 3936 604 4014 ipsum
617 3936 812 4012 ennjieerent:
836 3954 899 3992 om.
948 3955 997 3994 ma
1010 3934 1108 3993 statim
1118 3929 1405 4010 comprehensionefi
1426 3950 1473 3989 em

375 4033 428 4073 nes
439 4013 565 4091 deniqne
578 4014 738 4091 gravissimi
753 4013 852 4072 delicti
866 4033 900 4072 ae
949 4022 1135 4092 negaverant,
1149 4011 1205 4089 ipsi
1225 4028 1342 4087 qnoque
1362 4009 1393 4065 in
1411 4029 1473 4067 σοι.

376 4092 484 4172 piaculi
498 4112 604 4151 reosse
617 4093 827 4159 existimarent,
842 4092 899 4151 nisi
949 4112 1043 4152 nerem
1064 4091 1198 4167 eonjeeti,
1219 4087 1319 4148 eadem
1340 4108 1405 4165 qne
1425 4108 1472 4148 ee-

375 4192 430 4251 pru
453 4191 507 4230 sua
534 4172 585 4248 qui
620 4191 658 4229 ue
687 4181 769 4250 parte
796 4171 824 4230 ei
848 4191 900 4250 pe-
950 4172 1006 4229 teri
1020 4180 1161 4247 martyres
1174 4167 1368 4244 perferebant.
1410 4167 1474 4227 Ne·

326 4250 506 4325 30tulanter
538 4249 583 4307 ins
616 4260 678 4309 tare
710 4249 899 4308 studuissent.
949 4269 1007 4326 que
1035 4250 1112 4308 enim
1136 4247 1195 4306 illis
1218 4246 1375 4323 quidquam
1401 4258 1473 4306 tunc

374 4329 496 4408 Quippe
510 4329 568 4387 bne
585 4328 672 4386 modo
690 4328 826 4404 injuriam
840 4329 899 4386 De·
949 4328 1062 4421 profuit
1073 4326 1142 4386 fidei
1151 4346 1211 4385 sne
1219 4326 1344 4403 negatio.
1360 4325 1472 4385 Verum

375 4429 458 4466 orum
486 4427 605 4466 anonim
632 4406 747 4466 ulturos
768 4427 800 4466 se
823 4408 900 4466 arbi.
949 4406 993 4464 rili
1007 4406 1124 4484 quidem
1138 4406 1190 4483 qui
1203 4424 1267 4464 sess
1286 4403 1316 4461 id
1334 4405 1413 4481 quod
1427 4424 1472 4464 re·

376 4488 537 4547 trabuntur.
588 4485 706 4546 Exinde
730 4486 781 4544 vix
805 4486 900 4544 adhue
949 4505 1019 4545 vera
1044 4496 1136 4551 erant,
1160 4504 1222 4543 esse
1250 4485 1471 4578 profitebantur,

376 4566 488 4645 spirans
496 4567 528 4625 in
536 4585 677 4625 cernerem
687 4566 833 4643 projectus
843 4575 899 4631 est,
950 4575 1088 4641 tunquam
1103 4563 1261 4622 Christiani
1280 4563 1473 4638 eonjieiebsn-

325 4666 342 4721 3
347 4663 365 4724 5
376 4645 552 4723 tandemque
562 4656 629 4725 post
638 4645 760 4705 biduum
773 4645 900 4704 animam
950 4654 1000 4702 tur
1014 4644 1045 4701 in
1058 4643 1183 4710 vincula,
1194 4642 1276 4700 nullo
1285 4642 1343 4700 alio
1353 4643 1473 4701 erimine

376 4724 531 4784 exhalarit.
949 4722 1021 4801 ipsis
1041 4722 1165 4799 objecto.
1207 4722 1251 4780 Hi
1264 4742 1334 4781 vero
1352 4720 1473 4800 perinde

1020 4820 1072 4863 Μ’
1087 4819 1106 4867 2
