3809 5650
553 666 604 732 IN
628 668 878 735 HEGESIPPI
905 671 1210 737 FRAGMENTA.
1373 669 1437 734 265

336 853 355 898 e
375 833 484 898 oodioo
507 834 664 902 Vaticano
683 837 812 922 protuli,
828 838 1007 903 Gurdinslis
1029 839 1136 903 Msius
1158 838 1190 902 in
1210 840 1302 901 Nora
1317 836 1436 902 Colloet.

346 934 408 998 Vct.
436 936 636 1019 Scaptomm,
658 939 718 1001 vol.
733 939 753 1003 i.
776 941 813 1001 P.
834 939 855 1003 i.
874 962 906 1023 p.
929 959 1000 1023 155.
1044 940 1193 1004 Ceterum
1219 939 1320 1002 tradit
1341 938 1439 1002 tortio

338 1033 449 1098 itidem
469 1037 585 1101 soeoulo
603 1038 756 1123 Origenes
781 1039 813 1102 in
831 1041 883 1103 lib.
900 1041 940 1103 vi.
967 1041 1037 1103 odo.
1069 1040 1187 1103 Celsum
1201 1061 1230 1101 n.
1251 1058 1300 1101 11.
1346 1036 1440 1100 Dosi-

338 1134 482 1210 thesnos,
506 1137 560 1220 qui
579 1159 637 1201 neo
658 1146 766 1214 entes,
787 1146 824 1202 ut
845 1140 902 1216 ait,
925 1139 1016 1203 vuldo
1037 1139 1219 1214 floruerant,
1243 1138 1440 1222 temporibus

338 1236 405 1299 suis
426 1237 507 1300 odeo
528 1239 691 1316 defecisse,
705 1247 743 1304 ut
761 1261 910 1303 numerus
929 1261 1040 1304 eorum
1059 1241 1102 1304 od
1121 1240 1255 1324 triginta
1273 1240 1326 1302 vix
1346 1247 1380 1302 et
1399 1259 1440 1302 ne

338 1335 392 1397 vix
405 1337 533 1420 quidem
547 1361 714 1424 assurgere
728 1341 897 1404 diceretur.
943 1340 1115 1403 Interitum
1131 1361 1255 1424 quoque
1275 1339 1440 1403 haeretioo·

339 1457 411 1498 rum
426 1436 679 1503 Simonisnorum
694 1448 851 1504 memoret
865 1441 982 1504 ibidem
998 1441 1162 1525 Origenes.

385 1537 422 1600 P.
445 1541 517 1602 216.
533 1539 553 1602 1.
572 1561 603 1624 3.
625 1543 697 1604 ὅθεν
720 1544 897 1620 Γορθηωνοί·
921 1542 970 1603 καὶ
993 1543 1194 1619 Mareotes,
1211 1542 1283 1605 ὅθεν
1304 1546 1441 1618 Μασβω-

339 1640 428 1700 θαῖοι·
463 1639 522 1701 ἀπὸ
548 1641 660 1703 τούτων
686 1642 976 1723 Μενανδριανισταὶ]
1006 1641 1108 1717 (Edd.
1134 1640 1240 1724 Steph.
1267 1647 1301 1703 et
1324 1640 1441 1702 Valerii

340 1736 469 1814 hubent,
488 1739 559 1801 ὅθεν
580 1740 749 1818 reponeret
769 1741 817 1803 καὶ
838 1745 1050 1817 Μασβωθαῖοι,
1069 1742 1141 1804 ὅθεν
1162 1741 1221 1803 ἀπὸ
1242 1742 1355 1803 τούτων
1374 1745 1439 1803 Με·

342 1839 573 1917 νανδριανισταὶ,
596 1839 651 1911 ubi
672 1838 741 1902 haeo
766 1839 908 1902 Valesius
918 1841 941 1918 z)
968 1840 1098 1903 Rectius
1120 1840 1205 1924 apud
1227 1838 1441 1922 Nicephorum

341 1933 374 1997 in
399 1958 468 2020 oap.
481 1937 533 2000 vii.
556 1937 651 2018 lib.4.
679 1941 727 2002 καὶ
753 1944 895 2013 Γορθαῖος
920 1940 991 2003 ὅθεν
1017 1943 1202 2019 Γορθαιανοί·
1227 1941 1275 2003 καὶ
1304 1939 1442 2016 Meotid-

343 2039 410 2102 θεος
442 2037 513 2099 ὅθεν
546 2040 781 2115 Μασβωθεανοί·
819 2038 878 2101 ἀπὸ
915 2040 1027 2103 τούτων
1056 2040 1341 2119 Μενανδριανισταὶ,
1384 2040 1441 2101 διο.

344 2137 447 2217 Quom
478 2137 731 2202 emendationem
764 2141 933 2205 oonfirrnst
970 2142 1076 2205 Rufini
1108 2141 1340 2226 interpretatio.
1401 2138 1442 2201 In

344 2238 451 2302 oodiee
481 2238 596 2322 Regio,
628 2239 717 2301 Max.
751 2239 834 2303 Fuk.
866 2248 900 2305 et
929 2240 1001 2305 Sos.
1033 2244 1210 2322 Γοροθηνοὶ;
1251 2241 1336 2324 apud
1365 2239 1442 2324 Epi-

343 2338 493 2419 phsnium
514 2336 547 2400 in
563 2341 730 2401 Ancorato
753 2343 917 2418 Γοραθηνοὶ
936 2341 1103 2405 dicuntur:
1125 2342 1158 2405 in
1174 2341 1314 2405 Penurio
1335 2345 1444 2402 autem

345 2440 497 2516 Γορθηνοί
552 2438 654 2501 Porro
684 2437 743 2501 hos
776 2438 913 2502 haereses
946 2462 986 2503 ex
1021 2449 1143 2524 septem
1172 2439 1301 2504 Judaioi
1336 2438 1445 2523 populi

345 2537 440 2599 sestis
465 2537 619 2621 originem
645 2538 791 2612 traxisse,
817 2547 904 2602 reete
931 2541 1134 2624 Hegesippus
1160 2541 1317 2603 observat.
1362 2538 1446 2602 Nem

346 2634 530 2713 Simoniani,
545 2636 744 2713 Dositheoni,
763 2638 919 2702 Gortheni
941 2648 975 2701 et
997 2639 1120 2722 reliquo
1141 2660 1284 2702 errorum
1307 2639 1444 2712 nomine,

346 2734 424 2797 nihil
448 2736 534 2799 uliud
560 2737 689 2799 suerunt
712 2757 808 2819 quum
832 2738 891 2800 rivi
914 2760 952 2801 ex
975 2738 1122 2802 Judei'ois
1143 2737 1205 2802 iilis
1225 2739 1368 2801 fontibus
1389 2738 1445 2799 de-

346 2833 489 2898 fluentes.
534 2837 582 2899 At
599 2837 812 2901 Theodoritus
831 2838 864 2900 in
884 2838 966 2901 libro
983 2841 1010 2902 I.
1027 2839 1248 2902 haeretiourum
1268 2838 1447 2901 fabularum

347 2956 415 3017 esp.
440 2955 466 2997 1.
492 2936 551 2999 hos
574 2959 684 3000 omnes
706 2938 843 3001 haereses
867 2960 907 3001 ex
931 2938 1069 3002 Simonis
1093 2939 1182 3001 fonte
1206 2936 1334 2999 fluxisse
1358 2937 1450 3013 dioit,

349 3035 540 3099 Cleobionos
574 3037 705 3112 scilieet,
741 3038 967 3113 Dositheunos,
1001 3038 1193 3112 Gorthenos,
1227 3036 1448 3112 Morbotheos,

349 3136 609 3211 Menandrienos,
636 3136 827 3221 Eutyohitos
853 3147 887 3202 et
913 3138 1073 3202 Oenistas.
1102 3139 1134 3199 ἐκ
1159 3140 1244 3215 ripis
1269 3139 1320 3212 τῆς
1349 3160 1449 3214 πικρο-

348 3236 436 3314 τάτης
450 3237 627 3318 ὰνεφύησαν
640 3239 720 3317 ῥίζης
735 3241 916 3317 Κλεοβανοὶ,
934 3239 1125 3309 Δοσιθεανοὶ,
1142 3236 1296 3317 Γορθηνοὶ,
1312 3236 1449 3311 Maspioi·

349 3341 422 3407 θεοι,
433 3334 648 3415 Ἀδριανισταὶ,
667 3338 842 3418 Εὗτνχηταὶ,
861 3339 1016 3400 Καυισταί.
1046 3336 1111 3399 Sed
1125 3357 1196 3398 oum
1211 3341 1336 3398 constet
1348 3334 1450 3417 ipsam

351 3434 567 3499 Simonisnom
594 3435 739 3498 haeresim
761 3458 801 3499 ex
822 3437 969 3501 Judamis
994 3436 1089 3501 scotis
1113 3436 1266 3519 originem
1291 3436 1449 3511 habuisse,

349 3535 467 3598 reotius
481 3535 614 3598 dixisset
626 3535 840 3599 Theodoritus
851 3559 906 3600 eos
921 3559 1030 3600 omnes
1041 3559 1080 3600 ex
1093 3536 1114 3599 J
1117 3535 1238 3599 udaieis
1249 3536 1343 3599 sestis
1354 3535 1451 3598 fuisse

349 3641 561 3715 propagatos:
587 3634 724 3697 maxime
746 3656 818 3698 oum
841 3638 987 3719 quaedum
1009 3636 1133 3699 illerum
1154 3637 1328 3710 haereseon,
1351 3635 1451 3698 Simo·

351 3731 446 3793 nisus
472 3732 663 3795 vetustiores
688 3755 757 3796 esse
781 3734 959 3811 videantur,
984 3736 1071 3798 verbi
1095 3736 1202 3818 gretie
1226 3735 1393 3798 Gorthenn
1417 3738 1452 3795 et

265 3915 267 3920 Ι
351 3828 559 3893 Dosithesns.
594 3831 761 3895 Vstrsws.
806 3833 927 3897 Nostro.
951 3831 1046 3896 leotio
1070 3833 1150 3911 (soil.
1174 3835 1222 3895 καὶ
1245 3836 1453 3909 mareotam

351 3928 422 3990 ὅθεν
449 3933 699 4005 Μασβωθαιανοὶ,
723 3932 782 3994 ἀπὸ
803 3936 916 3996 τούτων
940 3933 1228 4014 Μενανδριαυισταὶ)
1250 3938 1342 3994 extat
1366 3929 1449 4011 opud

351 4028 456 4109 Rufio.
477 4027 607 4110 Nicoph.
631 4029 797 4111 attempt.
819 4030 1019 4111 disorepunte
1039 4035 1148 4091 tomen
1168 4028 1254 4111 opud
1273 4027 1333 4089 hos
1355 4026 1453 4108 serip-

351 4133 434 4188 ture.
481 4126 627 4208 Namque
646 4126 819 4208 Christoplr.
834 4128 927 4189 Μ.
947 4126 1069 4188 hubent
1087 4129 1302 4202 Μασβωθαΐοι,
1318 4123 1451 4206 Nicept.

352 4227 544 4303 Μασβόθεος
563 4233 597 4289 et
618 4226 848 4303 Μασβοθεανοὶ,
865 4224 971 4287 Rufin.
987 4222 1183 4287 Morborum
1199 4230 1233 4287 et
1250 4222 1452 4305 Mmtyrtent.

352 4323 386 4385 S.
405 4324 444 4385 V.
462 4323 621 4387 Semlerus
639 4331 732 4387 acute
750 4322 839 4400 vidit,
854 4323 941 4408 ipsos
958 4322 1157 4387 Christianos
1171 4344 1193 4385 o
1205 4321 1330 4385 Judaeis
1350 4321 1454 4384 dictos

351 4443 421 4485 esse
436 4430 628 4493 obtritam
643 4445 699 4486 seu
714 4430 927 4487 oontomtores
942 4423 1088 4487 Sebbeti.
1117 4422 1194 4485 Vid.
1206 4421 1275 4508 ejus
1285 4422 1327 4484 sd
1338 4420 1454 4484 Boum-

351 4522 478 4603 gorteni
493 4522 687 4586 Gesohiehto
707 4522 764 4586 der
783 4522 1152 4607 Religions-Partheyen
1176 4545 1207 4605 p.
1225 4537 1296 4602 270.
1320 4522 1452 4584 Srsom.

353 4622 492 4684 Prorsus
512 4623 706 4687 eontrarium
729 4623 1027 4707 interpretationem
1052 4622 1290 4705 excogitaverat
1310 4620 1359 4683 vir
1378 4621 1452 4684 doo-

397 4742 463 4783 vor..
482 4743 505 4783 1.
866 4742 937 4784 um
