3809 5650
426 674 492 737 ται
750 631 1188 746 numoulnsuuuffl.

427 833 558 935 ζῦντας
577 832 634 907 καὶ
652 827 803 928 νεκροὺς,
822 830 880 904 καὶ
898 826 1080 905 ἀποδῶσει
1098 823 1239 929 ἑκάστῳ
1262 822 1353 901 κατὰ
1376 821 1422 901 τὰ
1445 826 1522 903 ε’πι·

427 963 629 1064 τηδεύματα
646 963 765 1040 αὑτοῦ·
795 962 850 1066 ἐφ’
864 959 916 1042 οἷς
933 959 1044 1058 μηδὲν
1061 962 1178 1038 αὐτῶν
1197 957 1445 1060 κατεγνωκότα
1462 956 1526 1037 τὸν

428 1094 659 1195 Δομετιανὸν,
689 1094 789 1172 ἀλλὰ
825 1098 883 1172 καὶ
916 1097 964 1177 ὡς
999 1095 1152 1171 εὐτελῶν
1189 1091 1526 1198 καταφρονήσαντα,

427 1230 632 1331 ἐλευθερους
646 1227 712 1327 μέν
726 1226 852 1311 αὐτοῦς
866 1230 1009 1325 ἀνεῖναι,
1023 1236 1252 1305 καταπαῦσαι
1272 1226 1310 1305 δὲ
1328 1224 1386 1305 διὰ
1403 1260 1523 1328 προσ·

428 1362 610 1464 τάγματος
641 1362 705 1441 τὸν
737 1361 829 1440 κατῦι
854 1366 917 1459 τῆς
941 1361 1135 1459 ἐκκλησίας
1169 1360 1337 1460 διωγμόν·
1378 1360 1459 1443 τοῦς
1491 1359 1527 1438 δέ
1537 1396 1553 1457 5

429 1499 684 1593 ἀπολυθέντας,
698 1495 909 1597 ἡγήσασθαι
928 1503 1000 1574 τῶν
1018 1499 1230 1594 ἐκκλησιῶν,
1243 1501 1291 1579 ὡς
1309 1494 1355 1574 ἂν
1373 1495 1417 1594 δή
1435 1494 1527 1596 μάρ-

429 1666 536 1733 τυρας
556 1633 645 1729 ὁμοῦ
658 1634 717 1708 καὶ
735 1629 807 1708 ἀπὸ
827 1630 950 1730 γένους
968 1629 1073 1712 ὄντας
1087 1638 1150 1707 τοῦ
1167 1632 1313 1731 Κυρίου·
1338 1631 1529 1730 γενομένης

430 1799 468 1843 τε
491 1762 638 1866 εἰρήνης,
657 1763 761 1867 μέχρι
779 1769 959 1864 Τραϊανοῦ
982 1770 1195 1863 παραμεῖναι
1219 1761 1421 1869 αὐτοῦςτῷ
1445 1765 1526 1868 βίῳ.

433 1900 505 1958 Hoec
520 1901 617 1978 posuit
633 1900 779 1957 Eusebius
794 1898 842 1955 lib.
858 1898 899 1955 iii.
916 1898 998 1955 Hirr.
1015 1917 1038 1955 c.
1054 1916 1099 1953 το.

480 2000 680 2106 Ἕρχονται
699 2003 761 2080 οὖν
786 2019 888 2092 (Judae
908 2029 1028 2095 nepotes
1050 2018 1180 2094 proxime
1203 2028 1269 2074 aute
1285 2017 1448 2088 memorati)
1471 2003 1529 2077 καὶ
1541 2034 1578 2073 10

431 2143 670 2238 προηγοῦνται
698 2134 821 2230 πάσης
849 2132 1042 2229 ἐκκλησίας
1072 2134 1120 2213 ὡς
1151 2128 1335 2233 μάρτυρες,
1367 2135 1425 2209 καὶ
1457 2129 1529 2211 ἀπὸ

431 2269 554 2370 γένους
579 2272 643 2345 τοῦ
671 2267 812 2366 Κυρίου.
853 2268 911 2342 καὶ
936 2265 1127 2363 γενομένης
1154 2262 1291 2365 εἰρήνης
1318 2265 1466 2357 βαθείας
1492 2267 1530 2342 ε’ν

431 2398 535 2504 παίσῃ
573 2400 758 2503 ἐκκλησίᾳ,
790 2399 938 2496 μένουσι
974 2397 1079 2500 μέχρι
1115 2403 1295 2499 Τραϊανοῦ
1334 2399 1528 2498 Καίσαρος.

431 2534 555 2643 μέχρις
574 2533 615 2611 οῦ
634 2534 654 2610 ὃ
672 2535 711 2610 ἐκ
730 2531 824 2610 θείου
842 2539 906 2609 τοῦ
927 2533 1061 2633 Κυρίου
1080 2532 1099 2609 ὁ
1117 2531 1367 2634 προειρημένος
1385 2531 1532 2626 Συμεὼν

434 2664 507 2750 υίὸς
522 2670 675 2761 Κλωπᾶ,
689 2667 971 2766 συκοφαντηθείς
992 2663 1060 2743 ῦπῦ
1079 2672 1151 2743 τῶν
1164 2667 1345 2768 αἱρέσεων,
1361 2664 1532 2748 ὡσαύτως
1547 2688 1578 2746 Ι5

434 2799 662 2904 κατηγορήθη
681 2804 739 2879 καὶ
757 2798 863 2884 αῦτῦς
881 2802 939 2879 ε’πὶ
964 2804 1015 2905 τῷ
1041 2800 1138 2906 αὐτῷ
1163 2798 1264 2906 λόγιρ
1291 2801 1348 2880 ε’πὶ
1365 2802 1533 2879 Ἀττικοῦ

434 2945 498 3016 τοῦ
517 2938 697 3015 ῦπατικοῦ.
731 2938 791 3013 καὶ
807 2937 865 3013 ἐπὶ
883 2934 1028 3019 πολλὰς
1042 2936 1173 3037 ἡμέρας
1187 2935 1411 3038 αἰκιζόμενος,
1427 2939 1534 3037 ἐμαρ-

436 3280 572 3337 Christus
592 3278 748 3335 adveniens
769 3297 834 3333 cum
856 3276 960 3353 glorio,
1012 3276 1177 3355 praesident,
1206 3288 1309 3353 utpote
1338 3288 1479 3356 martyres
1507 3291 1536 3335 et

436 3359 519 3416 vivos
547 3356 634 3415 simul
660 3366 691 3413 et
719 3367 849 3413 mortuos
880 3356 961 3430 judi.
1012 3357 1109 3431 agnati
1151 3356 1270 3414 Christi.
1346 3356 1535 3433 Tandemque

437 3437 523 3501 osbit,
538 3446 568 3493 et
582 3436 740 3511 unicuique
758 3454 878 3510 operum
893 3455 961 3491 suo-
1011 3435 1158 3512 profunda
1189 3455 1259 3512 puce
1290 3435 1416 3494 ecclesiae
1451 3436 1534 3493 resti·
1547 3444 1584 3482 20

436 3535 501 3574 rum
536 3514 696 3571 mercedem
733 3515 853 3570 tribuet.
904 3514 961 3571 His
1012 3524 1086 3577 tutu,
1106 3514 1142 3571 ud
1160 3515 1274 3590 'lhajsui
1294 3534 1387 3592 usque
1406 3525 1537 3592 tempora

437 3595 555 3661 auditis,
584 3593 771 3649 Domitianus
802 3593 875 3648 nihil
910 3593 960 3650 sd·
1012 3593 1183 3670 superstites
1196 3594 1327 3651 fuerunt.
1364 3594 1466 3650 Donec
1481 3593 1536 3670 Sy·

438 3693 538 3733 versus
566 3671 631 3728 illos
658 3672 787 3748 asperius
811 3670 959 3728 decrevit:
1012 3691 1097 3728 meon
1118 3673 1302 3749 supradictus
1323 3671 1439 3748 Cleopae
1459 3671 1537 3729 filius

438 3753 489 3813 sed
516 3752 654 3808 vilitatem
686 3750 835 3807 homiuum
864 3770 960 3828 asper·
1012 3751 1076 3826 ejus
1097 3751 1147 3826 qui
1173 3761 1294 3828 patruus
1317 3761 1381 3808 erat
1405 3750 1536 3818 Domini,

438 3844 534 3896 ustus,
550 3831 654 3888 liberos
669 3829 747 3887 abire
763 3829 869 3904 jussit:
892 3831 962 3888 mis.
1012 3841 1163 3888 accusatus
1177 3829 1311 3886 similiter
1325 3832 1361 3887 ab
1373 3830 1536 3896 Hoereticis,
1549 3840 1584 3896 25

438 3931 529 3989 eoque
547 3910 643 3968 edicto
659 3909 888 3986 persecutionem
911 3910 960 3967 ad-
1013 3920 1043 3967 et
1074 3911 1112 3966 ob
1139 3907 1259 3966 eundem
1285 3928 1398 3978 causum
1431 3909 1461 3965 in
1488 3910 1538 3984 jus

438 4011 540 4050 versus
590 3988 737 4046 ecclesiam
790 4000 961 4046 commotam
1014 3999 1133 4046 vocatus
1154 3999 1199 4046 est
1219 4008 1314 4045 coram
1336 3988 1439 4046 Attico
1461 3989 1539 4045 Con.

439 4069 626 4147 compescuit.
667 4067 739 4125 Illos
753 4087 822 4125 vero
835 4067 964 4125 adhunc
1014 4068 1121 4137 sulari;
1143 4079 1174 4125 et
1192 4065 1364 4146 permultos
1382 4068 1443 4125 dies
1460 4088 1539 4125 acer.

439 4149 558 4207 modum
579 4148 722 4215 dimissos,
737 4146 865 4204 ecclesiis
885 4159 964 4224 post·
1014 4148 1139 4205 bissimis
1166 4147 1319 4205 tormentis
1344 4147 1538 4213 excruciatus,

440 4229 494 4286 heo
520 4227 670 4306 proefuisse
701 4236 828 4290 narrant,
861 4236 964 4303 utpote
1016 4226 1101 4284 fidem
1149 4226 1258 4284 Christi
1308 4225 1587 4293 constantissime30

440 4308 551 4366 Christi
575 4316 716 4383 martyres
736 4305 823 4362 simul
844 4325 877 4362 ac
897 4325 965 4382 pro.
1016 4306 1163 4383 professus
1179 4315 1223 4362 est
1233 4328 1242 4374 3
1264 4305 1337 4364 adeo
1357 4317 1391 4363 ut
1412 4320 1442 4362 et
1461 4304 1539 4362 Con.

441 4386 586 4464 pinquos;
620 4395 651 4442 et
679 4404 748 4456 pace
776 4385 891 4441 demum
920 4404 965 4441 ec·
1015 4384 1120 4443 sularis
1138 4386 1209 4461 ipse,
1229 4395 1259 4443 et
1280 4404 1381 4442 omnes
1401 4384 1450 4459 qui
1473 4383 1541 4441 nde·

442 4464 535 4521 olesiae
555 4462 667 4520 reddita
686 4462 722 4519 ed
738 4462 853 4536 Trajani
874 4483 966 4539 usque
1016 4474 1092 4530 runt,
1103 4483 1278 4540 magnopere
1287 4464 1471 4526 mirarentur,
1483 4482 1540 4538 qua

441 4553 573 4619 tempora
609 4543 696 4598 vitam
739 4542 966 4617 perduxisse.—
1016 4543 1129 4599 ratione
1158 4544 1200 4598 vir
1229 4554 1345 4600 centum
1375 4563 1408 4600 ao
1435 4541 1538 4617 viginti

442 4621 559 4678 Adsunt
578 4620 620 4676 illi
635 4631 665 4677 et
681 4621 821 4676 universus
838 4620 966 4677 ecclesian
1017 4641 1107 4678 annos
1129 4633 1223 4687 natus,
1245 4633 1289 4679 tot
1311 4633 1454 4678 tormento
1475 4639 1539 4698 per-
1550 4633 1585 4688 35
