<?xml version="1.0" encoding="UTF-8"?>
<!DOCTYPE html PUBLIC "-//W3C//DTD XHTML 1.0 Transitional//EN"
    "http://www.w3.org/TR/xhtml1/DTD/xhtml1-transitional.dtd">
<html xmlns="http://www.w3.org/1999/xhtml" xml:lang="en" lang="en">
 <head>
  <title>
</title>
<meta http-equiv="Content-Type" content="text/html;charset=utf-8" />
  <meta name='ocr-system' content='tesseract 3.04.00' />
  <meta name='ocr-capabilities' content='ocr_page ocr_carea ocr_par ocr_line ocrx_word'/>
</head>
<body>
  <div class='ocr_page' id='page_1' title='image "./reliquiaesacrae07routgoog_0231.png"; bbox 0 0 3809 5650; ppageno 0'>
   <div class='ocr_carea' id='block_1_1' title="bbox 624 1171 1208 1276">
    <p class='ocr_par' dir='ltr' id='par_1_1' title="bbox 624 1171 1208 1276">
     <span class='ocr_line' id='line_1_1' title="bbox 624 1171 1208 1276; baseline 0 -3"><span class='ocrx_word' id='word_1_1' title='bbox 624 1171 1208 1276; x_wconf 86' lang='lat' dir='ltr'>ANNOTATlONES</span> 
     </span>
    </p>
   </div>
   <div class='ocr_carea' id='block_1_2' title="bbox 430 1456 1411 1541">
    <p class='ocr_par' dir='ltr' id='par_1_2' title="bbox 430 1456 1411 1541">
     <span class='ocr_line' id='line_1_2' title="bbox 430 1456 1411 1541; baseline 0.006 -6"><span class='ocrx_word' id='word_1_2' title='bbox 430 1456 493 1535; x_wconf 89' lang='lat' dir='ltr'>IN</span> <span class='ocrx_word' id='word_1_3' title='bbox 527 1457 613 1537; x_wconf 94' lang='grc' dir='ltr'>ΒΒ.</span> <span class='ocrx_word' id='word_1_4' title='bbox 640 1459 978 1541; x_wconf 90' lang='lat' dir='ltr'>DIONYSIUM</span> <span class='ocrx_word' id='word_1_5' title='bbox 1010 1461 1089 1541; x_wconf 90' lang='grc' dir='ltr'>ΕΤ</span> <span class='ocrx_word' id='word_1_6' title='bbox 1120 1461 1411 1541; x_wconf 86' lang='lat' dir='ltr'>PlNYTUM.</span> 
     </span>
    </p>
   </div>
   <div class='ocr_carea' id='block_1_3' title="bbox 355 1912 1481 4816">
    <p class='ocr_par' dir='ltr' id='par_1_3' title="bbox 355 1912 1481 4737">
     <span class='ocr_line' id='line_1_3' title="bbox 409 1912 1468 2001; baseline 0.004 -26"><span class='ocrx_word' id='word_1_7' title='bbox 409 1912 447 1975; x_wconf 90' lang='grc' dir='ltr'>Ρ.</span> <span class='ocrx_word' id='word_1_8' title='bbox 462 1928 532 1997; x_wconf 86' lang='lat'>179.</span> <span class='ocrx_word' id='word_1_9' title='bbox 551 1913 571 1976; x_wconf 89' lang='lat' dir='ltr'>l.</span> <span class='ocrx_word' id='word_1_10' title='bbox 585 1935 614 1995; x_wconf 91' lang='lat'>7.</span> <span class='ocrx_word' id='word_1_11' title='bbox 636 1913 694 1992; x_wconf 83' lang='grc' dir='ltr'>Ἐξ</span> <span class='ocrx_word' id='word_1_12' title='bbox 713 1917 807 1999; x_wconf 78' lang='grc' dir='ltr'>ἀρχῆς</span> <span class='ocrx_word' id='word_1_13' title='bbox 828 1921 887 1998; x_wconf 73' lang='grc' dir='ltr'>γὰρ</span> <span class='ocrx_word' id='word_1_14' title='bbox 906 1916 992 2001; x_wconf 83' lang='grc' dir='ltr'>ὑμῖν]</span> <span class='ocrx_word' id='word_1_15' title='bbox 1019 1914 1181 1979; x_wconf 79' lang='lat' dir='ltr'>Praemisit</span> <span class='ocrx_word' id='word_1_16' title='bbox 1204 1913 1381 1978; x_wconf 80' lang='lat' dir='ltr'><strong>Eusebius:</strong></span> <span class='ocrx_word' id='word_1_17' title='bbox 1399 1912 1468 1979; x_wconf 82' lang='grc' dir='ltr'>Ἐτι</span> 
     </span>
     <span class='ocr_line' id='line_1_4' title="bbox 364 2016 1468 2101; baseline 0.001 -24"><span class='ocrx_word' id='word_1_18' title='bbox 364 2021 416 2078; x_wconf 83' lang='grc' dir='ltr'>τοῦ</span> <span class='ocrx_word' id='word_1_19' title='bbox 432 2020 594 2081; x_wconf 83' lang='grc' dir='ltr'>Διονυσίου</span> <span class='ocrx_word' id='word_1_20' title='bbox 610 2018 658 2080; x_wconf 79' lang='grc' dir='ltr'>καί</span> <span class='ocrx_word' id='word_1_21' title='bbox 678 2019 752 2100; x_wconf 81' lang='grc' dir='ltr'>πρὸς</span> <span class='ocrx_word' id='word_1_22' title='bbox 765 2017 926 2098; x_wconf 79' lang='grc' dir='ltr'>Ῥωμαίους</span> <span class='ocrx_word' id='word_1_23' title='bbox 941 2016 1088 2095; x_wconf 74' lang='grc' dir='ltr'>ἐπιστολὴ</span> <span class='ocrx_word' id='word_1_24' title='bbox 1107 2016 1241 2098; x_wconf 83' lang='grc' dir='ltr'>φέρεται,</span> <span class='ocrx_word' id='word_1_25' title='bbox 1257 2017 1408 2100; x_wconf 75' lang='grc' dir='ltr'>ἔπισκόπφ</span> <span class='ocrx_word' id='word_1_26' title='bbox 1427 2018 1468 2101; x_wconf 67' lang='grc' dir='ltr'>τῷ</span> 
     </span>
     <span class='ocr_line' id='line_1_5' title="bbox 363 2118 1469 2201; baseline 0 -20"><span class='ocrx_word' id='word_1_27' title='bbox 363 2120 431 2182; x_wconf 83' lang='grc' dir='ltr'>τότε</span> <span class='ocrx_word' id='word_1_28' title='bbox 454 2124 567 2200; x_wconf 79' lang='grc' dir='ltr'>Σωτῆρι</span> <span class='ocrx_word' id='word_1_29' title='bbox 589 2126 825 2201; x_wconf 82' lang='grc' dir='ltr'>προσφωνοῦσα·</span> <span class='ocrx_word' id='word_1_30' title='bbox 850 2123 882 2199; x_wconf 74' lang='grc' dir='ltr'>ἐξ</span> <span class='ocrx_word' id='word_1_31' title='bbox 901 2121 937 2199; x_wconf 80' lang='grc' dir='ltr'>ἧς</span> <span class='ocrx_word' id='word_1_32' title='bbox 956 2121 1045 2184; x_wconf 76' lang='grc' dir='ltr'>οὐδὲν</span> <span class='ocrx_word' id='word_1_33' title='bbox 1066 2121 1131 2182; x_wconf 75' lang='grc' dir='ltr'>οἷον</span> <span class='ocrx_word' id='word_1_34' title='bbox 1152 2119 1187 2181; x_wconf 84' lang='grc' dir='ltr'>τὸ</span> <span class='ocrx_word' id='word_1_35' title='bbox 1210 2119 1258 2182; x_wconf 84' lang='grc' dir='ltr'>καὶ</span> <span class='ocrx_word' id='word_1_36' title='bbox 1280 2118 1469 2200; x_wconf 76' lang='grc' dir='ltr'>παραθέσθαι</span> 
     </span>
     <span class='ocr_line' id='line_1_6' title="bbox 363 2218 1470 2304; baseline 0.002 -23"><span class='ocrx_word' id='word_1_37' title='bbox 363 2219 474 2298; x_wconf 72' lang='grc' dir='ltr'>λέξεις,</span> <span class='ocrx_word' id='word_1_38' title='bbox 489 2220 524 2285; x_wconf 89' lang='grc' dir='ltr'>δι’</span> <span class='ocrx_word' id='word_1_39' title='bbox 541 2223 583 2284; x_wconf 82' lang='grc' dir='ltr'>ὧν</span> <span class='ocrx_word' id='word_1_40' title='bbox 597 2221 631 2284; x_wconf 84' lang='grc' dir='ltr'>τὸ</span> <span class='ocrx_word' id='word_1_41' title='bbox 650 2223 739 2304; x_wconf 78' lang='grc' dir='ltr'>μεχρί</span> <span class='ocrx_word' id='word_1_42' title='bbox 754 2227 805 2284; x_wconf 86' lang='grc' dir='ltr'>τοῦ</span> <span class='ocrx_word' id='word_1_43' title='bbox 827 2221 890 2284; x_wconf 85' lang='grc' dir='ltr'>καθ’</span> <span class='ocrx_word' id='word_1_44' title='bbox 907 2223 982 2300; x_wconf 80' lang='grc' dir='ltr'>ἡμᾶς</span> <span class='ocrx_word' id='word_1_45' title='bbox 996 2226 1125 2303; x_wconf 80' lang='grc' dir='ltr'>διωγμοῦ</span> <span class='ocrx_word' id='word_1_46' title='bbox 1139 2222 1297 2304; x_wconf 80' lang='grc' dir='ltr'>φυλαχθὲν</span> <span class='ocrx_word' id='word_1_47' title='bbox 1315 2218 1470 2300; x_wconf 86' lang='grc' dir='ltr'>Ῥωμαίων</span> 
     </span>
     <span class='ocr_line' id='line_1_7' title="bbox 365 2321 1470 2405; baseline 0.002 -22"><span class='ocrx_word' id='word_1_48' title='bbox 365 2321 432 2387; x_wconf 89' lang='grc' dir='ltr'>έθος</span> <span class='ocrx_word' id='word_1_49' title='bbox 455 2324 685 2405; x_wconf 79' lang='grc' dir='ltr'>ἀποδεχόμενος,</span> <span class='ocrx_word' id='word_1_50' title='bbox 706 2328 799 2385; x_wconf 87' lang='grc' dir='ltr'>ταῦτα</span> <span class='ocrx_word' id='word_1_51' title='bbox 821 2323 941 2404; x_wconf 83' lang='grc' dir='ltr'>γράφει·</span> <span class='ocrx_word' id='word_1_52' title='bbox 965 2326 1018 2389; x_wconf 84' lang='grc' dir='ltr'>ΕΞ</span> <span class='ocrx_word' id='word_1_53' title='bbox 1040 2329 1178 2386; x_wconf 85' lang='grc' dir='ltr'>ΑΡΧΗΣ</span> <span class='ocrx_word' id='word_1_54' title='bbox 1198 2326 1254 2404; x_wconf 73' lang='grc' dir='ltr'>γὰρ</span> <span class='ocrx_word' id='word_1_55' title='bbox 1271 2324 1327 2386; x_wconf 78' lang='lat' dir='ltr'>bro.</span> <span class='ocrx_word' id='word_1_56' title='bbox 1372 2322 1470 2385; x_wconf 64' lang='lat' dir='ltr'>Emtae</span> 
     </span>
     <span class='ocr_line' id='line_1_8' title="bbox 361 2423 1469 2508; baseline 0.001 -23"><span class='ocrx_word' id='word_1_57' title='bbox 361 2424 455 2503; x_wconf 73' lang='lat' dir='ltr'>atione</span> <span class='ocrx_word' id='word_1_58' title='bbox 476 2423 599 2507; x_wconf 68' lang='grc' dir='ltr'>φιζςίοίσ</span> <span class='ocrx_word' id='word_1_59' title='bbox 623 2423 752 2506; x_wconf 69' lang='lat' dir='ltr'>eiusdem</span> <span class='ocrx_word' id='word_1_60' title='bbox 774 2424 921 2508; x_wconf 71' lang='lat' dir='ltr'>Dionyeii</span> <span class='ocrx_word' id='word_1_61' title='bbox 941 2425 987 2488; x_wconf 79' lang='lat' dir='ltr'>od</span> <span class='ocrx_word' id='word_1_62' title='bbox 1006 2426 1168 2501; x_wconf 80' lang='lat' dir='ltr'>Romanoa,</span> <span class='ocrx_word' id='word_1_63' title='bbox 1189 2425 1288 2487; x_wconf 69' lang='lat' dir='ltr'>Soteri</span> <span class='ocrx_word' id='word_1_64' title='bbox 1308 2433 1379 2487; x_wconf 80' lang='lat' dir='ltr'>tuae</span> <span class='ocrx_word' id='word_1_65' title='bbox 1399 2433 1469 2486; x_wconf 78' lang='lat' dir='ltr'>tern-</span> 
     </span>
     <span class='ocr_line' id='line_1_9' title="bbox 356 2524 1469 2612; baseline 0.002 -26"><span class='ocrx_word' id='word_1_66' title='bbox 356 2525 445 2608; x_wconf 81' lang='lat' dir='ltr'>poris</span> <span class='ocrx_word' id='word_1_67' title='bbox 459 2525 591 2609; x_wconf 77' lang='lat' dir='ltr'>episcope</span> <span class='ocrx_word' id='word_1_68' title='bbox 607 2526 754 2588; x_wconf 77' lang='grc' dir='ltr'>Ιίουισυα</span> <span class='ocrx_word' id='word_1_69' title='bbox 772 2524 857 2589; x_wconf 80' lang='lat' dir='ltr'>orbis</span> <span class='ocrx_word' id='word_1_70' title='bbox 876 2536 1064 2612; x_wconf 78' lang='lat' dir='ltr'>nuncupate,</span> <span class='ocrx_word' id='word_1_71' title='bbox 1078 2549 1114 2591; x_wconf 81' lang='lat' dir='ltr'>ea</span> <span class='ocrx_word' id='word_1_72' title='bbox 1134 2549 1196 2611; x_wconf 83' lang='lat' dir='ltr'>qao</span> <span class='ocrx_word' id='word_1_73' title='bbox 1208 2548 1315 2611; x_wconf 85' lang='grc' dir='ltr'>ραυοα</span> <span class='ocrx_word' id='word_1_74' title='bbox 1328 2527 1469 2610; x_wconf 72' lang='lat' dir='ltr'>quadum</span> 
     </span>
     <span class='ocr_line' id='line_1_10' title="bbox 360 2624 1469 2711; baseline 0.005 -25"><span class='ocrx_word' id='word_1_75' title='bbox 360 2624 412 2687; x_wconf 75' lang='lat' dir='ltr'>lie</span> <span class='ocrx_word' id='word_1_76' title='bbox 432 2626 563 2689; x_wconf 75' lang='lat' dir='ltr'>inserere</span> <span class='ocrx_word' id='word_1_77' title='bbox 588 2648 647 2689; x_wconf 81' lang='lat' dir='ltr'>non</span> <span class='ocrx_word' id='word_1_78' title='bbox 668 2625 833 2691; x_wconf 79' lang='lat' dir='ltr'>absurdum</span> <span class='ocrx_word' id='word_1_79' title='bbox 846 2628 961 2711; x_wconf 79' lang='lat' dir='ltr'>fuerit,</span> <span class='ocrx_word' id='word_1_80' title='bbox 976 2626 1029 2691; x_wconf 82' lang='lat' dir='ltr'>abi</span> <span class='ocrx_word' id='word_1_81' title='bbox 1046 2629 1158 2692; x_wconf 82' lang='lat' dir='ltr'>seilicet</span> <span class='ocrx_word' id='word_1_82' title='bbox 1177 2627 1230 2690; x_wconf 78' lang='lat' dir='ltr'>ille</span> <span class='ocrx_word' id='word_1_83' title='bbox 1252 2648 1360 2690; x_wconf 76' lang='lat' dir='ltr'>morea</span> <span class='ocrx_word' id='word_1_84' title='bbox 1382 2627 1469 2691; x_wconf 74' lang='lat' dir='ltr'>irati-</span> 
     </span>
     <span class='ocr_line' id='line_1_11' title="bbox 361 2729 1469 2815; baseline 0.002 -26"><span class='ocrx_word' id='word_1_85' title='bbox 361 2735 514 2812; x_wconf 74' lang='lat' dir='ltr'>tutumqne</span> <span class='ocrx_word' id='word_1_86' title='bbox 532 2729 739 2791; x_wconf 80' lang='lat' dir='ltr'>Romanorum</span> <span class='ocrx_word' id='word_1_87' title='bbox 753 2730 798 2793; x_wconf 79' lang='lat' dir='ltr'>ad</span> <span class='ocrx_word' id='word_1_88' title='bbox 813 2731 1049 2815; x_wconf 71' lang='lat' dir='ltr'>persecutionem</span> <span class='ocrx_word' id='word_1_89' title='bbox 1063 2752 1153 2815; x_wconf 77' lang='lat' dir='ltr'>nsque</span> <span class='ocrx_word' id='word_1_90' title='bbox 1172 2738 1275 2793; x_wconf 71' lang='grc' dir='ltr'>υοςυνα</span> <span class='ocrx_word' id='word_1_91' title='bbox 1294 2737 1383 2791; x_wconf 76' lang='lat' dir='ltr'>aetote</span> <span class='ocrx_word' id='word_1_92' title='bbox 1394 2729 1469 2811; x_wconf 84' lang='lat' dir='ltr'>soe-</span> 
     </span>
     <span class='ocr_line' id='line_1_12' title="bbox 361 2827 1468 2917; baseline 0.002 -27"><span class='ocrx_word' id='word_1_93' title='bbox 361 2837 425 2891; x_wconf 84' lang='lat' dir='ltr'>tam</span> <span class='ocrx_word' id='word_1_94' title='bbox 449 2840 594 2915; x_wconf 71' lang='grc' dir='ltr'>ριιρυνυο</span> <span class='ocrx_word' id='word_1_95' title='bbox 624 2831 802 2894; x_wconf 65' lang='lat' dir='ltr'>maeoditem</span> <span class='ocrx_word' id='word_1_96' title='bbox 830 2853 1007 2917; x_wconf 68' lang='lat' dir='ltr'>muqnopore</span> <span class='ocrx_word' id='word_1_97' title='bbox 1035 2830 1245 2896; x_wconf 79' lang='grc' dir='ltr'>σουυιιοιιόαυς</span> <span class='ocrx_word' id='word_1_98' title='bbox 1278 2830 1325 2893; x_wconf 76' lang='lat' dir='ltr'>ite</span> <span class='ocrx_word' id='word_1_99' title='bbox 1354 2827 1468 2906; x_wconf 71' lang='lat' dir='ltr'>scribit,</span> 
     </span>
     <span class='ocr_line' id='line_1_13' title="bbox 364 2930 1469 3018; baseline -0.002 -24"><span class='ocrx_word' id='word_1_100' title='bbox 364 2931 473 2995; x_wconf 82' lang='lat' dir='ltr'>HAEC</span> <span class='ocrx_word' id='word_1_101' title='bbox 490 2932 585 3008; x_wconf 89' lang='lat' dir='ltr'>onim,</span> <span class='ocrx_word' id='word_1_102' title='bbox 601 2933 710 3018; x_wconf 74' lang='lat' dir='ltr'>inqu-it,</span> <span class='ocrx_word' id='word_1_103' title='bbox 729 2935 785 2997; x_wconf 80' lang='lat' dir='ltr'>&amp;a</span> <span class='ocrx_word' id='word_1_104' title='bbox 830 2934 960 2997; x_wconf 83' lang='lat' dir='ltr'>Asserit</span> <span class='ocrx_word' id='word_1_105' title='bbox 978 2933 1106 3017; x_wconf 91' lang='lat' dir='ltr'>quidem</span> <span class='ocrx_word' id='word_1_106' title='bbox 1126 2946 1240 2997; x_wconf 77' lang='lat' dir='ltr'>auctor</span> <span class='ocrx_word' id='word_1_107' title='bbox 1254 2932 1389 2995; x_wconf 88' lang='lat' dir='ltr'>duarum</span> <span class='ocrx_word' id='word_1_108' title='bbox 1404 2930 1469 3015; x_wconf 94' lang='lat' dir='ltr'>epi-</span> 
     </span>
     <span class='ocr_line' id='line_1_14' title="bbox 361 3031 1469 3116; baseline -0.001 -21"><span class='ocrx_word' id='word_1_109' title='bbox 361 3033 515 3097; x_wconf 87' lang='lat' dir='ltr'>stolarum</span> <span class='ocrx_word' id='word_1_110' title='bbox 537 3034 579 3098; x_wconf 91' lang='lat' dir='ltr'>ad</span> <span class='ocrx_word' id='word_1_111' title='bbox 602 3035 640 3099; x_wconf 88' lang='lat' dir='ltr'>ol</span> <span class='ocrx_word' id='word_1_112' title='bbox 662 3034 843 3099; x_wconf 83' lang='lat' dir='ltr'>Strothium</span> <span class='ocrx_word' id='word_1_113' title='bbox 864 3036 906 3099; x_wconf 91' lang='lat' dir='ltr'>ab</span> <span class='ocrx_word' id='word_1_114' title='bbox 928 3056 967 3098; x_wconf 87' lang='lat' dir='ltr'>ao</span> <span class='ocrx_word' id='word_1_115' title='bbox 989 3041 1065 3098; x_wconf 92' lang='lat' dir='ltr'>ante</span> <span class='ocrx_word' id='word_1_116' title='bbox 1088 3032 1253 3097; x_wconf 80' lang='lat' dir='ltr'>Eusebium</span> <span class='ocrx_word' id='word_1_117' title='bbox 1274 3054 1365 3096; x_wconf 86' lang='lat' dir='ltr'>suum</span> <span class='ocrx_word' id='word_1_118' title='bbox 1388 3031 1469 3116; x_wconf 89' lang='lat' dir='ltr'>posi-</span> 
     </span>
     <span class='ocr_line' id='line_1_15' title="bbox 361 3134 1469 3221; baseline 0.001 -25"><span class='ocrx_word' id='word_1_119' title='bbox 361 3142 468 3197; x_wconf 86' lang='lat' dir='ltr'>tarum</span> <span class='ocrx_word' id='word_1_120' title='bbox 491 3158 521 3219; x_wconf 92' lang='lat' dir='ltr'>p.</span> <span class='ocrx_word' id='word_1_121' title='bbox 537 3135 577 3198; x_wconf 89' lang='lat' dir='ltr'>lv.</span> <span class='ocrx_word' id='word_1_122' title='bbox 593 3136 659 3199; x_wconf 86' lang='lat' dir='ltr'>falli</span> <span class='ocrx_word' id='word_1_123' title='bbox 680 3137 864 3208; x_wconf 78' lang='lat' dir='ltr'>Eusebium,</span> <span class='ocrx_word' id='word_1_124' title='bbox 881 3158 919 3200; x_wconf 89' lang='lat' dir='ltr'>eo</span> <span class='ocrx_word' id='word_1_125' title='bbox 939 3136 1026 3221; x_wconf 88' lang='lat' dir='ltr'>quod</span> <span class='ocrx_word' id='word_1_126' title='bbox 1040 3135 1136 3212; x_wconf 86' lang='lat' dir='ltr'>dieat,</span> <span class='ocrx_word' id='word_1_127' title='bbox 1154 3135 1300 3198; x_wconf 76' lang='lat' dir='ltr'>Soterem</span> <span class='ocrx_word' id='word_1_128' title='bbox 1316 3134 1420 3198; x_wconf 85' lang='lat' dir='ltr'>adhue</span> <span class='ocrx_word' id='word_1_129' title='bbox 1436 3134 1469 3197; x_wconf 90' lang='lat' dir='ltr'>in</span> 
     </span>
     <span class='ocr_line' id='line_1_16' title="bbox 362 3235 1469 3323; baseline 0.002 -26"><span class='ocrx_word' id='word_1_130' title='bbox 362 3235 438 3298; x_wconf 88' lang='lat' dir='ltr'>vivis</span> <span class='ocrx_word' id='word_1_131' title='bbox 453 3235 557 3313; x_wconf 85' lang='lat' dir='ltr'>fuisse,</span> <span class='ocrx_word' id='word_1_132' title='bbox 574 3259 638 3321; x_wconf 92' lang='lat' dir='ltr'>quo</span> <span class='ocrx_word' id='word_1_133' title='bbox 653 3245 797 3323; x_wconf 91' lang='lat' dir='ltr'>tempore</span> <span class='ocrx_word' id='word_1_134' title='bbox 819 3238 993 3323; x_wconf 83' lang='lat' dir='ltr'>Dionysius</span> <span class='ocrx_word' id='word_1_135' title='bbox 1013 3236 1180 3321; x_wconf 88' lang='lat' dir='ltr'>epistolam</span> <span class='ocrx_word' id='word_1_136' title='bbox 1201 3257 1291 3300; x_wconf 90' lang='lat' dir='ltr'>suam</span> <span class='ocrx_word' id='word_1_137' title='bbox 1305 3235 1469 3320; x_wconf 77' lang='lat' dir='ltr'><strong>scripserit</strong></span> 
     </span>
     <span class='ocr_line' id='line_1_17' title="bbox 362 3336 1468 3424; baseline 0.004 -26"><span class='ocrx_word' id='word_1_138' title='bbox 362 3336 403 3398; x_wconf 91' lang='lat' dir='ltr'>ad</span> <span class='ocrx_word' id='word_1_139' title='bbox 426 3336 606 3410; x_wconf 89' lang='lat' dir='ltr'>Roman0s;</span> <span class='ocrx_word' id='word_1_140' title='bbox 632 3339 726 3422; x_wconf 91' lang='lat' dir='ltr'>idque</span> <span class='ocrx_word' id='word_1_141' title='bbox 748 3340 876 3424; x_wconf 89' lang='lat' dir='ltr'>probari</span> <span class='ocrx_word' id='word_1_142' title='bbox 897 3340 945 3403; x_wconf 91' lang='lat' dir='ltr'>vir</span> <span class='ocrx_word' id='word_1_143' title='bbox 965 3341 1079 3403; x_wconf 87' lang='lat' dir='ltr'>doetus</span> <span class='ocrx_word' id='word_1_144' title='bbox 1099 3338 1285 3414; x_wconf 76' lang='lat' dir='ltr'>arbitratur,</span> <span class='ocrx_word' id='word_1_145' title='bbox 1307 3360 1378 3402; x_wconf 91' lang='lat' dir='ltr'>oum</span> <span class='ocrx_word' id='word_1_146' title='bbox 1400 3339 1468 3402; x_wconf 87' lang='lat' dir='ltr'>Eu·</span> 
     </span>
     <span class='ocr_line' id='line_1_18' title="bbox 361 3437 1469 3526; baseline 0.004 -26"><span class='ocrx_word' id='word_1_147' title='bbox 361 3437 448 3501; x_wconf 87' lang='lat' dir='ltr'>sebio</span> <span class='ocrx_word' id='word_1_148' title='bbox 463 3444 533 3500; x_wconf 92' lang='lat' dir='ltr'>tum</span> <span class='ocrx_word' id='word_1_149' title='bbox 545 3437 743 3522; x_wconf 85' lang='lat' dir='ltr'>Hieronymo</span> <span class='ocrx_word' id='word_1_150' title='bbox 757 3441 991 3518; x_wconf 80' lang='lat' dir='ltr'>contradicens,</span> <span class='ocrx_word' id='word_1_151' title='bbox 1006 3441 1081 3526; x_wconf 91' lang='lat' dir='ltr'>quia</span> <span class='ocrx_word' id='word_1_152' title='bbox 1093 3441 1190 3504; x_wconf 91' lang='lat' dir='ltr'>Soter</span> <span class='ocrx_word' id='word_1_153' title='bbox 1203 3439 1236 3504; x_wconf 90' lang='lat' dir='ltr'>in</span> <span class='ocrx_word' id='word_1_154' title='bbox 1251 3439 1362 3504; x_wconf 89' lang='lat' dir='ltr'>eadem</span> <span class='ocrx_word' id='word_1_155' title='bbox 1374 3439 1469 3518; x_wconf 79' lang='grc' dir='ltr'>μαιό-</span> 
     </span>
     <span class='ocr_line' id='line_1_19' title="bbox 358 3539 1468 3625; baseline 0.006 -24"><span class='ocrx_word' id='word_1_156' title='bbox 358 3564 422 3618; x_wconf 89' lang='grc' dir='ltr'>ριος</span> <span class='ocrx_word' id='word_1_157' title='bbox 446 3539 528 3617; x_wconf 77' lang='grc' dir='ltr'>ὑμῶν</span> <span class='ocrx_word' id='word_1_158' title='bbox 554 3539 717 3605; x_wconf 76' lang='grc' dir='ltr'>ἐπίσκοπος</span> <span class='ocrx_word' id='word_1_159' title='bbox 738 3540 924 3624; x_wconf 73' lang='lat' dir='ltr'>appelletur,</span> <span class='ocrx_word' id='word_1_160' title='bbox 954 3563 1056 3625; x_wconf 90' lang='lat' dir='ltr'>neque</span> <span class='ocrx_word' id='word_1_161' title='bbox 1083 3541 1168 3605; x_wconf 91' lang='lat' dir='ltr'>enim</span> <span class='ocrx_word' id='word_1_162' title='bbox 1192 3563 1302 3605; x_wconf 81' lang='lat' dir='ltr'>vocem</span> <span class='ocrx_word' id='word_1_163' title='bbox 1325 3539 1468 3622; x_wconf 68' lang='lat' dir='ltr'>parapter</span> 
     </span>
     <span class='ocr_line' id='line_1_20' title="bbox 359 3638 1466 3725; baseline 0.002 -24"><span class='ocrx_word' id='word_1_164' title='bbox 359 3640 418 3702; x_wconf 88' lang='lat' dir='ltr'>nisi</span> <span class='ocrx_word' id='word_1_165' title='bbox 438 3640 478 3702; x_wconf 93' lang='lat' dir='ltr'>de</span> <span class='ocrx_word' id='word_1_166' title='bbox 497 3638 632 3703; x_wconf 81' lang='lat' dir='ltr'>mortuis</span> <span class='ocrx_word' id='word_1_167' title='bbox 655 3639 810 3705; x_wconf 86' lang='lat' dir='ltr'>adhiberi.</span> <span class='ocrx_word' id='word_1_168' title='bbox 856 3641 903 3705; x_wconf 86' lang='lat' dir='ltr'>At</span> <span class='ocrx_word' id='word_1_169' title='bbox 925 3664 1000 3705; x_wconf 87' lang='lat' dir='ltr'>vero</span> <span class='ocrx_word' id='word_1_170' title='bbox 1023 3642 1209 3706; x_wconf 81' lang='lat' dir='ltr'>Alexander</span> <span class='ocrx_word' id='word_1_171' title='bbox 1236 3640 1466 3725; x_wconf 71' lang='lat' dir='ltr'>Hierosolyma</span> 
     </span>
     <span class='ocr_line' id='line_1_21' title="bbox 359 3740 1468 3828; baseline 0.001 -25"><span class='ocrx_word' id='word_1_172' title='bbox 359 3740 525 3825; x_wconf 84' lang='lat' dir='ltr'>episeopus</span> <span class='ocrx_word' id='word_1_173' title='bbox 539 3741 624 3825; x_wconf 90' lang='lat' dir='ltr'>apud</span> <span class='ocrx_word' id='word_1_174' title='bbox 639 3740 814 3806; x_wconf 79' lang='lat' dir='ltr'>Eusebium</span> <span class='ocrx_word' id='word_1_175' title='bbox 828 3742 882 3807; x_wconf 93' lang='lat' dir='ltr'>lib.</span> <span class='ocrx_word' id='word_1_176' title='bbox 895 3744 935 3807; x_wconf 90' lang='lat' dir='ltr'>vi.</span> <span class='ocrx_word' id='word_1_177' title='bbox 951 3744 1034 3807; x_wconf 73' lang='lat' dir='ltr'>Hz&#39;st.</span> <span class='ocrx_word' id='word_1_178' title='bbox 1050 3743 1137 3808; x_wconf 83' lang='grc' dir='ltr'>Εσσί.</span> <span class='ocrx_word' id='word_1_179' title='bbox 1153 3766 1180 3807; x_wconf 87' lang='lat' dir='ltr'>e.</span> <span class='ocrx_word' id='word_1_180' title='bbox 1197 3763 1243 3807; x_wconf 84' lang='lat'>11.</span> <span class='ocrx_word' id='word_1_181' title='bbox 1259 3743 1322 3805; x_wconf 86' lang='lat' dir='ltr'>fine</span> <span class='ocrx_word' id='word_1_182' title='bbox 1335 3741 1468 3828; x_wconf 67' lang='lat' dir='ltr'>epistola</span> 
     </span>
     <span class='ocr_line' id='line_1_22' title="bbox 358 3841 1467 3923; baseline 0 -20"><span class='ocrx_word' id='word_1_183' title='bbox 358 3841 404 3903; x_wconf 83' lang='grc' dir='ltr'>σθ</span> <span class='ocrx_word' id='word_1_184' title='bbox 415 3841 614 3906; x_wconf 72' lang='lat' dir='ltr'>Antiocheam</span> <span class='ocrx_word' id='word_1_185' title='bbox 628 3842 750 3920; x_wconf 77' lang='lat' dir='ltr'>scribit,</span> <span class='ocrx_word' id='word_1_186' title='bbox 765 3844 900 3910; x_wconf 90' lang='lat' dir='ltr'>seillam</span> <span class='ocrx_word' id='word_1_187' title='bbox 916 3845 1038 3909; x_wconf 83' lang='lat' dir='ltr'>misisse</span> <span class='ocrx_word' id='word_1_188' title='bbox 1053 3848 1101 3908; x_wconf 77' lang='grc' dir='ltr'>διὰ</span> <span class='ocrx_word' id='word_1_189' title='bbox 1117 3842 1292 3923; x_wconf 79' lang='grc' dir='ltr'>Κλήμεντος</span> <span class='ocrx_word' id='word_1_190' title='bbox 1306 3848 1359 3906; x_wconf 85' lang='grc' dir='ltr'>τοῦ</span> <span class='ocrx_word' id='word_1_191' title='bbox 1373 3867 1467 3922; x_wconf 83' lang='grc' dir='ltr'>μακα-</span> 
     </span>
     <span class='ocr_line' id='line_1_23' title="bbox 356 3942 1467 4030; baseline -0.002 -26"><span class='ocrx_word' id='word_1_192' title='bbox 356 3944 423 4021; x_wconf 83' lang='grc' dir='ltr'>ρίου</span> <span class='ocrx_word' id='word_1_193' title='bbox 437 3943 666 4025; x_wconf 74' lang='grc' dir='ltr'>πρεσβυτέρους</span> <span class='ocrx_word' id='word_1_194' title='bbox 690 3952 725 4010; x_wconf 89' lang='lat' dir='ltr'>et</span> <span class='ocrx_word' id='word_1_195' title='bbox 740 3945 930 4030; x_wconf 79' lang='lat' dir='ltr'>Cyprianus,</span> <span class='ocrx_word' id='word_1_196' title='bbox 949 3947 1049 4030; x_wconf 86' lang='lat' dir='ltr'>probe</span> <span class='ocrx_word' id='word_1_197' title='bbox 1068 3944 1206 4019; x_wconf 80' lang='lat' dir='ltr'>memini,</span> <span class='ocrx_word' id='word_1_198' title='bbox 1222 3942 1374 4005; x_wconf 75' lang='grc' dir='ltr'>όναίοιυυι</span> <span class='ocrx_word' id='word_1_199' title='bbox 1393 3962 1467 4003; x_wconf 81' lang='lat' dir='ltr'>eon-</span> 
     </span>
     <span class='ocr_line' id='line_1_24' title="bbox 358 4041 1466 4131; baseline 0.001 -27"><span class='ocrx_word' id='word_1_200' title='bbox 358 4042 514 4107; x_wconf 82' lang='lat' dir='ltr'>sessorum</span> <span class='ocrx_word' id='word_1_201' title='bbox 535 4045 661 4108; x_wconf 88' lang='lat' dir='ltr'>nomine</span> <span class='ocrx_word' id='word_1_202' title='bbox 680 4046 823 4131; x_wconf 88' lang='lat' dir='ltr'>appellat</span> <span class='ocrx_word' id='word_1_203' title='bbox 843 4046 1023 4109; x_wconf 83' lang='lat' dir='ltr'>Maximum</span> <span class='ocrx_word' id='word_1_204' title='bbox 1044 4045 1186 4128; x_wconf 88' lang='lat' dir='ltr'>aliosque</span> <span class='ocrx_word' id='word_1_205' title='bbox 1206 4041 1326 4108; x_wconf 71' lang='lat' dir='ltr'>Christi</span> <span class='ocrx_word' id='word_1_206' title='bbox 1346 4041 1466 4105; x_wconf 78' lang='lat' dir='ltr'>confes-</span> 
     </span>
     <span class='ocr_line' id='line_1_25' title="bbox 357 4142 1465 4232; baseline -0.003 -24"><span class='ocrx_word' id='word_1_207' title='bbox 357 4166 456 4224; x_wconf 86' lang='lat' dir='ltr'>sores,</span> <span class='ocrx_word' id='word_1_208' title='bbox 472 4145 526 4229; x_wconf 93' lang='lat' dir='ltr'>qui</span> <span class='ocrx_word' id='word_1_209' title='bbox 541 4152 617 4210; x_wconf 85' lang='lat' dir='ltr'>tuna</span> <span class='ocrx_word' id='word_1_210' title='bbox 629 4146 662 4209; x_wconf 91' lang='lat' dir='ltr'>in</span> <span class='ocrx_word' id='word_1_211' title='bbox 673 4147 751 4211; x_wconf 84' lang='lat' dir='ltr'>vivis</span> <span class='ocrx_word' id='word_1_212' title='bbox 765 4148 916 4232; x_wconf 83' lang='lat' dir='ltr'>agebant.</span> <span class='ocrx_word' id='word_1_213' title='bbox 963 4149 1046 4210; x_wconf 87' lang='lat' dir='ltr'>Haeo</span> <span class='ocrx_word' id='word_1_214' title='bbox 1061 4151 1195 4231; x_wconf 84' lang='lat' dir='ltr'>praestat</span> <span class='ocrx_word' id='word_1_215' title='bbox 1210 4152 1244 4208; x_wconf 90' lang='lat' dir='ltr'>at</span> <span class='ocrx_word' id='word_1_216' title='bbox 1256 4142 1418 4206; x_wconf 89' lang='lat' dir='ltr'>Seholium</span> <span class='ocrx_word' id='word_1_217' title='bbox 1431 4142 1465 4205; x_wconf 93' lang='lat' dir='ltr'>in</span> 
     </span>
     <span class='ocr_line' id='line_1_26' title="bbox 357 4242 1481 4332; baseline -0.004 -23"><span class='ocrx_word' id='word_1_218' title='bbox 357 4246 544 4331; x_wconf 85' lang='lat' dir='ltr'>Appendiee</span> <span class='ocrx_word' id='word_1_219' title='bbox 565 4249 607 4311; x_wconf 90' lang='lat' dir='ltr'>ad</span> <span class='ocrx_word' id='word_1_220' title='bbox 630 4248 679 4311; x_wconf 91' lang='lat' dir='ltr'>ed.</span> <span class='ocrx_word' id='word_1_221' title='bbox 703 4270 773 4312; x_wconf 90' lang='lat' dir='ltr'>nov.</span> <span class='ocrx_word' id='word_1_222' title='bbox 797 4248 890 4311; x_wconf 77' lang='lat' dir='ltr'>Plati</span> <span class='ocrx_word' id='word_1_223' title='bbox 911 4247 1070 4332; x_wconf 59' lang='lat' dir='ltr'>Anatopl.</span> <span class='ocrx_word' id='word_1_224' title='bbox 1095 4243 1355 4310; x_wconf 77' lang='lat' dir='ltr'>Hemstertusiaai</span> <span class='ocrx_word' id='word_1_225' title='bbox 1377 4264 1398 4306; x_wconf 90' lang='lat' dir='ltr'>a</span> <span class='ocrx_word' id='word_1_226' title='bbox 1423 4242 1481 4312; x_wconf 72' lang='lat' dir='ltr'>el..</span> 
     </span>
     <span class='ocr_line' id='line_1_27' title="bbox 359 4346 1465 4434; baseline -0.002 -23"><span class='ocrx_word' id='word_1_227' title='bbox 359 4349 519 4412; x_wconf 85' lang='lat' dir='ltr'>Sehaefero</span> <span class='ocrx_word' id='word_1_228' title='bbox 534 4357 745 4412; x_wconf 87' lang='lat' dir='ltr'>memoratum</span> <span class='ocrx_word' id='word_1_229' title='bbox 760 4371 833 4434; x_wconf 87' lang='lat' dir='ltr'>pag.</span> <span class='ocrx_word' id='word_1_230' title='bbox 844 4368 885 4433; x_wconf 86' lang='lat'>53</span> <span class='ocrx_word' id='word_1_231' title='bbox 894 4369 919 4412; x_wconf 83' lang='lat'>1.</span> <span class='ocrx_word' id='word_1_232' title='bbox 934 4348 969 4411; x_wconf 87' lang='grc' dir='ltr'>τὸ</span> <span class='ocrx_word' id='word_1_233' title='bbox 983 4350 1082 4428; x_wconf 80' lang='grc' dir='ltr'>μάκαρ</span> <span class='ocrx_word' id='word_1_234' title='bbox 1098 4348 1147 4410; x_wconf 82' lang='grc' dir='ltr'>ἐπὶ</span> <span class='ocrx_word' id='word_1_235' title='bbox 1161 4353 1220 4410; x_wconf 78' lang='grc' dir='ltr'>τῶν</span> <span class='ocrx_word' id='word_1_236' title='bbox 1234 4347 1328 4427; x_wconf 82' lang='grc' dir='ltr'>ἁγίων</span> <span class='ocrx_word' id='word_1_237' title='bbox 1343 4346 1465 4426; x_wconf 81' lang='grc' dir='ltr'>λέγεται</span> 
     </span>
     <span class='ocr_line' id='line_1_28' title="bbox 355 4449 1463 4531; baseline -0.001 -18"><span class='ocrx_word' id='word_1_238' title='bbox 355 4453 460 4527; x_wconf 83' lang='grc' dir='ltr'>μόνον·</span> <span class='ocrx_word' id='word_1_239' title='bbox 484 4451 518 4513; x_wconf 87' lang='grc' dir='ltr'>τὸ</span> <span class='ocrx_word' id='word_1_240' title='bbox 532 4449 675 4530; x_wconf 74' lang='grc' dir='ltr'>μακάριος</span> <span class='ocrx_word' id='word_1_241' title='bbox 696 4451 745 4513; x_wconf 81' lang='grc' dir='ltr'>καὶ</span> <span class='ocrx_word' id='word_1_242' title='bbox 764 4451 947 4531; x_wconf 87' lang='grc' dir='ltr'>μακαριστὸς</span> <span class='ocrx_word' id='word_1_243' title='bbox 967 4451 1016 4513; x_wconf 79' lang='grc' dir='ltr'>ἐπὶ</span> <span class='ocrx_word' id='word_1_244' title='bbox 1035 4452 1151 4525; x_wconf 76' lang='grc' dir='ltr'>ζώντων</span> <span class='ocrx_word' id='word_1_245' title='bbox 1172 4450 1220 4512; x_wconf 83' lang='grc' dir='ltr'>καὶ</span> <span class='ocrx_word' id='word_1_246' title='bbox 1239 4449 1463 4512; x_wconf 78' lang='grc' dir='ltr'>ἀποθανόντων·</span> 
     </span>
     <span class='ocr_line' id='line_1_29' title="bbox 355 4548 1463 4633; baseline -0.002 -20"><span class='ocrx_word' id='word_1_247' title='bbox 355 4554 517 4633; x_wconf 81' lang='grc' dir='ltr'>μακαρίτης</span> <span class='ocrx_word' id='word_1_248' title='bbox 532 4554 564 4613; x_wconf 75' lang='grc' dir='ltr'>δὲ</span> <span class='ocrx_word' id='word_1_249' title='bbox 590 4550 639 4613; x_wconf 73' lang='grc' dir='ltr'>ἐπὶ</span> <span class='ocrx_word' id='word_1_250' title='bbox 661 4556 721 4613; x_wconf 86' lang='grc' dir='ltr'>τῶν</span> <span class='ocrx_word' id='word_1_251' title='bbox 743 4552 958 4613; x_wconf 83' lang='grc' dir='ltr'>ἀποθανόντων</span> <span class='ocrx_word' id='word_1_252' title='bbox 978 4548 1087 4631; x_wconf 89' lang='grc' dir='ltr'>μόνων.</span> <span class='ocrx_word' id='word_1_253' title='bbox 1134 4549 1207 4614; x_wconf 84' lang='lat' dir='ltr'>Hoo</span> <span class='ocrx_word' id='word_1_254' title='bbox 1225 4557 1334 4614; x_wconf 77' lang='lat' dir='ltr'>lamen</span> <span class='ocrx_word' id='word_1_255' title='bbox 1353 4569 1463 4612; x_wconf 82' lang='lat' dir='ltr'>conco·</span> 
     </span>
     <span class='ocr_line' id='line_1_30' title="bbox 357 4649 1462 4737; baseline 0.002 -25"><span class='ocrx_word' id='word_1_256' title='bbox 357 4651 497 4715; x_wconf 83' lang='lat' dir='ltr'>(lendum</span> <span class='ocrx_word' id='word_1_257' title='bbox 516 4658 576 4727; x_wconf 85' lang='lat' dir='ltr'>est,</span> <span class='ocrx_word' id='word_1_258' title='bbox 592 4671 700 4713; x_wconf 88' lang='lat' dir='ltr'>voeem</span> <span class='ocrx_word' id='word_1_259' title='bbox 718 4649 860 4730; x_wconf 75' lang='grc' dir='ltr'>μακάριος</span> <span class='ocrx_word' id='word_1_260' title='bbox 874 4671 946 4713; x_wconf 88' lang='lat' dir='ltr'>eum</span> <span class='ocrx_word' id='word_1_261' title='bbox 967 4652 1092 4717; x_wconf 89' lang='lat' dir='ltr'>nomine</span> <span class='ocrx_word' id='word_1_262' title='bbox 1107 4651 1237 4737; x_wconf 87' lang='lat' dir='ltr'>proprio</span> <span class='ocrx_word' id='word_1_263' title='bbox 1250 4650 1410 4735; x_wconf 76' lang='lat' dir='ltr'>junctum,</span> <span class='ocrx_word' id='word_1_264' title='bbox 1424 4666 1462 4714; x_wconf 78' lang='lat' dir='ltr'>ut</span> 
     </span>
    </p>

    <p class='ocr_par' dir='ltr' id='par_1_4' title="bbox 404 4752 943 4816">
     <span class='ocr_line' id='line_1_31' title="bbox 404 4752 943 4816; baseline 0.002 -2"><span class='ocrx_word' id='word_1_265' title='bbox 404 4776 471 4816; x_wconf 84' lang='lat' dir='ltr'>roa.</span> <span class='ocrx_word' id='word_1_266' title='bbox 487 4777 507 4816; x_wconf 87' lang='lat'>1.</span> <span class='ocrx_word' id='word_1_267' title='bbox 890 4752 943 4815; x_wconf 83' lang='lat' dir='ltr'>ab</span> 
     </span>
    </p>
   </div>
   <div class='ocr_carea' id='block_1_4' title="bbox 0 0 1910 5650">
    <p class='ocr_par' dir='ltr' id='par_1_5' title="bbox 0 0 1910 5650">
     <span class='ocr_line' id='line_1_32' title="bbox 0 0 1910 5650; baseline 0 2"><span class='ocrx_word' id='word_1_268' title='bbox 0 0 1910 5650; x_wconf 95' lang='lat' dir='ltr'> </span> 
     </span>
    </p>
   </div>
  </div>
 </body>
</html>
