3809 5650
678 692 898 758 SENIORES
922 694 1051 758 APUD
1075 694 1320 759 IRENAEUM.
1511 697 1553 757 55

456 860 557 916 tionem
579 858 625 916 leis
647 860 697 937 qui
717 861 856 919 tribulant
880 883 936 928 cos,
955 872 981 921 et
1003 863 1080 920 cobis
1101 865 1149 941 qui
1170 861 1357 930 tribulamini,
1373 860 1556 939 refrigerium

457 962 607 1028 archiacum,
630 963 660 1020 in
683 966 852 1024 revelatione
873 967 992 1025 Domini
1014 969 1104 1025 'rostri
1125 968 1198 1028 Jeme
1222 968 1333 1026 Christi
1354 970 1389 1024 de
1408 968 1473 1026 coelo
1495 990 1556 1025 ciero

455 1068 568 1145 angelis
584 1068 698 1125 uirtutis
713 1073 785 1147 ep'ur.
802 1079 827 1128 et
847 1071 877 1128 in
888 1071 1013 1149 flumina
1029 1073 1115 1149 ignis,
1131 1072 1203 1130 dore
1223 1071 1375 1129 vindictam
1396 1072 1425 1128 in
1444 1093 1489 1129 eor
1509 1072 1559 1149 qui

456 1194 509 1230 stou
532 1183 667 1231 coiverunt
687 1175 791 1241 Deum,
808 1187 833 1234 et
855 1178 885 1234 in
907 1198 953 1234 eor
975 1176 1024 1254 qui
1046 1196 1100 1233 reon
1122 1174 1424 1253 odediunt-enougdio
1441 1175 1559 1233 Domini

428 1278 546 1350 5nortri
569 1278 640 1336 ,lero
665 1278 794 1337 Christi:
817 1281 866 1360 poi
885 1282 969 1338 etium
988 1302 1088 1358 peretur
1101 1280 1226 1356 perederet
1245 1280 1378 1336 interitus
1397 1288 1519 1337 oeteruus
1538 1300 1556 1336 o

445 1378 533 1454 fecie
551 1380 675 1447 Domini,
692 1391 717 1439 et
732 1384 860 1460 oglerio
878 1384 993 1443 uirtutis
1007 1388 1079 1463 ejus²
1095 1405 1179 1462 quum
1201 1384 1306 1442 evenerit
1325 1385 1508 1462 magnificari
1528 1385 1557 1442 in

455 1484 564 1541 curretis
578 1486 649 1552 suis,
665 1495 691 1544 el
706 1487 888 1544 adrnirobilir
902 1508 963 1544 erre
976 1488 1105 1546 mnitibus
1119 1487 1168 1565 qui
1182 1487 1366 1546 erediderunt
1382 1489 1410 1546 in
1427 1491 1513 1561 eutii.)

834 1722 1169 1756 -ἡ-

972 1915 1041 1985 VI.

498 2084 558 2165 Qui
573 2107 648 2148 vero
662 2086 859 2171 exprobrant
875 2094 908 2149 et
922 2086 1093 2171 imputant,
1107 2087 1192 2171 quod
1207 2086 1407 2170 profecturus
1421 2086 1557 2170 populus

407 2219 445 2256 10
448 2194 540 2279 jussu
567 2196 628 2259 Dei
648 2195 774 2259 vascula
796 2197 898 2260 omnis
920 2198 1046 2282 generis
1068 2203 1101 2262 et
1123 2198 1313 2262 vestimenta
1334 2196 1493 2281 acceperit
1515 2198 1556 2260 ab

453 2304 629 2388 AEgyptiis‚
645 2304 678 2369 et
698 2305 743 2369 sic
765 2306 891 2382 abierit,
911 2328 950 2369 ex
972 2308 1085 2391 quibus
1108 2316 1141 2372 et
1162 2308 1413 2371 Taberuaculum
1436 2308 1556 2370 iactum

453 2424 503 2475 est
523 2412 556 2474 in
573 2434 698 2486 eremo;
723 2414 906 2499 ignorantes
922 2415 1168 2499 justificationes
1186 2417 1256 2495 Dei,
1281 2424 1314 2481 et
1333 2416 1556 2501 dispositiones

452 2523 532 2605 ejus,
557 2523 744 2608 semetipsos
768 2533 918 2609 arguunt,
945 2533 1020 2590 sicut
1041 2546 1072 2593 et
1097 2536 1296 2594 Pausnrrun
1322 2535 1444 2593 dicebat.
1489 2544 1556 2599 Haec

453 2633 572 2688 Irenaeus
588 2634 635 2688 lib.
648 2636 684 2688 iv.
697 2653 720 2688 c.
734 2652 777 2705 30.
791 2637 824 2689 al.
838 2654 880 2707 49.
894 2655 921 2707 p.
935 2636 995 2706 267.
1034 2637 1139 2692 Deinde
1151 2651 1212 2708 post
1223 2639 1339 2708 plurima
1352 2637 1384 2691 de
1400 2639 1557 2708 spoliatione

404 2752 440 2811 15
453 2737 644 2806 AEgyptiorum
656 2737 791 2807 disputata
802 2739 830 2792 in
844 2739 928 2808 eapite
939 2740 1059 2808 proxime
1072 2748 1197 2811 sequente
1209 2738 1298 2794 addit:
1318 2732 1402 2789 Talia
1423 2733 1553 2809 quaedam

453 2859 589 2898 enarrans
612 2842 648 2898 de
668 2843 796 2918 antiquis
819 2843 1027 2910 Paeanem-211,
1050 2842 1197 2900 reficiebat
1218 2862 1280 2908 nos,
1298 2855 1328 2900 et
1349 2843 1481 2900 dicebat:
1505 2835 1556 2899 De

453 2941 571 3005 eisdem
592 2943 726 3020 delictis,
743 2947 783 3008 de
804 2945 918 3027 quibus
940 2944 1018 3027 ipsae
1038 2944 1204 3028 scripturae
1226 2945 1435 3029 increpabant
1458 2946 1555 3029 putri-

451 3054 566 3116 archas
588 3062 621 3117 et
640 3054 822 3138 prophetas,
840 3077 898 3118 nos
918 3076 983 3117 non
1003 3060 1151 3138 oportere
1171 3054 1363 3139 exprobrare
1384 3054 1438 3132 eis,
1454 3077 1556 3138 neque

452 3164 519 3227 fieri
538 3165 654 3228 similes
676 3166 811 3242 Cham‘,
827 3165 880 3250 qni
901 3164 1000 3227 irrisit
1022 3164 1252 3248 turpitudinem
1277 3165 1379 3248 patris
1397 3164 1456 3239 sni,
1472 3171 1505 3227 ct
1523 3164 1555 3226 in

401 3274 705 3341 oomalodictionem
725 3275 866 3349 decidit;
893 3276 948 3338 sed
966 3274 1089 3359 gratias
1109 3296 1203 3358 agere
1223 3296 1281 3358 pro
1302 3274 1362 3336 illis
1383 3273 1462 3351 Deo,
1479 3294 1556 3357 quo·

450 3385 536 3448 niam
563 3386 595 3448 in
621 3386 762 3449 adventu
788 3386 916 3450 Domini
944 3387 1045 3451 nostri
1072 3388 1303 3452 remisserunt
1329 3386 1374 3450 eis
1399 3395 1553 3471 peccata:

450 3495 568 3558 etenim
589 3496 660 3558 illos
686 3496 836 3560 diccbats
857 3498 979 3581 gratias
1005 3520 1108 3583 agere,
1134 3504 1168 3561 et
1191 3496 1361 3582 glorificari
1385 3497 1419 3559 in
1443 3511 1555 3560 nostra

450 3604 562 3668 salute.
608 3606 659 3669 De
675 3606 789 3690 quibus
811 3614 918 3670 autem
941 3609 1107 3693 scripturae
1131 3630 1195 3671 non
1214 3608 1391 3693 increpant,
1407 3608 1462 3672 sed
1482 3605 1561 3670 sim-'

450 3714 574 3798 pliciter
597 3721 672 3779 sunt
697 3715 822 3800 positus,
845 3739 902 3780 nos
926 3740 990 3780 non
1016 3718 1131 3781 debere
1157 3717 1225 3779 fieri
1252 3731 1466 3793 accusatores,
1490 3736 1554 3778 non

401 3851 438 3907 25
451 3824 534 3886 onim
556 3847 665 3887 sumus
687 3826 903 3910 diligentiores
927 3829 1007 3904 Dec,
1032 3849 1134 3911 neque
1158 3848 1252 3909 super
1274 3826 1461 3910 magistrum
1484 3847 1554 3908 pos·

450 3957 558 3999 sumus
584 3958 663 4011 esse,
688 3937 744 4000 scd
769 3944 882 4022 typum
909 3960 1060 4021 quaerere.
1115 3936 1205 3999 Nihil
1231 3935 1315 3998 euim
1341 3936 1479 3998 otiosum
1504 3940 1554 3997 est

449 4066 568 4119 eorum,
594 4068 799 4131 quaecumque
822 4047 1049 4111 inaccusabilia
1075 4045 1182 4129 positu
1208 4052 1282 4107 sunt
1309 4044 1341 4105 in
1369 4043 1551 4127 Scripturis.

450 4154 724 4235 Quemadmodum
749 4165 782 4220 et
807 4158 884 4233 Lot,
908 4156 961 4240 qui
990 4155 1100 4219 eduxit
1124 4153 1165 4215 de
1192 4151 1338 4215 Sodomis
1361 4151 1444 4215 filias
1468 4174 1554 4230 suas,

449 4286 520 4347 qnae
547 4274 759 4349 conceperunt
785 4267 825 4329 de
851 4274 943 4350 patre
971 4287 1038 4337 suc,
1067 4271 1100 4327 et
1126 4262 1181 4346 qui
1208 4260 1337 4345 reliquit
1363 4261 1396 4324 in
1422 4261 1552 4325 circum-

397 4373 523 4450 3oiinio
546 4397 677 4437 uxorem
699 4398 790 4439 suam
812 4383 954 4439 statuam
976 4374 1051 4438 salis
1074 4394 1173 4456 nsque
1195 4371 1228 4433 in
1248 4370 1435 4434 hodiernum
1457 4372 1551 4435 diem.

448 4484 580 4549 Etenim
604 4485 666 4549 Lot
691 4508 754 4549 non
779 4510 818 4549 ex
845 4510 903 4550 sua
924 4485 1100 4559 voluntate,
1122 4503 1224 4565 neque
1248 4503 1287 4544 cx
1309 4503 1367 4545 sua
1388 4483 1551 4567 concupis-

645 4730 655 4767 f
673 4730 735 4776 tien.
748 4732 782 4776 ix.
797 4742 836 4788 22,
850 4742 889 4789 25.
1141 4736 1155 4770 tt
1172 4727 1241 4771 loon.
1254 4724 1303 4769 viii.
1317 4721 1356 4783 56.
