3809 5650
467 684 532 749 114
921 661 1111 747 numne.

507 869 520 900 0
542 856 622 914 Libri
638 866 748 934 septem
764 854 940 913 Tertulliani
956 855 993 913 de
1007 854 1119 921 ecstasi,
1134 873 1171 912 ex
1186 853 1292 929 quibus
1302 852 1357 911 hoc
1372 852 1408 912 de
1420 853 1574 912 Melitone

465 961 665 1020 testimonium
681 959 800 1038 repetiit
816 959 1022 1037 Hieronymus,
1038 958 1280 1035 quemadmodum
1297 958 1404 1037 scripta
1414 957 1574 1016 Melitonis

465 1065 567 1143 ipsius,
596 1062 815 1122 interciderunt.
861 1063 931 1121 MS.
960 1062 1100 1120 Genblac.
1125 1073 1156 1121 et
1183 1062 1334 1140 sigeberg.
1363 1082 1416 1138 pro
1441 1061 1573 1120 hadone

465 1170 545 1238 arar,
566 1169 673 1227 nauem
695 1169 859 1235 cantuar,
879 1168 958 1245 quor
981 1168 1049 1226 neec
1072 1146 1200 1225 suario
1220 1168 1310 1226 Petro
1331 1169 1469 1246 probatur
1494 1166 1572 1224 mim

465 1293 525 1330 non
537 1272 640 1351 placet.
665 1272 904 1330 FABRICIUS.
927 1272 1083 1329 Contraria
1093 1290 1190 1341 sensu,
1200 1291 1293 1349 eoque
1304 1272 1413 1350 inepto,
1425 1271 1572 1329 hactenus

465 1378 594 1435 obtinuit
609 1379 639 1434 in
653 1377 740 1436 editis
759 1377 849 1442 libris,
866 1378 968 1456 Hujus
987 1377 1102 1453 elegans
1121 1386 1147 1433 ct
1168 1376 1398 1434 declamatorium
1421 1373 1570 1453 ingenium

466 1481 590 1538 laudons
619 1481 1044 1539 Tertullianus——elirt'l
1068 1482 1151 1545 enim,
1173 1483 1223 1537 bic.
1267 1479 1445 1546 Emendant,
1468 1478 1571 1537 verbis

465 1586 600 1654 laudans,
612 1597 642 1645 et
653 1587 732 1656 dicit,
744 1588 956 1645 substituentes
967 1587 1241 1646 cavillaturcodices
1255 1585 1458 1663 antiquissimb
1468 1584 1568 1643 Vero·

465 1691 563 1748 nensis
577 1702 607 1750 et
621 1691 789 1759 Vaticanus,
803 1703 865 1748 tum
881 1711 970 1769 penes
986 1691 1169 1751 Salomonem
1186 1690 1365 1769 cyprianum
1380 1688 1457 1748 unus
1471 1688 1569 1746 Guel-

464 1796 672 1875 pherbytanun,¹
687 1807 717 1855 et
731 1816 804 1873 quos
822 1797 925 1874 probat
945 1796 1091 1855 Suffridus
1106 1796 1188 1854 Petri
1203 1794 1352 1853 Gemblac.
1368 1805 1398 1852 et
1412 1793 1566 1871 sigeberg.

465 1919 589 1975 quorum
610 1901 691 1976 sequi
714 1899 810 1966 tidem,
832 1898 927 1957 multo
947 1901 1133 1959 concinniore
1154 1898 1288 1963 lectione,
1311 1896 1415 1977 placet.
1458 1895 1569 1954 VAL-

466 2003 659 2071 LARSIUS.
678 2007 729 2081 qui
751 2006 781 2062 in
803 2016 888 2063 textu
904 2005 1078 2084 Hieronymi
1100 2004 1209 2083 posuit,
1231 2002 1386 2061 cavillatur
1405 2011 1436 2060 et
1457 2001 1566 2061 diceres.

465 2107 571 2166 Malim
586 2129 641 2187 ego
659 2111 819 2176 cavillatus,
833 2111 922 2169 verbo
938 2111 1009 2169 dicit
1029 2121 1154 2169 retento.
1198 2111 1265 2168 Hoc
1284 2109 1429 2188 preconio
1450 2111 1568 2170 ornavit

465 2210 638 2272 Melitonem
655 2212 824 2292 Polycrates
838 2214 939 2273 iisdem
956 2215 1017 2273 fere
1031 2196 1210 2294 temporibus
1223 2213 1390 2292 Ephesinus
1399 2213 1566 2294 episcopus.

453 2316 499 2373 ’Τι’
509 2319 538 2373 bl
552 2319 592 2372 tet
604 2321 691 2392 λέγειν
703 2321 750 2374 τὸν
768 2310 906 2375 Μελίτωνσ
923 2306 970 2375 rbv
989 2322 1122 2391 εὐνοῦχον,
1136 2322 1182 2374 τὸν
1202 2321 1229 2375 ἐν
1249 2320 1315 2394 ἁγίῳ
1334 2317 1459 2390 πνεύματι
1478 2322 1567 2377 πάντα

465 2425 696 2493 σολιτσυσάμσνον·
719 2422 747 2480 bs
761 2427 840 2478 κεῖται
854 2426 882 2479 ἓν
894 2427 1015 2497 Σάρδεσι,
1030 2428 1172 2498 napuras
1184 2426 1232 2495 rip
1244 2425 1296 2479 ἀπὸ
1310 2428 1362 2478 τῶν
1375 2425 1489 2497 οὖρσνὸν
1505 2426 1565 2482 ἔπιέ

466 2528 575 2597 σκοπὴν,
590 2529 618 2583 ἰν
630 2522 649 2596 ᾖ
661 2528 690 2583 ἐκ
703 2533 797 2600 νεκρῶν
810 2527 984 2599 ἀναστήσεται
993 2549 1003 2598 ,·
1025 2526 1097 2587 Vid.
1113 2527 1222 2586 Euseb.
1237 2526 1313 2584 Hist.
1330 2526 1408 2585 Eccl.
1424 2536 1451 2585 v.
1469 2545 1519 2597 240·
