3809 5650
731 1108 1315 1212 ANNOTATIONES

767 1359 831 1439 ιΝ
862 1357 1295 1441 υκΑαΜΕΝΤυΜ

548 1582 782 1647 EPISTOLAE
809 1581 1081 1647 MARTYRUM
1106 1581 1505 1647 LUGDUNENSIUM.

889 1846 1157 1889 ...Φ-

519 2045 557 2106 Ρ.
575 2062 592 2106 2
594 2060 647 2126 59.
663 2043 683 2106 l.
702 2048 732 2108 6.
745 2049 871 2128 Χαίρειν
886 2050 920 2112 ἐν
935 2051 1019 2132 Θεῷ]
1040 2050 1120 2112 Post
1140 2055 1324 2131 excerptam
1339 2044 1579 2109 celeberrimam

474 2143 559 2207 illam
580 2144 716 2208 fratrum
736 2147 875 2213 ecclesiae
891 2148 1082 2213 Viennensis
1104 2156 1137 2212 ai
1154 2147 1374 2232 Lugdunensis
1396 2146 1579 2229 epistolam,

475 2264 496 2307 a
525 2244 639 2328 quibus
665 2245 719 2309 alii
745 2248 872 2311 cuidam
898 2270 919 2312 a
944 2270 979 2312 se
1005 2248 1110 2313 missae
1133 2247 1276 2332 episiclae
1302 2248 1371 2309 haec
1396 2253 1577 2329 martyrum

475 2345 645 2429 subjuncta
670 2347 766 2411 fuisse
785 2348 919 2427 videtur,
942 2348 1100 2413 Eusebius
1120 2371 1211 2433 capp.
1227 2348 1270 2412 iii.
1294 2354 1328 2411 et
1346 2347 1386 2409 iv.
1402 2346 1455 2408 lib.
1471 2365 1503 2427 5.
1522 2347 1579 2409 uni

474 2446 548 2511 huic
570 2447 750 2533 fragmento
773 2449 845 2532 ejus·
876 2450 945 2515 haec
969 2450 1141 2536 praemisit:
1171 2457 1241 2515 Τῶν
1267 2448 1291 2512 δ’
1313 2449 1391 2529 ἀμφὶ
1413 2448 1468 2508 τδυ
1492 2451 1578 2510 Μον-

474 2549 566 2612 τανδυ
597 2550 645 2612 καὶ
668 2549 865 2631 Ἀλκιβιάδην
892 2554 940 2617 καὶ
972 2554 1135 2630 Θεόδοτον,
1162 2552 1231 2633 περὶ
1261 2550 1316 2629 τὴν
1349 2549 1485 2629 Φρυγίαν
1509 2549 1578 2628 δρτι

474 2652 542 2714 τότε
555 2656 673 2730 πρῶτον
687 2652 742 2730 τὴν
755 2654 823 2733 περὶ
837 2658 890 2716 τοῦ
903 2656 1103 2735 προφητεύειν
1116 2656 1272 2735 ὑπόληψιν
1285 2653 1367 2732 παρὰ
1385 2655 1513 2715 πολλοῖς
1531 2652 1579 2713 ἑκ-

473 2753 659 2835 φερομέυων·
682 2760 824 2818 πλεῖστοι
838 2758 896 2838 γδρ
911 2753 966 2820 οὖν
980 2758 1028 2820 καῖ
1045 2757 1139 2820 δλλαι
1158 2751 1403 2836 παροδοξοποιίαι
1422 2757 1475 2813 τοῦ
1494 2753 1578 2814 θείου

473 2858 659 2939 χαρίσματος
683 2857 777 2920 εἰσέτι
798 2859 867 2921 τότε
890 2861 965 2922 κατὰ
988 2860 1148 2939 διαφόρους
1171 2859 1332 2934 ἐκκλησίας
1356 2857 1578 2931 ἐκτελούμεναι,

474 2960 575 3022 πίστιν
589 2961 670 3039 παρὰ
684 2964 812 3024 πολλοῖς
831 2965 883 3022 τοῦ
904 2960 1056 3043 κᾴκείνους
1075 2960 1273 3041 προφητεύειν
1292 2962 1446 3038 παρεῖχον·
1471 2956 1519 3017 καὶ
1541 2954 1577 3032 δὴ

474 3061 637 3141 διαφωνίας
650 3062 841 3142 ὑπαρχούσης
855 3062 923 3143 περὶ
937 3068 996 3125 τῶυ
1011 3061 1233 3141 δεδηλωμένων,
1246 3065 1374 3123 ΑΎΘΙΣ
1390 3061 1419 3122 οῖ
1434 3059 1508 3120 κατδ
1521 3057 1578 3135 τὴν

475 3165 612 3225 Γαλλίαν
634 3163 773 3244 ἀδελφοί,
791 3163 846 3241 τὴν
869 3166 947 3227 ἰδίαν
969 3165 1068 3244 κρίσιν
1090 3164 1138 3227 καὶ
1160 3164 1229 3243 περὶ
1249 3161 1372 3233 τούτων,
1389 3160 1506 3237 εὐλαβῆ
1529 3160 1579 3221 καὶ

473 3262 706 3343 όρόοδοξοτύτηυ
727 3262 951 3327 ὑποτάττουσιν·
983 3262 1137 3341 ἕκόέμενοι
1159 3265 1208 3326 καὶ
1234 3267 1293 3326 τῶν
1316 3261 1385 3342 παρ’
1408 3261 1507 3326 αὐτοῖς
1528 3285 1577 3324 τε-

474 3362 661 3426 λειωθέντων
674 3367 829 3445 μαρτύρων
844 3365 1004 3444 διαφόρους
1017 3362 1188 3429 ἐπιστολάς·
1205 3364 1240 3430 δς
1251 3365 1286 3426 ἐν
1295 3365 1416 3441 δεσμοῖς
1428 3360 1472 3424 ἔτι
1486 3358 1580 3441 ὑπόρ-

474 3488 589 3545 χοντες,
606 3470 669 3530 τοῖς
684 3466 732 3526 ἐπ’
748 3464 854 3530 Ἀσίας
870 3464 917 3527 καὶ
935 3466 1068 3544 Φρυγίας
1083 3465 1229 3544 ἀδελφοῖς
1248 3462 1441 3546 διεχόραξαν·
1464 3462 1500 3525 οὗ
1518 3461 1579 3541 μὴν

474 3565 557 3626 δλλδ
576 3565 624 3627 καὶ
637 3564 806 3649 Ἐλενθίριρ
825 3568 869 3650 τηῖ
888 3567 956 3628 τότε
970 3564 1123 3644 Ῥωμαίων
1143 3567 1306 3650 ἑπισκόπιρ,
1322 3569 1373 3643 τῆς
1392 3569 1451 3628 τῶν
1472 3565 1579 3642 ἔκκλη-

475 3669 549 3727 σιῶυ
572 3664 689 3744 εἰρήνης
711 3662 800 3725 ἕνεκα
820 3665 1049 3743 πρεσβεύοντες.
1081 3666 1110 3727 οῖ
1132 3667 1158 3729 δ’
1182 3665 1266 3728 αὐτοὶ
1286 3665 1431 3745 μάρτυρες
1454 3663 1579 3728 καὶτὸν

476 3766 636 3845 Είρηναῖον
650 3765 856 3844 πρεσβύτερον
870 3764 931 3828 τότ’
945 3766 1020 3827 ὄντα
1035 3768 1085 3843 τῆς
1107 3768 1140 3829 ἓν
1159 3766 1337 3849 Λουγδούνιρ
1352 3766 1520 3846 παροικίας,
1536 3767 1578 3851 τῷ

475 3865 638 3944 δηλωθέυτι
653 3867 727 3928 κατδ
736 3864 853 3946 Ῥύμηυ
864 3868 1017 3952 ἑπισκόπῳ
1032 3868 1192 3941 συνίστων,
1205 3872 1335 3930 πλεῖστα
1348 3869 1389 3949 τῷ
1404 3867 1491 3948 ἀνδρί
1503 3893 1579 3948 μαρ-

475 3972 642 4049 τυροῦντες,
653 3969 691 4035 ιδς
706 3970 736 4031 αἱ
750 3972 856 4032 τοῦτον
872 3968 997 4051 ἔχουσαι
1011 3969 1065 4032 τδυ
1079 3972 1190 4051 τρόπον
1204 3973 1329 4047 δηλοῦσι
1343 3969 1453 4049 φωναί.
1490 3973 1579 4032 ΧΑΙ-

477 4075 571 4133 ΡΕΙΝ
596 4072 630 4133 ἐν
653 4074 724 4155 Θεῷ
748 4072 806 4134 διο.
853 4072 992 4135 Ceterum
1015 4092 1082 4134 cnm
1104 4072 1272 4134 Montanae
1293 4078 1322 4133 ei
1339 4067 1519 4133 Alcibiades
1541 4091 1579 4133 ac

480 4171 651 4243 Ἰλιοαίοίιιο,
667 4181 738 4235 tunc
745 4174 885 4257 μνίου-ουν
900 4174 935 4235 in
955 4172 1092 4257 Ρλτρρίο
1106 4173 1244 4257 opinione
1260 4171 1414 4235 δονοῖυυυι
1433 4181 1580 4257 iniquam

477 4273 642 4356 Propictae
655 4272 800 4338 celebra-ri
813 4276 967 4358 cepissent
989 4274 1100 4357 (muita
1120 4274 1232 4358 ρυίρρο
1251 4274 1371 4337 dianae
1389 4273 1502 4357 pratia
1522 4272 1580 4334 mi-

475 4374 585 4436 ναουίο
600 4376 634 4437 in
641 4373 786 4458 pluribus
798 4376 924 4438 ecclesiis
937 4376 1030 4439 ctiam
1044 4374 1192 4460 iumflcri
1210 4374 1308 4448 soi-ita,
1316 4374 1414 4458 fidam
1428 4372 1579 4459 piurimis

466 4472 628 4556 faciebant
642 4496 688 4539 οοο
698 4486 813 4560 'quoqne
821 4476 1016 4561 propiciare)
1034 4498 1156 4560 eumque
1169 4475 1293 4540 ι’ίλντυυι
1311 4477 1465 4541 hominum
1483 4495 1578 4538 νουσα

474 4576 620 4640 dissencio
633 4588 700 4640 crta
715 4590 793 4660 aner,
809 4582 863 4664 qai
878 4581 911 4643 ιίι
930 4580 1041 4644 θαίίὶα
1055 4590 1143 4644 eraut
1154 4580 1285 4663 fraires,
1294 4580 1457 4664 privatum
1473 4575 1511 4639 dc
1530 4574 1579 4638 δίο

466 4676 624 4760 judicium
638 4700 734 4757 ουιιηι,
750 4681 923 4766 reliq-icem
944 4682 1087 4768 ιῖτηνύυιιζς
1100 4691 1127 4745 et
1141 4703 1209 4745 ουυι
1222 4680 1376 4763 rectafide
1388 4676 1578 4754 οουςωιίῖους,
