3809 5650
616 1302 959 1435 AGRIPPA
998 1302 1302 1407 cassos.

753 1622 1142 1663 *-

518 1859 555 1930 S.
574 1850 837 1944 Hraaonrnos,
857 1858 939 1933 Lib.
952 1861 1008 1934 Dc
1031 1858 1127 1932 Viris
1144 1855 1355 1943 Idiotabru,

796 2007 871 2076 cap.
890 1987 964 2054 xxi.
982 2006 1016 2076 p.
1036 1988 1083 2061 87
1087 2038 1094 2053 .

397 2134 653 2247 AGRIPPA.
687 2179 922 2265 cognomento
957 2171 1092 2255 Castor,
1127 2170 1181 2240 vir
1223 2170 1326 2243 valde
1360 2170 1497 2257 doctus,

398 2290 608 2364 *adversum
643 2295 768 2387 viginti
811 2303 964 2386 quatuor
1000 2294 1165 2365 Basilidis
1203 2293 1361 2366 haeretici
1400 2296 1499 2367 volu-

397 2415 503 2497 mina,
537 2417 678 2506 quaein
709 2413 941 2510 Evangelium
975 2416 1185 2499 confecerat,
1213 2418 1402 2489 fortissime
1429 2419 1500 2489 dis·

399 2540 518 2621 seruit,
545 2540 696 2630 prodens
723 2540 799 2633 ejus
831 2542 996 2610 universa
1027 2541 1204 2634 mysteria,
1239 2549 1277 2611 et
1310 2540 1499 2633 prophetas

399 2682 618 2743 enumerans,
662 2661 859 2733 Barcabam
902 2671 941 2733 et
984 2660 1134 2745 Baroob,
1169 2670 1207 2732 et
1249 2662 1293 2733 ad
1328 2670 1498 2732 terrorem

398 2784 618 2855 audientium
645 2783 714 2856 alia
736 2785 896 2878 quaedam
919 2786 1068 2857 barbara
1092 2786 1260 2856 nomina:
1295 2782 1354 2856 het
1379 2783 1499 2855 Deum

397 2908 593 2977 maximum
619 2909 695 3000 ejus
720 2907 894 2990 Abranas¹
920 2910 981 3000 qui
1016 2912 1114 3002 quasi
1144 2932 1277 2979 annum
1314 2908 1499 2978 continens

399 3027 489 3123 (sor.
519 3028 646 3127 lepctd.
675 3032 861 3121 continet),
891 3033 920 3102 si
948 3033 1057 3123 juxta
1083 3030 1286 3103 Graecorum
1312 3052 1500 3101 numerum

398 3161 619 3245 supputetur.
682 3152 847 3224 Moratus
888 3163 943 3225 est
977 3163 1099 3225 autem
1141 3152 1323 3234 Basilides,
1366 3175 1388 3221 a
1429 3174 1501 3243 quo

399 3273 572 3358 Gnostici,
606 3278 643 3346 in
677 3273 898 3348 Alexandria
931 3276 1150 3369 temporibus
1186 3273 1386 3346 Hadriani:
1429 3298 1500 3366 qua

399 3404 612 3489 tempestate
635 3408 673 3468 et
694 3397 877 3470 Cochebas
901 3399 976 3469 dux
998 3399 1157 3470 Judaicae
1185 3399 1359 3481 factionis,
1382 3397 1500 3469 Chris-

398 3518 513 3589 tianos
530 3522 633 3592 variis
650 3521 829 3614 suppliciis
846 3524 1018 3592 enecavit.

442 3727 458 3761 ⁸
478 3717 549 3774 Non
571 3717 612 3775 ait
626 3716 773 3776 Eusebius
791 3716 955 3797 Agrippam
973 3718 1055 3777 libris
1075 3717 1134 3776 illis
1155 3715 1294 3777 Basilidis
1315 3717 1365 3775 24.
1387 3720 1501 3792 neyxov

400 3842 485 3883 suum
511 3820 636 3900 (pridem
658 3820 855 3900 deperditum)
878 3824 1058 3902 opposuisse,
1080 3834 1168 3900 atque
1188 3822 1260 3881 adeo
1281 3841 1332 3880 eos
1351 3841 1389 3879 ex
1416 3822 1500 3880 insti.

400 3933 467 3984 tuto
494 3924 669 3991 confutasse,
697 3924 749 3983 sed
776 3936 891 3984 tanturn
919 3945 1020 3983 eorum
1047 3925 1150 3985 facisse
1177 3923 1283 3982 alicubi
1310 3923 1499 3983 mentionem.

402 4027 586 4087 Fasarcrus.
630 4028 752 4087 Eusebii
766 4029 853 4087 rerba
867 4039 946 4095 nint,
963 4030 1029 4086 Hist
1044 4030 1119 4086 Ecct
1136 4027 1174 4084 ir.
1193 4043 1220 4100 7.
1240 4029 1277 4084 «lc
1294 4027 1360 4098 ἡμᾶς
1375 4026 1502 4094 κατῆλθεν

400 4137 428 4191 ἐν
443 4139 499 4193 ταῖς
511 4138 572 4190 τότε
585 4136 784 4208 γναριματάταυ
792 4136 968 4208 ανγγραῲίοτ
981 4133 1111 4207 Ἀγρίππα
1122 4134 1257 4204 Κάστορος
1272 4132 1425 4187 ἱκανώτατος
1438 4131 1502 4185 κατὰ

401 4240 557 4295 wartono
569 4241 689 4312 ἔλεγχον,
703 4239 751 4307 τὴν
763 4240 896 4308 δεινότητα
908 4241 955 4307 τῆς
967 4238 1077 4309 τάνδρὸς
1090 4235 1279 4308 ἂποααλῶηαν
1291 4232 1418 4306 γοητείας.

440 4342 648 4402 b'l'hcodoret
671 4340 743 4399 Εἶναι
766 4344 795 4399 δὲ
819 4346 865 4400 τὸν
886 4343 1001 4416 ἄρχοντα
1022 4343 1108 4397 αι’ντὸν
1127 4341 1212 4411 φησὶν
1236 4340 1380 4412 Ἀβρασάξ.
1407 4340 1424 4408 ’l
1450 4341 1502 4413 γὰρ

401 4453 496 4523 ψῆφον
510 4454 558 4506 τοῦ
571 4451 707 4520 ὀνόματος,
725 4454 777 4506 τῶν
792 4452 838 4521 rei
856 4451 971 4521 οὐρανῶν
981 4447 1099 4519 σημαίνει
1117 4448 1165 4501 τὸν
1177 4444 1295 4517 ὅριθμον.
1338 4441 1405 4501 Nec
1417 4443 1502 4501 ablu·

401 4555 446 4615 dit
473 4554 667 4634 Epiphanius,
723 4553 857 4631 Uterque
884 4572 954 4612 vero
978 4550 1092 4626 scripsit
1118 4549 1254 4623 Ἀβρασάξ
1266 4570 1275 4618 ;
1310 4546 1411 4606 Latini
1434 4566 1503 4606 vero

401 4660 723 4738 plerumque’dflpdkur,
737 4657 816 4737 quod
835 4657 905 4716 satis
922 4655 1091 4715 indifferens
1109 4673 1172 4713 esse
1187 4652 1314 4712 videtur.
1356 4648 1503 4709 Asserunt
