3809 5650
775 571 1075 644 PRAEFATIO.
1382 575 1451 646 xix

403 767 676 859 nesciverint3
705 769 903 877 quodque
923 771 1033 850 idem
1050 797 1101 849 ex
1119 767 1237 849 nullo
1257 770 1452 876 primario

401 900 579 981 articulo
605 901 701 981 fidei
724 901 934 1009 originalis
960 932 1033 1011 per
1059 901 1377 997 conclusionem,
1403 915 1452 983 ut

401 1032 646 1140 loquuntur,
666 1035 878 1115 evidenter
907 1064 954 1115 ae
984 1037 1210 1116 necessario
1240 1050 1450 1143 sequatur.

404 1166 495 1245 Etsi
512 1167 636 1262 enim,
651 1170 857 1277 quidquid
873 1171 1039 1277 putabit
1051 1169 1255 1277 quispiam
1269 1198 1312 1249 se
1328 1182 1451 1250 rectae

402 1311 446 1380 et
474 1326 586 1380 sanae
612 1301 966 1409 interpretationis
994 1303 1156 1410 regulas
1181 1303 1450 1384 adhibentem

403 1433 469 1514 vel
488 1434 809 1544 deprehendisse
829 1434 893 1515 vel
923 1436 1135 1542 agnovisse
1156 1437 1199 1516 in
1229 1439 1352 1516 sacris
1377 1437 1450 1517 lit·

403 1568 502 1648 teris
531 1570 584 1649 de
618 1571 739 1649 rebus
768 1569 921 1649 divinis
953 1569 1244 1676 significatum,
1274 1569 1319 1649 id
1353 1599 1449 1650 eum

402 1715 567 1808 oportet
587 1731 661 1811 pro
682 1716 771 1783 rato
790 1703 958 1811 fixoque
979 1703 1153 1795 habere;
1182 1702 1287 1784 nihil
1311 1718 1450 1784 tamen

401 1837 523 1943 cogit
544 1850 591 1917 ut
612 1838 722 1918 idem
745 1840 877 1947 ipsum
899 1839 1078 1917 ducatur
1098 1838 1248 1944 dogma
1271 1866 1452 1917 necessa-

400 1971 522 2065 rium,
542 1971 656 2079 quod
676 1999 700 2052 a
718 1985 862 2052 contra
881 1971 1158 2052 sentientibus
1178 1971 1343 2051 nonnisi
1355 1998 1451 2052 cum

400 2102 546 2184 salutis
579 2107 753 2211 jactura,
786 2118 861 2184 aut
897 2104 1112 2185 catholicae
1148 2104 1451 2185 communionis

401 2238 631 2333 amissione,
652 2240 791 2344 negari
812 2237 875 2320 vel
897 2241 1072 2319 recusari
1096 2241 1236 2347 possit.

460 2370 539 2450 His
558 2372 729 2477 quidem
757 2372 900 2478 positis
920 2386 962 2451 et
989 2374 1200 2465 concessis
1221 2372 1330 2479 pacis
1359 2400 1450 2478 spes

400 2504 541 2611 aliqua
568 2505 685 2584 nobis
714 2502 944 2612 affulgeret.
1008 2504 1090 2586 Hei
1122 2504 1249 2584 mihi!
1279 2507 1449 2611 quando

402 2638 625 2717 reducetur
645 2639 847 2717 universae
871 2635 1053 2717 ecclesiae
1075 2635 1292 2744 disciplina
1322 2650 1449 2732 vetus

401 2781 446 2852 et
463 2771 541 2851 toti
569 2770 810 2852 hierarchiae
835 2771 1114 2854 vindicabitur
1140 2771 1270 2851 honos
1290 2799 1389 2852 suus
1409 2784 1451 2852 et

401 2906 599 2984 canonica
617 2904 871 2985 auctoritas?
897 2906 1094 3011 abrogato
1110 2909 1205 3011 jure
1225 2906 1452 3000 arbitrario,

401 3038 527 3118 simul
547 3054 673 3145 atque
693 3039 929 3120 obedientia
949 3066 1054 3118 caca
1073 3065 1120 3117 ac
1142 3038 1280 3130 nimia,
1301 3040 1449 3144 quidni

400 3170 649 3250 auctoritate
678 3171 926 3252 decernendi
958 3170 1000 3249 in
1024 3171 1145 3249 rebus
1164 3170 1262 3249 fidei
1282 3170 1451 3276 quibus—

401 3330 485 3408 que
504 3302 592 3383 falli
623 3305 787 3385 nescia?
817 3304 931 3410 quod
951 3302 1121 3409 quidem
1148 3306 1218 3410 jus
1244 3330 1451 3382 commen-

402 3436 560 3531 ticium,
571 3466 618 3517 ac
633 3436 791 3516 nullius
806 3435 1023 3544 singularis
1039 3436 1227 3531 ecclesiae‚
1241 3441 1447 3519 autetiam

401 3572 704 3679 patriarchatus
724 3573 949 3678 proprium,
970 3599 1064 3651 nam
1087 3572 1140 3651 de
1160 3573 1362 3652 universa
1388 3601 1452 3652 ec-

400 3703 537 3786 clesiae
557 3734 688 3814 usque
717 3709 769 3786 ab
789 3719 883 3786 ortu
913 3711 1004 3814 ejus
1033 3734 1231 3785 consensu
1264 3735 1310 3786 ac
1332 3708 1449 3786 testi·

401 3839 542 3919 monio
562 3839 604 3918 in
624 3838 722 3919 fidei
742 3838 856 3919 haud
876 3840 1101 3920 defecturae
1115 3840 1318 3946 capitibus
1338 3869 1450 3920 nunc

401 3999 485 4051 non
516 3974 665 4079 agitur,
684 4001 848 4053 omnem
875 4000 988 4080 spem
1011 3971 1121 4051 tollit
1145 3970 1337 4051 abolendi
1358 3999 1450 4077 par-

401 4104 507 4184 tium
538 4133 695 4186 errores
724 4119 767 4185 et
795 4106 1094 4196 dissensiones;
1126 4117 1252 4210 atque
1277 4104 1381 4182 adeo
1407 4104 1448 4181 in

399 4251 606 4318 aeternum
628 4252 826 4346 propagat
845 4236 1066 4318 schismata
1081 4232 1234 4314 flebilia
1253 4247 1295 4313 et
1316 4235 1451 4341 perni-
1564 4296 1568 4306 .

398 4372 517 4453 ciosa.
575 4373 647 4453 Sin
678 4374 768 4468 erit,
788 4387 837 4452 ut
861 4376 958 4480 jura
984 4367 1055 4449 illa
1080 4396 1174 4448 vera
1204 4382 1246 4448 et
1280 4371 1452 4476 antiqua
1512 4361 1516 4367 ’

895 4524 915 4572 c
933 4510 955 4571 2
