<?xml version="1.0" encoding="UTF-8"?>
<!DOCTYPE html PUBLIC "-//W3C//DTD XHTML 1.0 Transitional//EN"
    "http://www.w3.org/TR/xhtml1/DTD/xhtml1-transitional.dtd">
<html xmlns="http://www.w3.org/1999/xhtml" xml:lang="en" lang="en">
 <head>
  <title>
</title>
<meta http-equiv="Content-Type" content="text/html;charset=utf-8" />
  <meta name='ocr-system' content='tesseract 3.04.00' />
  <meta name='ocr-capabilities' content='ocr_page ocr_carea ocr_par ocr_line ocrx_word'/>
</head>
<body>
  <div class='ocr_page' id='page_1' title='image "./reliquiaesacrae07routgoog_0416.png"; bbox 0 0 3809 5650; ppageno 0'>
   <div class='ocr_carea' id='block_1_1' title="bbox 458 676 1428 745">
    <p class='ocr_par' dir='ltr' id='par_1_1' title="bbox 458 676 1428 745">
     <span class='ocr_line' id='line_1_1' title="bbox 458 676 1428 745; baseline 0.004 -4"><span class='ocrx_word' id='word_1_1' title='bbox 458 676 509 742; x_wconf 89' lang='lat' dir='ltr'>IN</span> <span class='ocrx_word' id='word_1_2' title='bbox 531 676 672 743; x_wconf 82' lang='lat' dir='ltr'><strong>EPIST.</strong></span> <span class='ocrx_word' id='word_1_3' title='bbox 696 676 914 744; x_wconf 81' lang='lat' dir='ltr'>VIENNEN.</span> <span class='ocrx_word' id='word_1_4' title='bbox 938 677 996 743; x_wconf 88' lang='grc' dir='ltr'>ΕΤ</span> <span class='ocrx_word' id='word_1_5' title='bbox 1020 676 1289 743; x_wconf 84' lang='lat' dir='ltr'><strong>LUGDUNEN.</strong></span> <span class='ocrx_word' id='word_1_6' title='bbox 1361 682 1428 745; x_wconf 77' lang='lat'>335</span> 
     </span>
    </p>
   </div>
   <div class='ocr_carea' id='block_1_2' title="bbox 327 846 1436 4780">
    <p class='ocr_par' dir='ltr' id='par_1_2' title="bbox 327 846 1431 1134">
     <span class='ocr_line' id='line_1_2' title="bbox 327 846 1430 932; baseline 0.003 -23"><span class='ocrx_word' id='word_1_7' title='bbox 327 866 415 909; x_wconf 78' lang='grc' dir='ltr'>ινονν</span> <span class='ocrx_word' id='word_1_8' title='bbox 427 855 455 910; x_wconf 73' lang='lat' dir='ltr'>a</span> <span class='ocrx_word' id='word_1_9' title='bbox 467 847 549 911; x_wconf 71' lang='lat' dir='ltr'>me</span> <span class='ocrx_word' id='word_1_10' title='bbox 558 857 625 931; x_wconf 77' lang='lat' dir='ltr'>post</span> <span class='ocrx_word' id='word_1_11' title='bbox 637 868 692 922; x_wconf 78' lang='grc' dir='ltr'>πιν,</span> <span class='ocrx_word' id='word_1_12' title='bbox 708 869 767 910; x_wconf 80' lang='grc' dir='ltr'>πον</span> <span class='ocrx_word' id='word_1_13' title='bbox 775 857 872 932; x_wconf 72' lang='lat' dir='ltr'>potest</span> <span class='ocrx_word' id='word_1_14' title='bbox 886 870 966 913; x_wconf 76' lang='grc' dir='ltr'>ιιιιιιι</span> <span class='ocrx_word' id='word_1_15' title='bbox 979 870 1038 913; x_wconf 79' lang='lat' dir='ltr'>osso</span> <span class='ocrx_word' id='word_1_16' title='bbox 1058 847 1235 932; x_wconf 74' lang='lat' dir='ltr'>discipulas.</span> <span class='ocrx_word' id='word_1_17' title='bbox 1280 846 1430 912; x_wconf 82' lang='lat' dir='ltr'>Proxime</span> 
     </span>
     <span class='ocr_line' id='line_1_3' title="bbox 328 947 1431 1035; baseline 0.004 -25"><span class='ocrx_word' id='word_1_18' title='bbox 328 955 402 1031; x_wconf 86' lang='lat' dir='ltr'>post</span> <span class='ocrx_word' id='word_1_19' title='bbox 414 947 547 1011; x_wconf 87' lang='lat' dir='ltr'>indieari</span> <span class='ocrx_word' id='word_1_20' title='bbox 566 952 658 1032; x_wconf 74' lang='lat' dir='ltr'>Aper.</span> <span class='ocrx_word' id='word_1_21' title='bbox 674 947 735 1012; x_wconf 82' lang='lat' dir='ltr'>xiv.</span> <span class='ocrx_word' id='word_1_22' title='bbox 751 970 782 1029; x_wconf 87' lang='lat'>4.</span> <span class='ocrx_word' id='word_1_23' title='bbox 800 950 905 1013; x_wconf 86' lang='lat' dir='ltr'>verbis</span> <span class='ocrx_word' id='word_1_24' title='bbox 919 949 992 1026; x_wconf 90' lang='lat' dir='ltr'>illis,</span> <span class='ocrx_word' id='word_1_25' title='bbox 1007 951 1179 1013; x_wconf 79' lang='grc' dir='ltr'>ἀκολουθῶν</span> <span class='ocrx_word' id='word_1_26' title='bbox 1194 952 1233 1033; x_wconf 66' lang='grc' dir='ltr'>τῷ</span> <span class='ocrx_word' id='word_1_27' title='bbox 1250 950 1340 1035; x_wconf 77' lang='grc' dir='ltr'>ἀρνίῳ</span> <span class='ocrx_word' id='word_1_28' title='bbox 1355 952 1431 1014; x_wconf 79' lang='grc' dir='ltr'>ὅσον</span> 
     </span>
     <span class='ocr_line' id='line_1_4' title="bbox 329 1048 820 1134; baseline 0.004 -23"><span class='ocrx_word' id='word_1_29' title='bbox 329 1049 367 1111; x_wconf 82' lang='grc' dir='ltr'>ἂν</span> <span class='ocrx_word' id='word_1_30' title='bbox 381 1048 489 1134; x_wconf 75' lang='grc' dir='ltr'>ὑπάγῃ,</span> <span class='ocrx_word' id='word_1_31' title='bbox 507 1049 670 1113; x_wconf 89' lang='lat' dir='ltr'>Strothius</span> <span class='ocrx_word' id='word_1_32' title='bbox 685 1049 820 1113; x_wconf 88' lang='lat' dir='ltr'>notavit.</span> 
     </span>
    </p>

    <p class='ocr_par' dir='ltr' id='par_1_3' title="bbox 328 1148 1431 2021">
     <span class='ocr_line' id='line_1_5' title="bbox 374 1148 1431 1233; baseline 0.002 -21"><span class='ocrx_word' id='word_1_33' title='bbox 374 1150 411 1212; x_wconf 90' lang='grc' dir='ltr'>Ρ.</span> <span class='ocrx_word' id='word_1_34' title='bbox 430 1151 501 1233; x_wconf 88' lang='lat'>298.</span> <span class='ocrx_word' id='word_1_35' title='bbox 518 1150 537 1212; x_wconf 91' lang='grc'>1.</span> <span class='ocrx_word' id='word_1_36' title='bbox 558 1152 606 1213; x_wconf 90' lang='lat'>16.</span> <span class='ocrx_word' id='word_1_37' title='bbox 622 1149 813 1233; x_wconf 79' lang='grc' dir='ltr'>διεκρίνοντο]</span> <span class='ocrx_word' id='word_1_38' title='bbox 836 1148 1030 1233; x_wconf 86' lang='lat' dir='ltr'>Metaphora</span> <span class='ocrx_word' id='word_1_39' title='bbox 1044 1149 1253 1213; x_wconf 85' lang='lat' dir='ltr'>videturesse</span> <span class='ocrx_word' id='word_1_40' title='bbox 1267 1149 1309 1214; x_wconf 87' lang='lat' dir='ltr'>ab</span> <span class='ocrx_word' id='word_1_41' title='bbox 1329 1150 1431 1214; x_wconf 80' lang='lat' dir='ltr'>athle-</span> 
     </span>
     <span class='ocr_line' id='line_1_6' title="bbox 329 1249 1430 1334; baseline 0.001 -21"><span class='ocrx_word' id='word_1_42' title='bbox 329 1249 381 1322; x_wconf 90' lang='lat' dir='ltr'>tis,</span> <span class='ocrx_word' id='word_1_43' title='bbox 408 1250 461 1333; x_wconf 90' lang='lat' dir='ltr'>qui</span> <span class='ocrx_word' id='word_1_44' title='bbox 488 1257 660 1334; x_wconf 76' lang='lat' dir='ltr'><strong>antequam</strong></span> <span class='ocrx_word' id='word_1_45' title='bbox 683 1259 846 1315; x_wconf 88' lang='lat' dir='ltr'>eertamen</span> <span class='ocrx_word' id='word_1_46' title='bbox 869 1250 996 1324; x_wconf 86' lang='lat' dir='ltr'>inirent,</span> <span class='ocrx_word' id='word_1_47' title='bbox 1022 1250 1195 1313; x_wconf 81' lang='lat' dir='ltr'>examinari</span> <span class='ocrx_word' id='word_1_48' title='bbox 1222 1250 1368 1314; x_wconf 87' lang='lat' dir='ltr'>solebant</span> <span class='ocrx_word' id='word_1_49' title='bbox 1391 1273 1430 1314; x_wconf 85' lang='lat' dir='ltr'>ao</span> 
     </span>
     <span class='ocr_line' id='line_1_7' title="bbox 329 1350 1431 1436; baseline 0.001 -22"><span class='ocrx_word' id='word_1_50' title='bbox 329 1352 468 1436; x_wconf 91' lang='lat' dir='ltr'>probari,</span> <span class='ocrx_word' id='word_1_51' title='bbox 484 1359 592 1415; x_wconf 89' lang='lat' dir='ltr'>utrum</span> <span class='ocrx_word' id='word_1_52' title='bbox 606 1352 743 1436; x_wconf 84' lang='lat' dir='ltr'>ingenui,</span> <span class='ocrx_word' id='word_1_53' title='bbox 759 1360 866 1415; x_wconf 88' lang='lat' dir='ltr'>utrum</span> <span class='ocrx_word' id='word_1_54' title='bbox 880 1351 988 1416; x_wconf 78' lang='lat' dir='ltr'>aetatir</span> <span class='ocrx_word' id='word_1_55' title='bbox 1002 1350 1163 1415; x_wconf 87' lang='lat' dir='ltr'>athletioae</span> <span class='ocrx_word' id='word_1_56' title='bbox 1184 1358 1300 1415; x_wconf 83' lang='lat' dir='ltr'>essent.</span> <span class='ocrx_word' id='word_1_57' title='bbox 1345 1351 1391 1416; x_wconf 88' lang='lat' dir='ltr'>Et</span> <span class='ocrx_word' id='word_1_58' title='bbox 1409 1352 1431 1415; x_wconf 90' lang='lat' dir='ltr'>ii</span> 
     </span>
     <span class='ocr_line' id='line_1_8' title="bbox 328 1451 1428 1537; baseline -0.003 -21"><span class='ocrx_word' id='word_1_59' title='bbox 328 1453 455 1537; x_wconf 90' lang='lat' dir='ltr'>quidem</span> <span class='ocrx_word' id='word_1_60' title='bbox 469 1453 523 1537; x_wconf 93' lang='lat' dir='ltr'>qui</span> <span class='ocrx_word' id='word_1_61' title='bbox 537 1454 578 1516; x_wconf 91' lang='lat' dir='ltr'>ad</span> <span class='ocrx_word' id='word_1_62' title='bbox 594 1462 755 1517; x_wconf 69' lang='lat' dir='ltr'>oennmen</span> <span class='ocrx_word' id='word_1_63' title='bbox 775 1453 1039 1529; x_wconf 72' lang='lat' dir='ltr'>admittebantur,</span> <span class='ocrx_word' id='word_1_64' title='bbox 1055 1451 1243 1515; x_wconf 76' lang='lat' dir='ltr'><strong>dicebantur</strong></span> <span class='ocrx_word' id='word_1_65' title='bbox 1263 1455 1428 1529; x_wconf 73' lang='grc' dir='ltr'>εἰσκρίνεσ.</span> 
     </span>
     <span class='ocr_line' id='line_1_9' title="bbox 329 1551 1430 1639; baseline -0.002 -20"><span class='ocrx_word' id='word_1_66' title='bbox 329 1561 388 1619; x_wconf 85' lang='grc' dir='ltr'>θαι.</span> <span class='ocrx_word' id='word_1_67' title='bbox 434 1555 494 1636; x_wconf 80' lang='lat' dir='ltr'>Qui</span> <span class='ocrx_word' id='word_1_68' title='bbox 509 1563 618 1618; x_wconf 88' lang='lat' dir='ltr'>autem</span> <span class='ocrx_word' id='word_1_69' title='bbox 637 1554 899 1639; x_wconf 72' lang='lat' dir='ltr'>repudiabuntur,</span> <span class='ocrx_word' id='word_1_70' title='bbox 914 1554 1110 1634; x_wconf 79' lang='grc' dir='ltr'>ἐκκρίνεσθᾳι.</span> <span class='ocrx_word' id='word_1_71' title='bbox 1156 1551 1302 1615; x_wconf 78' lang='lat' dir='ltr'><strong>Examen</strong></span> <span class='ocrx_word' id='word_1_72' title='bbox 1321 1559 1430 1617; x_wconf 89' lang='lat' dir='ltr'>autom</span> 
     </span>
     <span class='ocr_line' id='line_1_10' title="bbox 329 1653 1430 1741; baseline -0.002 -23"><span class='ocrx_word' id='word_1_73' title='bbox 329 1657 431 1741; x_wconf 90' lang='lat' dir='ltr'>ipsum</span> <span class='ocrx_word' id='word_1_74' title='bbox 446 1658 621 1720; x_wconf 81' lang='lat' dir='ltr'>vocabatur</span> <span class='ocrx_word' id='word_1_75' title='bbox 636 1657 790 1736; x_wconf 78' lang='grc' dir='ltr'>διάκρισις,</span> <span class='ocrx_word' id='word_1_76' title='bbox 806 1663 843 1720; x_wconf 92' lang='lat' dir='ltr'>ut</span> <span class='ocrx_word' id='word_1_77' title='bbox 859 1678 898 1719; x_wconf 82' lang='lat' dir='ltr'>ex</span> <span class='ocrx_word' id='word_1_78' title='bbox 913 1655 974 1719; x_wconf 86' lang='lat' dir='ltr'>hoe</span> <span class='ocrx_word' id='word_1_79' title='bbox 988 1655 1058 1718; x_wconf 91' lang='lat' dir='ltr'>loeo</span> <span class='ocrx_word' id='word_1_80' title='bbox 1073 1653 1194 1739; x_wconf 84' lang='lat' dir='ltr'>oolligo.</span> <span class='ocrx_word' id='word_1_81' title='bbox 1229 1654 1330 1717; x_wconf 89' lang='lat' dir='ltr'>Plena</span> <span class='ocrx_word' id='word_1_82' title='bbox 1342 1661 1430 1739; x_wconf 64' lang='lat' dir='ltr'>eante</span> 
     </span>
     <span class='ocr_line' id='line_1_11' title="bbox 328 1753 1431 1841; baseline -0.002 -21"><span class='ocrx_word' id='word_1_83' title='bbox 328 1763 378 1820; x_wconf 86' lang='lat' dir='ltr'>est</span> <span class='ocrx_word' id='word_1_84' title='bbox 393 1757 460 1820; x_wconf 86' lang='lat' dir='ltr'>haeo</span> <span class='ocrx_word' id='word_1_85' title='bbox 475 1757 610 1841; x_wconf 87' lang='lat' dir='ltr'>epistola</span> <span class='ocrx_word' id='word_1_86' title='bbox 624 1756 785 1820; x_wconf 80' lang='lat' dir='ltr'>vocabulis</span> <span class='ocrx_word' id='word_1_87' title='bbox 799 1778 820 1820; x_wconf 88' lang='lat' dir='ltr'>a</span> <span class='ocrx_word' id='word_1_88' title='bbox 834 1778 869 1819; x_wconf 88' lang='lat' dir='ltr'>re</span> <span class='ocrx_word' id='word_1_89' title='bbox 889 1755 1044 1820; x_wconf 77' lang='lat' dir='ltr'>athletica</span> <span class='ocrx_word' id='word_1_90' title='bbox 1064 1753 1238 1818; x_wconf 73' lang='lat' dir='ltr'><strong>translatis.</strong></span> <span class='ocrx_word' id='word_1_91' title='bbox 1284 1754 1378 1831; x_wconf 86' lang='lat' dir='ltr'>Quod</span> <span class='ocrx_word' id='word_1_92' title='bbox 1397 1760 1431 1818; x_wconf 86' lang='lat' dir='ltr'>et</span> 
     </span>
     <span class='ocr_line' id='line_1_12' title="bbox 329 1855 1429 1940; baseline 0 -22"><span class='ocrx_word' id='word_1_93' title='bbox 329 1856 389 1920; x_wconf 85' lang='lat' dir='ltr'>loai</span> <span class='ocrx_word' id='word_1_94' title='bbox 405 1856 499 1940; x_wconf 88' lang='lat' dir='ltr'>hujus</span> <span class='ocrx_word' id='word_1_95' title='bbox 509 1856 604 1921; x_wconf 83' lang='lat' dir='ltr'>leutio</span> <span class='ocrx_word' id='word_1_96' title='bbox 618 1857 688 1940; x_wconf 90' lang='lat' dir='ltr'>ipsa</span> <span class='ocrx_word' id='word_1_97' title='bbox 704 1855 834 1934; x_wconf 75' lang='lat' dir='ltr'>indicat,</span> <span class='ocrx_word' id='word_1_98' title='bbox 844 1863 878 1920; x_wconf 91' lang='lat' dir='ltr'>et</span> <span class='ocrx_word' id='word_1_99' title='bbox 893 1877 951 1919; x_wconf 87' lang='lat' dir='ltr'>nos</span> <span class='ocrx_word' id='word_1_100' title='bbox 964 1855 1049 1919; x_wconf 78' lang='lat' dir='ltr'>inira</span> <span class='ocrx_word' id='word_1_101' title='bbox 1064 1855 1267 1919; x_wconf 74' lang='lat' dir='ltr'>ostendemus</span> <span class='ocrx_word' id='word_1_102' title='bbox 1277 1855 1429 1937; x_wconf 76' lang='lat' dir='ltr'>apertius.</span> 
     </span>
     <span class='ocr_line' id='line_1_13' title="bbox 334 1958 490 2021; baseline 0.013 -2"><span class='ocrx_word' id='word_1_103' title='bbox 334 1958 490 2021; x_wconf 74' lang='lat' dir='ltr'>Vnamrus.</span> 
     </span>
    </p>

    <p class='ocr_par' dir='ltr' id='par_1_4' title="bbox 330 2056 1433 2645">
     <span class='ocr_line' id='line_1_14' title="bbox 374 2056 1430 2142; baseline 0.001 -22"><span class='ocrx_word' id='word_1_104' title='bbox 374 2057 411 2120; x_wconf 90' lang='lat' dir='ltr'>P.</span> <span class='ocrx_word' id='word_1_105' title='bbox 429 2076 501 2142; x_wconf 84' lang='lat'><strong>299.</strong></span> <span class='ocrx_word' id='word_1_106' title='bbox 516 2057 536 2121; x_wconf 92' lang='lat' dir='ltr'>l.</span> <span class='ocrx_word' id='word_1_107' title='bbox 555 2077 583 2124; x_wconf 84' lang='lat'>2.</span> <span class='ocrx_word' id='word_1_108' title='bbox 601 2060 630 2121; x_wconf 87' lang='lat' dir='ltr'>oi</span> <span class='ocrx_word' id='word_1_109' title='bbox 644 2057 805 2142; x_wconf 69' lang='lat' dir='ltr'>deirorum]</span> <span class='ocrx_word' id='word_1_110' title='bbox 820 2061 859 2132; x_wconf 83' lang='lat' dir='ltr'>oi,</span> <span class='ocrx_word' id='word_1_111' title='bbox 875 2059 960 2142; x_wconf 91' lang='lat' dir='ltr'>quod</span> <span class='ocrx_word' id='word_1_112' title='bbox 980 2058 1022 2122; x_wconf 88' lang='lat' dir='ltr'>ab</span> <span class='ocrx_word' id='word_1_113' title='bbox 1042 2057 1088 2121; x_wconf 81' lang='lat' dir='ltr'>ed.</span> <span class='ocrx_word' id='word_1_114' title='bbox 1107 2056 1209 2142; x_wconf 74' lang='lat' dir='ltr'>Sept.</span> <span class='ocrx_word' id='word_1_115' title='bbox 1231 2058 1354 2135; x_wconf 76' lang='lat' dir='ltr'>aberat,</span> <span class='ocrx_word' id='word_1_116' title='bbox 1371 2057 1430 2121; x_wconf 82' lang='lat' dir='ltr'>ad·</span> 
     </span>
     <span class='ocr_line' id='line_1_15' title="bbox 331 2158 1429 2245; baseline 0.002 -24"><span class='ocrx_word' id='word_1_117' title='bbox 331 2158 518 2243; x_wconf 87' lang='lat' dir='ltr'>dideratque</span> <span class='ocrx_word' id='word_1_118' title='bbox 533 2159 666 2222; x_wconf 75' lang='lat' dir='ltr'>forsitan</span> <span class='ocrx_word' id='word_1_119' title='bbox 678 2182 718 2222; x_wconf 87' lang='lat' dir='ltr'>ex</span> <span class='ocrx_word' id='word_1_120' title='bbox 733 2160 860 2245; x_wconf 84' lang='lat' dir='ltr'>seriptis</span> <span class='ocrx_word' id='word_1_121' title='bbox 870 2160 936 2224; x_wconf 88' lang='lat' dir='ltr'>suis</span> <span class='ocrx_word' id='word_1_122' title='bbox 947 2159 1103 2238; x_wconf 87' lang='lat' dir='ltr'>Valesius,</span> <span class='ocrx_word' id='word_1_123' title='bbox 1114 2160 1235 2244; x_wconf 76' lang='lat' dir='ltr'>respuit</span> <span class='ocrx_word' id='word_1_124' title='bbox 1250 2160 1429 2234; x_wconf 85' lang='lat' dir='ltr'>Strothius;</span> 
     </span>
     <span class='ocr_line' id='line_1_16' title="bbox 331 2260 1432 2346; baseline 0.002 -22"><span class='ocrx_word' id='word_1_125' title='bbox 331 2263 387 2324; x_wconf 86' lang='lat' dir='ltr'>sed</span> <span class='ocrx_word' id='word_1_126' title='bbox 410 2283 482 2324; x_wconf 87' lang='lat' dir='ltr'>oum</span> <span class='ocrx_word' id='word_1_127' title='bbox 507 2261 650 2337; x_wconf 87' lang='lat' dir='ltr'>Valesio‚</span> <span class='ocrx_word' id='word_1_128' title='bbox 672 2260 775 2344; x_wconf 86' lang='lat' dir='ltr'>idque,</span> <span class='ocrx_word' id='word_1_129' title='bbox 800 2261 924 2346; x_wconf 88' lang='lat' dir='ltr'>opinor,</span> <span class='ocrx_word' id='word_1_130' title='bbox 947 2268 1044 2338; x_wconf 88' lang='lat' dir='ltr'>reate,</span> <span class='ocrx_word' id='word_1_131' title='bbox 1065 2260 1207 2346; x_wconf 89' lang='lat' dir='ltr'>plerique</span> <span class='ocrx_word' id='word_1_132' title='bbox 1229 2261 1432 2326; x_wconf 85' lang='lat' dir='ltr'>eonsentiunt</span> 
     </span>
     <span class='ocr_line' id='line_1_17' title="bbox 331 2362 1433 2447; baseline 0.003 -22"><span class='ocrx_word' id='word_1_133' title='bbox 331 2363 546 2447; x_wconf 83' lang='lat' dir='ltr'>manuscripti.</span> <span class='ocrx_word' id='word_1_134' title='bbox 593 2363 695 2427; x_wconf 84' lang='lat' dir='ltr'>Abest</span> <span class='ocrx_word' id='word_1_135' title='bbox 717 2384 791 2427; x_wconf 88' lang='lat' dir='ltr'>vero</span> <span class='ocrx_word' id='word_1_136' title='bbox 813 2386 834 2427; x_wconf 87' lang='lat' dir='ltr'>a</span> <span class='ocrx_word' id='word_1_137' title='bbox 860 2364 932 2426; x_wconf 76' lang='lat' dir='ltr'>cod.</span> <span class='ocrx_word' id='word_1_138' title='bbox 953 2364 1049 2447; x_wconf 85' lang='lat' dir='ltr'>Nors.</span> <span class='ocrx_word' id='word_1_139' title='bbox 1072 2370 1116 2439; x_wconf 89' lang='lat' dir='ltr'>et,</span> <span class='ocrx_word' id='word_1_140' title='bbox 1136 2370 1220 2427; x_wconf 87' lang='lat' dir='ltr'>teste</span> <span class='ocrx_word' id='word_1_141' title='bbox 1241 2362 1396 2439; x_wconf 78' lang='lat' dir='ltr'>Burtono,</span> <span class='ocrx_word' id='word_1_142' title='bbox 1411 2384 1433 2428; x_wconf 87' lang='lat' dir='ltr'>a</span> 
     </span>
     <span class='ocr_line' id='line_1_18' title="bbox 330 2463 1431 2548; baseline 0.004 -22"><span class='ocrx_word' id='word_1_143' title='bbox 330 2464 415 2527; x_wconf 83' lang='lat' dir='ltr'>eodd.</span> <span class='ocrx_word' id='word_1_144' title='bbox 436 2465 508 2548; x_wconf 68' lang='lat' dir='ltr'>Ray.</span> <span class='ocrx_word' id='word_1_145' title='bbox 529 2471 562 2527; x_wconf 91' lang='lat' dir='ltr'>et</span> <span class='ocrx_word' id='word_1_146' title='bbox 582 2464 689 2526; x_wconf 76' lang='lat' dir='ltr'>Poris.</span> <span class='ocrx_word' id='word_1_147' title='bbox 708 2463 865 2548; x_wconf 78' lang='lat' dir='ltr'>particula</span> <span class='ocrx_word' id='word_1_148' title='bbox 892 2464 940 2527; x_wconf 84' lang='grc' dir='ltr'>καὶ</span> <span class='ocrx_word' id='word_1_149' title='bbox 965 2472 1042 2529; x_wconf 89' lang='lat' dir='ltr'>ante</span> <span class='ocrx_word' id='word_1_150' title='bbox 1068 2467 1106 2527; x_wconf 84' lang='lat' dir='ltr'>ot.</span> <span class='ocrx_word' id='word_1_151' title='bbox 1152 2464 1253 2528; x_wconf 87' lang='lat' dir='ltr'>Paulo</span> <span class='ocrx_word' id='word_1_152' title='bbox 1276 2472 1354 2530; x_wconf 83' lang='lat' dir='ltr'>ante</span> <span class='ocrx_word' id='word_1_153' title='bbox 1376 2465 1431 2529; x_wconf 92' lang='lat' dir='ltr'>de·</span> 
     </span>
     <span class='ocr_line' id='line_1_19' title="bbox 333 2563 957 2645; baseline 0.003 -20"><span class='ocrx_word' id='word_1_154' title='bbox 333 2563 451 2625; x_wconf 89' lang='lat' dir='ltr'>eratin</span> <span class='ocrx_word' id='word_1_155' title='bbox 465 2565 543 2627; x_wconf 86' lang='lat' dir='ltr'>MS.</span> <span class='ocrx_word' id='word_1_156' title='bbox 559 2564 650 2626; x_wconf 78' lang='lat' dir='ltr'>Bodi.</span> <span class='ocrx_word' id='word_1_157' title='bbox 666 2565 796 2627; x_wconf 86' lang='lat' dir='ltr'>verbum</span> <span class='ocrx_word' id='word_1_158' title='bbox 812 2567 957 2645; x_wconf 79' lang='grc' dir='ltr'>ἐγίνοντο.</span> 
     </span>
    </p>

    <p class='ocr_par' dir='ltr' id='par_1_5' title="bbox 333 2663 1435 3845">
     <span class='ocr_line' id='line_1_20' title="bbox 376 2663 1432 2752; baseline 0.005 -27"><span class='ocrx_word' id='word_1_159' title='bbox 376 2663 460 2726; x_wconf 92' lang='lat' dir='ltr'>Ibid.</span> <span class='ocrx_word' id='word_1_160' title='bbox 484 2664 505 2727; x_wconf 91' lang='lat' dir='ltr'>l.</span> <span class='ocrx_word' id='word_1_161' title='bbox 527 2686 560 2742; x_wconf 87' lang='lat'>4.</span> <span class='ocrx_word' id='word_1_162' title='bbox 585 2667 627 2728; x_wconf 81' lang='grc' dir='ltr'>ὦν</span> <span class='ocrx_word' id='word_1_163' title='bbox 652 2666 701 2728; x_wconf 76' lang='grc' dir='ltr'>καὶ</span> <span class='ocrx_word' id='word_1_164' title='bbox 723 2664 903 2749; x_wconf 71' lang='grc' dir='ltr'>ἐξέτροσοιν]</span> <span class='ocrx_word' id='word_1_165' title='bbox 927 2664 968 2727; x_wconf 97' lang='lat' dir='ltr'>In</span> <span class='ocrx_word' id='word_1_166' title='bbox 994 2664 1101 2728; x_wconf 90' lang='lat' dir='ltr'>oodioe</span> <span class='ocrx_word' id='word_1_167' title='bbox 1123 2665 1224 2750; x_wconf 77' lang='lat' dir='ltr'>Regio</span> <span class='ocrx_word' id='word_1_168' title='bbox 1248 2666 1365 2752; x_wconf 84' lang='lat' dir='ltr'>legitur</span> <span class='ocrx_word' id='word_1_169' title='bbox 1384 2668 1432 2730; x_wconf 77' lang='grc' dir='ltr'>καὶ</span> 
     </span>
     <span class='ocr_line' id='line_1_21' title="bbox 334 2764 1432 2853; baseline 0.004 -24"><span class='ocrx_word' id='word_1_170' title='bbox 334 2764 511 2846; x_wconf 80' lang='grc' dir='ltr'>ἐξέπρωσον,</span> <span class='ocrx_word' id='word_1_171' title='bbox 522 2766 607 2850; x_wconf 92' lang='lat' dir='ltr'>quod</span> <span class='ocrx_word' id='word_1_172' title='bbox 618 2766 747 2831; x_wconf 89' lang='lat' dir='ltr'>verbum</span> <span class='ocrx_word' id='word_1_173' title='bbox 759 2766 837 2831; x_wconf 91' lang='lat' dir='ltr'>mihi</span> <span class='ocrx_word' id='word_1_174' title='bbox 851 2787 1052 2851; x_wconf 87' lang='lat' dir='ltr'>nequaquam</span> <span class='ocrx_word' id='word_1_175' title='bbox 1063 2767 1284 2853; x_wconf 85' lang='lat' dir='ltr'>negligendum</span> <span class='ocrx_word' id='word_1_176' title='bbox 1295 2768 1432 2833; x_wconf 86' lang='lat' dir='ltr'>videtur.</span> 
     </span>
     <span class='ocr_line' id='line_1_22' title="bbox 334 2866 1434 2952; baseline 0.001 -21"><span class='ocrx_word' id='word_1_177' title='bbox 334 2868 414 2931; x_wconf 73' lang='lat' dir='ltr'>(ium</span> <span class='ocrx_word' id='word_1_178' title='bbox 437 2867 521 2930; x_wconf 89' lang='lat' dir='ltr'>enim</span> <span class='ocrx_word' id='word_1_179' title='bbox 545 2867 647 2931; x_wconf 88' lang='lat' dir='ltr'>rarius</span> <span class='ocrx_word' id='word_1_180' title='bbox 670 2867 713 2932; x_wconf 88' lang='lat' dir='ltr'>sit</span> <span class='ocrx_word' id='word_1_181' title='bbox 738 2875 772 2932; x_wconf 89' lang='lat' dir='ltr'>et</span> <span class='ocrx_word' id='word_1_182' title='bbox 794 2867 979 2932; x_wconf 78' lang='lat' dir='ltr'>inusitatius</span> <span class='ocrx_word' id='word_1_183' title='bbox 1004 2889 1100 2952; x_wconf 89' lang='lat' dir='ltr'>quam</span> <span class='ocrx_word' id='word_1_184' title='bbox 1127 2866 1283 2945; x_wconf 76' lang='grc' dir='ltr'>ἐξέπεσον,</span> <span class='ocrx_word' id='word_1_185' title='bbox 1310 2868 1434 2932; x_wconf 77' lang='lat' dir='ltr'>sandius</span> 
     </span>
     <span class='ocr_line' id='line_1_23' title="bbox 334 2967 1432 3054; baseline 0.001 -23"><span class='ocrx_word' id='word_1_186' title='bbox 334 2969 368 3032; x_wconf 81' lang='grc' dir='ltr'>τὸ</span> <span class='ocrx_word' id='word_1_187' title='bbox 391 2967 559 3049; x_wconf 81' lang='grc' dir='ltr'>ἐξέπροσαν</span> <span class='ocrx_word' id='word_1_188' title='bbox 574 2974 733 3033; x_wconf 89' lang='lat' dir='ltr'>mutatum</span> <span class='ocrx_word' id='word_1_189' title='bbox 754 2976 804 3033; x_wconf 89' lang='lat' dir='ltr'>est</span> <span class='ocrx_word' id='word_1_190' title='bbox 824 2969 858 3032; x_wconf 94' lang='lat' dir='ltr'>in</span> <span class='ocrx_word' id='word_1_191' title='bbox 878 2970 912 3033; x_wconf 86' lang='grc' dir='ltr'>τὸ</span> <span class='ocrx_word' id='word_1_192' title='bbox 935 2970 1080 3048; x_wconf 74' lang='grc' dir='ltr'>ἐξέπεσον</span> <span class='ocrx_word' id='word_1_193' title='bbox 1100 2990 1196 3054; x_wconf 90' lang='lat' dir='ltr'>quam</span> <span class='ocrx_word' id='word_1_194' title='bbox 1214 2969 1275 3031; x_wconf 90' lang='lat' dir='ltr'>hoa</span> <span class='ocrx_word' id='word_1_195' title='bbox 1298 2968 1331 3031; x_wconf 91' lang='lat' dir='ltr'>ia</span> <span class='ocrx_word' id='word_1_196' title='bbox 1346 2967 1432 3032; x_wconf 88' lang='lat' dir='ltr'>illud.</span> 
     </span>
     <span class='ocr_line' id='line_1_24' title="bbox 334 3069 1433 3156; baseline 0.001 -24"><span class='ocrx_word' id='word_1_197' title='bbox 334 3070 501 3149; x_wconf 77' lang='grc' dir='ltr'>έξέτρωσαν</span> <span class='ocrx_word' id='word_1_198' title='bbox 525 3069 624 3155; x_wconf 82' lang='lat' dir='ltr'>igitur</span> <span class='ocrx_word' id='word_1_199' title='bbox 649 3070 700 3135; x_wconf 86' lang='lat' dir='ltr'>hic</span> <span class='ocrx_word' id='word_1_200' title='bbox 726 3069 849 3155; x_wconf 79' lang='lat' dir='ltr'>passive</span> <span class='ocrx_word' id='word_1_201' title='bbox 874 3070 1011 3134; x_wconf 84' lang='lat' dir='ltr'>sumitur</span> <span class='ocrx_word' id='word_1_202' title='bbox 1036 3092 1094 3156; x_wconf 88' lang='lat' dir='ltr'>pro</span> <span class='ocrx_word' id='word_1_203' title='bbox 1120 3070 1369 3149; x_wconf 70' lang='grc' dir='ltr'>έξημβλῶθησαν.</span> <span class='ocrx_word' id='word_1_204' title='bbox 1399 3070 1433 3133; x_wconf 92' lang='lat' dir='ltr'>id</span> 
     </span>
     <span class='ocr_line' id='line_1_25' title="bbox 334 3170 1433 3252; baseline 0.002 -18"><span class='ocrx_word' id='word_1_205' title='bbox 334 3179 394 3247; x_wconf 87' lang='lat' dir='ltr'>est,</span> <span class='ocrx_word' id='word_1_206' title='bbox 408 3171 544 3235; x_wconf 83' lang='lat' dir='ltr'>abortivi</span> <span class='ocrx_word' id='word_1_207' title='bbox 564 3171 640 3236; x_wconf 78' lang='lat' dir='ltr'>faeti</span> <span class='ocrx_word' id='word_1_208' title='bbox 661 3178 745 3249; x_wconf 89' lang='lat' dir='ltr'>sunt,</span> <span class='ocrx_word' id='word_1_209' title='bbox 761 3171 884 3235; x_wconf 74' lang='lat' dir='ltr'>excussi</span> <span class='ocrx_word' id='word_1_210' title='bbox 903 3178 991 3248; x_wconf 83' lang='lat' dir='ltr'>sunt,</span> <span class='ocrx_word' id='word_1_211' title='bbox 1011 3171 1144 3251; x_wconf 79' lang='grc' dir='ltr'>έκτρωμο</span> <span class='ocrx_word' id='word_1_212' title='bbox 1168 3170 1319 3251; x_wconf 83' lang='grc' dir='ltr'>ἐγένοντο.</span> <span class='ocrx_word' id='word_1_213' title='bbox 1353 3170 1433 3252; x_wconf 81' lang='lat' dir='ltr'>Quae</span> 
     </span>
     <span class='ocr_line' id='line_1_26' title="bbox 334 3271 1432 3358; baseline 0.005 -25"><span class='ocrx_word' id='word_1_214' title='bbox 334 3272 522 3356; x_wconf 75' lang='lat' dir='ltr'>metaphora</span> <span class='ocrx_word' id='word_1_215' title='bbox 536 3273 652 3335; x_wconf 88' lang='lat' dir='ltr'>iterum</span> <span class='ocrx_word' id='word_1_216' title='bbox 671 3281 842 3356; x_wconf 87' lang='lat' dir='ltr'>usurpatur</span> <span class='ocrx_word' id='word_1_217' title='bbox 860 3273 952 3349; x_wconf 85' lang='lat' dir='ltr'>infra,</span> <span class='ocrx_word' id='word_1_218' title='bbox 969 3273 1024 3336; x_wconf 91' lang='lat' dir='ltr'>ubi</span> <span class='ocrx_word' id='word_1_219' title='bbox 1041 3273 1149 3358; x_wconf 82' lang='lat' dir='ltr'>agitur</span> <span class='ocrx_word' id='word_1_220' title='bbox 1168 3272 1208 3336; x_wconf 90' lang='lat' dir='ltr'>de</span> <span class='ocrx_word' id='word_1_221' title='bbox 1228 3271 1337 3355; x_wconf 90' lang='lat' dir='ltr'>lapsis,</span> <span class='ocrx_word' id='word_1_222' title='bbox 1356 3273 1432 3348; x_wconf 84' lang='lat' dir='ltr'>(vid.</span> 
     </span>
     <span class='ocr_line' id='line_1_27' title="bbox 333 3372 1434 3458; baseline 0.003 -22"><span class='ocrx_word' id='word_1_223' title='bbox 333 3395 365 3458; x_wconf 93' lang='lat' dir='ltr'>p.</span> <span class='ocrx_word' id='word_1_224' title='bbox 380 3375 473 3457; x_wconf 59' lang='lat'>3120)</span> <span class='ocrx_word' id='word_1_225' title='bbox 498 3373 662 3436; x_wconf 71' lang='lat' dir='ltr'>Vsnssms.</span> <span class='ocrx_word' id='word_1_226' title='bbox 703 3373 836 3457; x_wconf 78' lang='lat' dir='ltr'>Recepit</span> <span class='ocrx_word' id='word_1_227' title='bbox 850 3375 910 3438; x_wconf 88' lang='lat' dir='ltr'>hoo</span> <span class='ocrx_word' id='word_1_228' title='bbox 925 3374 1095 3455; x_wconf 75' lang='grc' dir='ltr'>ἐξέπροσον</span> <span class='ocrx_word' id='word_1_229' title='bbox 1109 3372 1141 3436; x_wconf 93' lang='lat' dir='ltr'>in</span> <span class='ocrx_word' id='word_1_230' title='bbox 1156 3381 1342 3438; x_wconf 83' lang='lat' dir='ltr'>oontextum</span> <span class='ocrx_word' id='word_1_231' title='bbox 1357 3381 1434 3439; x_wconf 88' lang='lat' dir='ltr'>ante</span> 
     </span>
     <span class='ocr_line' id='line_1_28' title="bbox 333 3473 1434 3560; baseline 0.003 -23"><span class='ocrx_word' id='word_1_232' title='bbox 333 3496 385 3538; x_wconf 92' lang='lat' dir='ltr'>me</span> <span class='ocrx_word' id='word_1_233' title='bbox 406 3475 569 3540; x_wconf 86' lang='lat' dir='ltr'>Strothius</span> <span class='ocrx_word' id='word_1_234' title='bbox 586 3498 646 3559; x_wconf 93' lang='lat' dir='ltr'>pro</span> <span class='ocrx_word' id='word_1_235' title='bbox 667 3474 820 3553; x_wconf 74' lang='grc' dir='ltr'>ἐξέπεσον,</span> <span class='ocrx_word' id='word_1_236' title='bbox 837 3498 877 3539; x_wconf 84' lang='lat' dir='ltr'>ex</span> <span class='ocrx_word' id='word_1_237' title='bbox 896 3476 960 3540; x_wconf 81' lang='lat' dir='ltr'>cod.</span> <span class='ocrx_word' id='word_1_238' title='bbox 976 3475 1071 3559; x_wconf 65' lang='lat' dir='ltr'>Rapio</span> <span class='ocrx_word' id='word_1_239' title='bbox 1091 3480 1124 3538; x_wconf 91' lang='lat' dir='ltr'>et</span> <span class='ocrx_word' id='word_1_240' title='bbox 1140 3474 1232 3538; x_wconf 68' lang='lat' dir='ltr'>loeti.</span> <span class='ocrx_word' id='word_1_241' title='bbox 1250 3473 1351 3540; x_wconf 71' lang='lat' dir='ltr'>Vetat.</span> <span class='ocrx_word' id='word_1_242' title='bbox 1366 3475 1434 3560; x_wconf 90' lang='lat' dir='ltr'>qui-</span> 
     </span>
     <span class='ocr_line' id='line_1_29' title="bbox 333 3575 1433 3661; baseline 0.004 -23"><span class='ocrx_word' id='word_1_243' title='bbox 333 3576 394 3639; x_wconf 90' lang='lat' dir='ltr'>bus</span> <span class='ocrx_word' id='word_1_244' title='bbox 416 3576 517 3640; x_wconf 88' lang='lat' dir='ltr'>addas</span> <span class='ocrx_word' id='word_1_245' title='bbox 536 3578 609 3641; x_wconf 74' lang='lat' dir='ltr'>Ma.</span> <span class='ocrx_word' id='word_1_246' title='bbox 629 3576 770 3661; x_wconf 75' lang='lat' dir='ltr'>Norsole.</span> <span class='ocrx_word' id='word_1_247' title='bbox 789 3584 832 3655; x_wconf 88' lang='lat' dir='ltr'>et,</span> <span class='ocrx_word' id='word_1_248' title='bbox 848 3578 1005 3641; x_wconf 81' lang='lat' dir='ltr'>referente</span> <span class='ocrx_word' id='word_1_249' title='bbox 1020 3575 1174 3653; x_wconf 88' lang='lat' dir='ltr'>Burtono‚</span> <span class='ocrx_word' id='word_1_250' title='bbox 1192 3576 1277 3640; x_wconf 80' lang='lat' dir='ltr'>codd.</span> <span class='ocrx_word' id='word_1_251' title='bbox 1296 3577 1433 3642; x_wconf 72' lang='lat' dir='ltr'>Floreat.</span> 
     </span>
     <span class='ocr_line' id='line_1_30' title="bbox 341 3677 1435 3764; baseline 0.003 -24"><span class='ocrx_word' id='word_1_252' title='bbox 341 3679 543 3762; x_wconf 58' lang='lat' dir='ltr'>Veneremque.</span> <span class='ocrx_word' id='word_1_253' title='bbox 584 3677 673 3744; x_wconf 88' lang='lat' dir='ltr'>Idem</span> <span class='ocrx_word' id='word_1_254' title='bbox 687 3678 729 3743; x_wconf 89' lang='lat' dir='ltr'>ad</span> <span class='ocrx_word' id='word_1_255' title='bbox 743 3700 829 3743; x_wconf 83' lang='lat' dir='ltr'>oram</span> <span class='ocrx_word' id='word_1_256' title='bbox 844 3700 969 3764; x_wconf 90' lang='lat' dir='ltr'>qnoque</span> <span class='ocrx_word' id='word_1_257' title='bbox 987 3679 1093 3743; x_wconf 71' lang='lat' dir='ltr'>Genea</span> <span class='ocrx_word' id='word_1_258' title='bbox 1109 3678 1155 3741; x_wconf 81' lang='lat' dir='ltr'>ed.</span> <span class='ocrx_word' id='word_1_259' title='bbox 1171 3685 1271 3763; x_wconf 90' lang='lat' dir='ltr'>atque</span> <span class='ocrx_word' id='word_1_260' title='bbox 1284 3678 1319 3742; x_wconf 94' lang='lat' dir='ltr'>in</span> <span class='ocrx_word' id='word_1_261' title='bbox 1332 3680 1435 3743; x_wconf 78' lang='lat' dir='ltr'>codiee</span> 
     </span>
     <span class='ocr_line' id='line_1_31' title="bbox 336 3778 626 3845; baseline 0.003 -2"><span class='ocrx_word' id='word_1_262' title='bbox 336 3778 510 3844; x_wconf 76' lang='lat' dir='ltr'>Castellum</span> <span class='ocrx_word' id='word_1_263' title='bbox 525 3788 626 3845; x_wconf 84' lang='lat' dir='ltr'>extat.</span> 
     </span>
    </p>

    <p class='ocr_par' dir='ltr' id='par_1_6' title="bbox 333 3879 1436 4063">
     <span class='ocr_line' id='line_1_32' title="bbox 379 3879 1436 3967; baseline -0.001 -23"><span class='ocrx_word' id='word_1_264' title='bbox 379 3882 463 3946; x_wconf 88' lang='lat' dir='ltr'>lbid.</span> <span class='ocrx_word' id='word_1_265' title='bbox 473 3882 493 3946; x_wconf 93' lang='lat' dir='ltr'>l.</span> <span class='ocrx_word' id='word_1_266' title='bbox 501 3898 533 3967; x_wconf 79' lang='lat'>5.</span> <span class='ocrx_word' id='word_1_267' title='bbox 543 3882 667 3965; x_wconf 80' lang='grc' dir='ltr'>πένθος]</span> <span class='ocrx_word' id='word_1_268' title='bbox 681 3882 776 3949; x_wconf 76' lang='grc' dir='ltr'>πάθος</span> <span class='ocrx_word' id='word_1_269' title='bbox 789 3881 951 3965; x_wconf 68' lang='lat' dir='ltr'>Maryiaos</span> <span class='ocrx_word' id='word_1_270' title='bbox 970 3883 1076 3944; x_wconf 68' lang='lat' dir='ltr'>Genea.</span> <span class='ocrx_word' id='word_1_271' title='bbox 1085 3880 1132 3943; x_wconf 77' lang='lat' dir='ltr'>ed.</span> <span class='ocrx_word' id='word_1_272' title='bbox 1144 3888 1243 3964; x_wconf 90' lang='lat' dir='ltr'>atque</span> <span class='ocrx_word' id='word_1_273' title='bbox 1257 3879 1436 3964; x_wconf 64' lang='lat' dir='ltr'>amptius</span> 
     </span>
     <span class='ocr_line' id='line_1_33' title="bbox 333 3979 1433 4063; baseline -0.004 -16"><span class='ocrx_word' id='word_1_274' title='bbox 333 3983 434 4047; x_wconf 79' lang='grc' dir='ltr'>Ιοιιοι.</span> <span class='ocrx_word' id='word_1_275' title='bbox 445 3983 576 4047; x_wconf 73' lang='lat' dir='ltr'>Sanora.</span> <span class='ocrx_word' id='word_1_276' title='bbox 609 3982 690 4045; x_wconf 84' lang='lat' dir='ltr'>Mox</span> <span class='ocrx_word' id='word_1_277' title='bbox 701 3983 792 4046; x_wconf 86' lang='lat' dir='ltr'>deest</span> <span class='ocrx_word' id='word_1_278' title='bbox 802 3985 840 4046; x_wconf 75' lang='grc' dir='ltr'>τὰ</span> <span class='ocrx_word' id='word_1_279' title='bbox 850 3988 927 4045; x_wconf 88' lang='lat' dir='ltr'>ante</span> <span class='ocrx_word' id='word_1_280' title='bbox 938 3984 1022 4045; x_wconf 74' lang='grc' dir='ltr'>δεινὰ</span> <span class='ocrx_word' id='word_1_281' title='bbox 1032 3981 1065 4043; x_wconf 93' lang='lat' dir='ltr'>in</span> <span class='ocrx_word' id='word_1_282' title='bbox 1077 3982 1121 4044; x_wconf 83' lang='grc' dir='ltr'><em>Μ</em></span> <span class='ocrx_word' id='word_1_283' title='bbox 1119 3982 1180 4044; x_wconf 78' lang='lat' dir='ltr'>SS.</span> <span class='ocrx_word' id='word_1_284' title='bbox 1190 3980 1283 4043; x_wconf 85' lang='lat' dir='ltr'>Bodl.</span> <span class='ocrx_word' id='word_1_285' title='bbox 1296 3979 1433 4063; x_wconf 84' lang='lat' dir='ltr'>etNors.</span> 
     </span>
    </p>

    <p class='ocr_par' dir='ltr' id='par_1_7' title="bbox 335 4080 1436 4780">
     <span class='ocr_line' id='line_1_34' title="bbox 379 4080 1435 4167; baseline 0 -22"><span class='ocrx_word' id='word_1_286' title='bbox 379 4083 464 4146; x_wconf 90' lang='lat' dir='ltr'>Ibid.</span> <span class='ocrx_word' id='word_1_287' title='bbox 478 4082 501 4145; x_wconf 91' lang='lat' dir='ltr'>l.</span> <span class='ocrx_word' id='word_1_288' title='bbox 522 4103 571 4167; x_wconf 84' lang='lat'>13.</span> <span class='ocrx_word' id='word_1_289' title='bbox 588 4084 666 4146; x_wconf 82' lang='grc' dir='ltr'>ὥστε</span> <span class='ocrx_word' id='word_1_290' title='bbox 682 4086 867 4163; x_wconf 75' lang='grc' dir='ltr'>συλλεγῆναι</span> <span class='ocrx_word' id='word_1_291' title='bbox 882 4084 915 4145; x_wconf 87' lang='grc' dir='ltr'>έκ</span> <span class='ocrx_word' id='word_1_292' title='bbox 929 4087 988 4144; x_wconf 79' lang='grc' dir='ltr'>τῶν</span> <span class='ocrx_word' id='word_1_293' title='bbox 1002 4083 1054 4146; x_wconf 84' lang='grc' dir='ltr'>δύο</span> <span class='ocrx_word' id='word_1_294' title='bbox 1070 4083 1249 4165; x_wconf 76' lang='grc' dir='ltr'>ἐκκλησιῶν]</span> <span class='ocrx_word' id='word_1_295' title='bbox 1269 4082 1323 4144; x_wconf 83' lang='lat' dir='ltr'>Ex</span> <span class='ocrx_word' id='word_1_296' title='bbox 1339 4080 1435 4145; x_wconf 85' lang='lat' dir='ltr'>ooale-</span> 
     </span>
     <span class='ocr_line' id='line_1_35' title="bbox 335 4181 1433 4267; baseline -0.003 -19"><span class='ocrx_word' id='word_1_297' title='bbox 335 4184 383 4248; x_wconf 85' lang='lat' dir='ltr'>sia</span> <span class='ocrx_word' id='word_1_298' title='bbox 403 4183 522 4248; x_wconf 80' lang='lat' dir='ltr'>scilieet</span> <span class='ocrx_word' id='word_1_299' title='bbox 537 4182 705 4247; x_wconf 85' lang='lat' dir='ltr'>Viennensi</span> <span class='ocrx_word' id='word_1_300' title='bbox 728 4191 762 4247; x_wconf 90' lang='lat' dir='ltr'>et</span> <span class='ocrx_word' id='word_1_301' title='bbox 777 4182 996 4267; x_wconf 86' lang='lat' dir='ltr'>Lugdunensi.</span> <span class='ocrx_word' id='word_1_302' title='bbox 1041 4181 1122 4246; x_wconf 85' lang='lat' dir='ltr'>Haeo</span> <span class='ocrx_word' id='word_1_303' title='bbox 1143 4190 1253 4246; x_wconf 89' lang='lat' dir='ltr'>autem</span> <span class='ocrx_word' id='word_1_304' title='bbox 1268 4183 1366 4246; x_wconf 89' lang='lat' dir='ltr'>verba</span> <span class='ocrx_word' id='word_1_305' title='bbox 1386 4182 1433 4245; x_wconf 91' lang='lat' dir='ltr'>in·</span> 
     </span>
     <span class='ocr_line' id='line_1_36' title="bbox 335 4282 1436 4370; baseline -0.003 -22"><span class='ocrx_word' id='word_1_306' title='bbox 335 4285 445 4369; x_wconf 89' lang='lat' dir='ltr'>primis</span> <span class='ocrx_word' id='word_1_307' title='bbox 459 4287 601 4351; x_wconf 88' lang='lat' dir='ltr'>notanda</span> <span class='ocrx_word' id='word_1_308' title='bbox 611 4293 696 4363; x_wconf 86' lang='lat' dir='ltr'>sunt,</span> <span class='ocrx_word' id='word_1_309' title='bbox 708 4308 747 4350; x_wconf 85' lang='lat' dir='ltr'>ex</span> <span class='ocrx_word' id='word_1_310' title='bbox 760 4286 874 4370; x_wconf 90' lang='lat' dir='ltr'>quibus</span> <span class='ocrx_word' id='word_1_311' title='bbox 886 4283 1055 4349; x_wconf 86' lang='lat' dir='ltr'>manifeste</span> <span class='ocrx_word' id='word_1_312' title='bbox 1069 4290 1216 4368; x_wconf 86' lang='lat' dir='ltr'>apparet,</span> <span class='ocrx_word' id='word_1_313' title='bbox 1227 4282 1436 4347; x_wconf 88' lang='lat' dir='ltr'>Viennensem</span> 
     </span>
     <span class='ocr_line' id='line_1_37' title="bbox 335 4384 1435 4473; baseline -0.002 -21"><span class='ocrx_word' id='word_1_314' title='bbox 335 4387 499 4452; x_wconf 81' lang='lat' dir='ltr'>eeclesiam</span> <span class='ocrx_word' id='word_1_315' title='bbox 513 4388 644 4471; x_wconf 91' lang='lat' dir='ltr'>perinde</span> <span class='ocrx_word' id='word_1_316' title='bbox 658 4410 696 4452; x_wconf 87' lang='lat' dir='ltr'>aa</span> <span class='ocrx_word' id='word_1_317' title='bbox 712 4388 966 4473; x_wconf 84' lang='lat' dir='ltr'>Lugdunensem,</span> <span class='ocrx_word' id='word_1_318' title='bbox 982 4407 1074 4451; x_wconf 85' lang='lat' dir='ltr'>sunm</span> <span class='ocrx_word' id='word_1_319' title='bbox 1088 4394 1166 4451; x_wconf 87' lang='lat' dir='ltr'>tune</span> <span class='ocrx_word' id='word_1_320' title='bbox 1179 4384 1361 4470; x_wconf 73' lang='lat' dir='ltr'>episcopum</span> <span class='ocrx_word' id='word_1_321' title='bbox 1379 4385 1435 4450; x_wconf 82' lang='lat' dir='ltr'>ha·</span> 
     </span>
     <span class='ocr_line' id='line_1_38' title="bbox 335 4486 1435 4575; baseline -0.003 -23"><span class='ocrx_word' id='word_1_322' title='bbox 335 4488 450 4553; x_wconf 89' lang='lat' dir='ltr'>buisse.</span> <span class='ocrx_word' id='word_1_323' title='bbox 495 4490 618 4575; x_wconf 75' lang='lat' dir='ltr'>Quippe</span> <span class='ocrx_word' id='word_1_324' title='bbox 633 4490 764 4554; x_wconf 88' lang='lat' dir='ltr'>eoelesia</span> <span class='ocrx_word' id='word_1_325' title='bbox 777 4491 819 4555; x_wconf 90' lang='lat' dir='ltr'>ab</span> <span class='ocrx_word' id='word_1_326' title='bbox 837 4489 978 4573; x_wconf 88' lang='lat' dir='ltr'>antiquis</span> <span class='ocrx_word' id='word_1_327' title='bbox 997 4488 1205 4574; x_wconf 88' lang='lat' dir='ltr'>seriptoribus</span> <span class='ocrx_word' id='word_1_328' title='bbox 1224 4508 1288 4550; x_wconf 93' lang='lat' dir='ltr'>non</span> <span class='ocrx_word' id='word_1_329' title='bbox 1308 4486 1435 4564; x_wconf 86' lang='lat' dir='ltr'>dieitur,</span> 
     </span>
     <span class='ocr_line' id='line_1_39' title="bbox 335 4588 1435 4678; baseline -0.003 -24"><span class='ocrx_word' id='word_1_330' title='bbox 335 4591 396 4655; x_wconf 92' lang='lat' dir='ltr'>nisi</span> <span class='ocrx_word' id='word_1_331' title='bbox 412 4592 542 4670; x_wconf 88' lang='lat' dir='ltr'>matrix,</span> <span class='ocrx_word' id='word_1_332' title='bbox 557 4615 652 4678; x_wconf 87' lang='lat' dir='ltr'>quam</span> <span class='ocrx_word' id='word_1_333' title='bbox 673 4592 889 4658; x_wconf 86' lang='lat' dir='ltr'>oathedralem</span> <span class='ocrx_word' id='word_1_334' title='bbox 903 4613 1062 4656; x_wconf 76' lang='lat' dir='ltr'>vocamus</span> <span class='ocrx_word' id='word_1_335' title='bbox 1106 4591 1183 4654; x_wconf 86' lang='lat' dir='ltr'>Ado</span> <span class='ocrx_word' id='word_1_336' title='bbox 1198 4588 1388 4654; x_wconf 84' lang='lat' dir='ltr'>Viennensis</span> <span class='ocrx_word' id='word_1_337' title='bbox 1403 4588 1435 4652; x_wconf 94' lang='lat' dir='ltr'>in</span> 
     </span>
     <span class='ocr_line' id='line_1_40' title="bbox 337 4690 1435 4780; baseline -0.002 -23"><span class='ocrx_word' id='word_1_338' title='bbox 337 4694 504 4773; x_wconf 78' lang='lat' dir='ltr'>Oinoniao,</span> <span class='ocrx_word' id='word_1_339' title='bbox 520 4695 650 4760; x_wconf 86' lang='lat' dir='ltr'>Justum</span> <span class='ocrx_word' id='word_1_340' title='bbox 664 4702 741 4760; x_wconf 91' lang='lat' dir='ltr'>tuno</span> <span class='ocrx_word' id='word_1_341' title='bbox 753 4694 906 4780; x_wconf 86' lang='lat' dir='ltr'>temporis</span> <span class='ocrx_word' id='word_1_342' title='bbox 921 4694 1130 4758; x_wconf 83' lang='lat' dir='ltr'>Viennensem</span> <span class='ocrx_word' id='word_1_343' title='bbox 1144 4691 1327 4777; x_wconf 86' lang='lat' dir='ltr'>episeopum</span> <span class='ocrx_word' id='word_1_344' title='bbox 1339 4690 1435 4755; x_wconf 80' lang='lat' dir='ltr'>inisse</span> 
     </span>
    </p>
   </div>
   <div class='ocr_carea' id='block_1_3' title="bbox 0 0 1918 5650">
    <p class='ocr_par' dir='ltr' id='par_1_8' title="bbox 0 0 1918 5650">
     <span class='ocr_line' id='line_1_41' title="bbox 0 0 1918 5650; baseline 0 0"><span class='ocrx_word' id='word_1_345' title='bbox 0 0 1918 5650; x_wconf 95' lang='lat' dir='ltr'> </span> 
     </span>
    </p>
   </div>
  </div>
 </body>
</html>
