3809 5650
508 686 770 751 ANNOTATT.
798 687 846 750 IN
871 688 1123 753 HEGESIPPI
1149 692 1323 757 Fanum.
1412 695 1474 757 sal

377 870 492 934 neseio.
508 870 567 934 nisi
583 872 666 935 sorte
680 872 728 936 ita
742 874 910 935 emendare
924 872 1030 956 placet
1046 875 1079 935 ἐν
1093 874 1168 939 υἱοῖς
1182 872 1386 952 Ἰσραηλιτῶν·
1402 879 1477 939 κατὰ

377 974 427 1048 τῆς
441 974 540 1051 φυλῆς
554 970 661 1036 Ἰούδα.
698 973 840 1057 Vulgata
854 981 964 1036 tamen
978 974 1073 1037 lentio
1087 973 1189 1058 magis
1203 973 1318 1057 placet,
1335 996 1430 1057 quam
1445 984 1479 1041 et

376 1072 495 1156 Regius
524 1074 624 1135 codex
654 1080 688 1136 et
718 1073 918 1157 Nicephorus
947 1077 1146 1138 continuant.
1202 1074 1342 1138 Videtur
1370 1080 1479 1138 autem

377 1171 590 1256 Hegesippus,
605 1173 724 1235 tribum
740 1173 760 1235 J
764 1174 833 1236 udae
849 1175 891 1236 ab
907 1175 956 1237 his
970 1175 1114 1237 omnibus
1125 1175 1147 1237 J
1150 1175 1253 1237 udaiei
1265 1175 1371 1258 populi
1383 1174 1479 1239 seotis

376 1293 488 1354 puram
508 1294 546 1335 aa
566 1294 698 1335 vacuam
720 1273 928 1348 existimasse,
952 1275 1000 1338 ita
1026 1282 1062 1337 ut
1089 1274 1192 1337 nullus
1218 1297 1235 1338 e
1260 1274 1345 1338 tribu
1372 1274 1393 1338 J
1396 1276 1479 1351 udae,

377 1372 569 1435 Essenorum
592 1383 650 1436 aut
675 1373 922 1437 Sadduoaeorum
945 1383 1003 1438 aut
1029 1376 1263 1438 Pharisaeorum
1287 1384 1408 1439 sectam
1431 1396 1478 1440 se-

376 1480 468 1537 cutus
487 1474 539 1537 sit.
585 1474 678 1550 Quod
692 1482 800 1538 tamen
821 1497 1021 1560 nequaquam
1041 1477 1208 1540 verisimile
1230 1484 1288 1540 est.
1335 1477 1397 1540 Sed
1418 1477 1478 1540 hoo

376 1575 417 1638 ab
444 1577 630 1660 Hegesippo
656 1577 850 1641 dictumest
875 1578 908 1640 in
930 1578 1069 1661 gratiam
1093 1578 1197 1642 tribus
1219 1578 1326 1651 Judae,
1350 1601 1390 1641 ex
1414 1599 1478 1662 qua

377 1677 523 1741 Christus
538 1678 691 1761 originem
707 1678 809 1742 duxit.
840 1679 958 1742 Omnes
970 1680 1070 1764 igitur
1080 1680 1150 1742 illas
1161 1680 1181 1742 J
1184 1680 1319 1743 udaismi
1331 1680 1478 1756 haereses,

375 1777 511 1861 viguisse
526 1778 573 1841 ait
588 1780 673 1862 apud
688 1779 826 1862 reliquas
840 1781 949 1843 decem
964 1780 1080 1857 tribus,
1095 1802 1165 1864 quae
1180 1781 1309 1865 proprio
1326 1804 1364 1845 ao
1384 1804 1477 1866 peou·

375 1878 445 1941 liari
461 1878 613 1942 vocabulo
632 1879 732 1942 lsrael
747 1879 943 1956 dicebantur,
961 1889 1035 1964 post
1055 1881 1239 1945 divisionem
1260 1882 1347 1966 regni
1366 1885 1389 1945 J
1392 1883 1478 1946 udae-

375 2001 466 2041 orum
497 1979 652 2042 Roboami
681 1982 878 2064 temporibus
903 1982 1031 2046 laetam.
1077 1985 1174 2046 Certe
1197 1982 1300 2046 tribus
1322 1982 1345 2044 J
1348 1983 1418 2046 udoe
1444 1983 1476 2045 in

375 2079 462 2144 libn's
477 2083 717 2165 prophetarum,
732 2083 870 2147 eoelesiae
893 2105 1061 2167 personam
1085 2084 1237 2155 denotat3
1270 2085 1378 2147 deaem
1402 2105 1477 2148 vero

374 2181 478 2244 tribus
491 2182 673 2245 referuntur
687 2185 729 2246 ad
744 2184 911 2247 haeretioos
925 2206 1061 2268 quorum
1075 2184 1215 2247 maxima
1229 2190 1279 2246 est
1293 2183 1476 2261 multitudo,

376 2289 411 2345 ut
426 2283 536 2346 soribit
553 2285 770 2369 Hieronymus
783 2286 815 2348 in
831 2293 928 2370 eaput
942 2286 963 2348 i.
979 2285 1070 2349 Osee.
1101 2284 1267 2347 Vinusms.
1296 2282 1337 2347 ‘H
1353 2285 1477 2349 addunt

375 2387 462 2448 Μαι.
472 2386 559 2449 Med.
577 2387 684 2449 Fusa.
701 2387 768 2449 sine
783 2409 888 2461 sensu,
903 2395 939 2450 at
954 2387 987 2449 in
1002 2394 1073 2450 tota
1088 2386 1247 2450 sententia
1263 2408 1374 2470 parum
1394 2386 1478 2450 inest

374 2486 518 2549 rationis.
574 2487 719 2551 Valesius
747 2487 915 2571 legendum
944 2489 1082 2572 putabat
1112 2489 1146 2550 ἐν
1174 2489 1248 2552 υἱοῖς
1271 2485 1476 2565 Ἰσραηλιτῶν,

375 2586 460 2669 quod
475 2609 538 2649 non
558 2588 680 2672 probo;
706 2588 812 2673 potius
831 2589 967 2673 legerem
988 2585 1006 2666 ἢ
1026 2594 1094 2664 τῶν,
1111 2595 1168 2650 aut
1189 2586 1207 2665 ἢ
1227 2588 1423 2671 transposito
1443 2590 1477 2652 ἐν

375 2693 409 2767 τῇ
424 2694 565 2768 περιτομῇ
581 2689 599 2768 ἢ
615 2693 649 2753 ἐν
659 2689 814 2769 υἱοΐςἸσρ.
827 2696 897 2765 τῶν,
909 2690 993 2773 quod
1005 2689 1192 2753 confirmare
1204 2689 1328 2751 videtur
1337 2690 1476 2771 Busirim,

375 2790 420 2853 sio
443 2791 588 2868 reddens,
603 2793 638 2855 ia
661 2792 893 2864 σι’τιιιυιοιῗιιουο,
909 2791 945 2854 id
967 2801 1017 2867 art,
1033 2791 1068 2854 ι’νι
1083 2790 1166 2873 filiis
1186 2789 1295 2853 Israel.
1342 2789 1476 2854 Srsorn.

376 2890 506 2954 Nescire
520 2892 647 2974 quidem
666 2902 800 2957 eaeteros
821 2894 963 2957 MSStos
980 2892 1149 2956 articulum
1168 2893 1196 2970 ἡ,
1217 2891 1272 2975 qui
1291 2891 1322 2953 in
1339 2891 1475 2955 Burtoni

374 2992 511 3075 gratiam
528 2993 634 3056 collati
645 3000 732 3069 sunt,
737 2993 807 3077 jam
818 3001 956 3058 constat.
990 2993 1036 3057 Et
1047 2992 1214 3057 lectionem
1227 2992 1476 3069 esselerendam‚

375 3114 446 3176 quae
461 3102 590 3177 recepta
605 3102 663 3170 est,
681 3100 770 3179 puto,
786 3096 862 3157 dum
877 3095 966 3170 illud,
978 3101 1092 3176 γνῶμαι
1108 3093 1256 3174 διάφοροι,
1273 3100 1479 3158 construatur

375 3213 446 3254 oum
462 3194 542 3268 istis,
558 3201 617 3257 τῶν
639 3198 721 3267 κατὰ,
737 3194 888 3259 lominum
902 3196 1148 3260 adversariorum
1163 3193 1259 3257 aaa
1272 3194 1371 3257 Jadae
1390 3204 1479 3280 utque

378 3294 501 3360 Olm‘sti.
539 3296 585 3360 01.
598 3295 724 3380 quidem
740 3295 975 3360 Sehulthessius
989 3296 1021 3359 in
1037 3295 1184 3379 Symbolia
1205 3296 1270 3359 suis
1289 3319 1320 3381 p.
1338 3297 1400 3359 218
1416 3303 1479 3364 τοῖς

376 3417 434 3477 pro
449 3403 508 3459 τῶν
522 3397 689 3481 legendum
704 3405 814 3461 oenset
822 3423 832 3473 ;
855 3405 953 3481 atque
968 3398 1000 3461 in
1013 3398 1086 3462 MS.
1097 3400 1192 3482 Nors.
1210 3420 1271 3461 vox
1286 3396 1371 3463 οὗτοι
1386 3399 1479 3464 omit-

375 3495 465 3559 titur.
498 3497 632 3561 Rufinus
645 3505 737 3562 vetus
752 3498 909 3583 interpres
924 3500 969 3564 sio
984 3500 1090 3575 vertit,
1100 3500 1213 3576 Erant,
1224 3500 1335 3584 inquit,
1348 3499 1479 3563 divorsa

374 3597 526 3660 ιοιιέοιιιὶιν
539 3599 575 3661 in
589 3600 822 3675 airammum,
839 3601 876 3663 id
897 3612 949 3677 est,
965 3603 1000 3665 ιἰι
1013 3602 1097 3684 filia
1122 3601 1230 3678 Israel,
1255 3623 1324 3686 qaae
1348 3602 1479 3665 marimo

375 3697 616 3763 adunabantur
643 3700 737 3764 tribui
764 3701 869 3777 «Ιιιιίιο,
897 3724 933 3765 ου
961 3726 1023 3787 qao
1053 3705 1189 3768 Christus
1217 3714 1268 3767 est.
1318 3703 1478 3767 Oaeterum

375 3800 477 3864 tradit
491 3801 644 3886 Eulogius
658 3802 691 3864 in
705 3803 893 3887 Definitioae
907 3804 1051 3867 advorsus
1066 3806 1278 3868 δουιοιυιονος
1292 3805 1377 3887 apud
1395 3803 1478 3867 Pho-

376 3900 456 3963 tium
484 3902 554 3965 uod.
577 3925 687 3967 ccxxx.
713 3925 743 3987 p.
766 3904 839 3982 884.
884 3904 1073 3968 Dositheum
1095 3905 1279 3969 haereticum
1300 3911 1396 3989 gente
1421 3903 1478 3967 Sa·

376 4002 579 4079 marianum,
596 4005 713 4087 dequo
729 4005 934 4089 Hegesippus
948 4027 1074 4090 quoque
1089 4005 1281 4069 mentionem
1305 4005 1387 4067 inter
1408 4004 1478 4070 haeo

375 4102 554 4187 fragmenta
588 4105 666 4169 facit
702 4128 775 4190 pag.
811 4108 883 4168 216.
919 4106 951 4168 in
987 4105 1048 4169 Dei
1082 4105 1256 4189 prophetas
1289 4104 1478 4169 maledicum

375 4205 479 4280 fuisse,
496 4206 633 4269 maximo
650 4229 724 4270 vero
740 4208 771 4270 in
786 4209 918 4284 ludam,
929 4229 1026 4270 unum
1041 4229 1080 4269 ex
1095 4205 1260 4268 duodooim
1276 4203 1476 4287 patriarchis,

375 4307 451 4370 nihil
468 4308 638 4372 reveritum
655 4309 806 4391 plurimas
821 4310 861 4372 de
876 4310 929 4371 illo
944 4309 977 4371 in
993 4307 1080 4370 libris
1107 4305 1258 4369 Mosaiois
1282 4306 1478 4390 conscriptas

375 4407 494 4471 laudes.
542 4410 634 4489 Quod
651 4410 777 4492 quidem
799 4412 975 4494 profectum
998 4410 1123 4472 videt-ur
1144 4406 1186 4470 ab
1208 4407 1281 4469 odio
1303 4406 1335 4469 in
1357 4408 1478 4473 tribum

375 4508 397 4570 J
401 4511 471 4574 udae
498 4533 518 4573 a
543 4510 700 4574 nonnullis
723 4512 827 4586 sectis,
855 4510 992 4574 maxime
1025 4508 1244 4586 samaritanis,
1268 4530 1341 4584 non,
1369 4516 1406 4573 ut
1430 4512 1478 4576 ait

377 4611 589 4697 Hegesippus,
603 4613 645 4675 ab
669 4613 739 4676 istis
761 4612 916 4688 omnibus,
933 4619 1090 4696 suscepto,
1108 4632 1242 4696 quorum
1266 4610 1404 4695 majores
1423 4634 1478 4696 ap-

375 4713 474 4798 pellat
494 4714 578 4778 Ezra
598 4713 693 4776 Ιιοιίοι
713 4712 807 4776 Judoe
828 4724 856 4777 ot
870 4713 1046 4796 Βοιοιὶιυιὶιι,
1061 4735 1130 4798 oap.
1146 4714 1185 4778 iv.
1201 4735 1315 4778 oomm.
1337 4733 1364 4775 1.
1426 4713 1478 4776 Ex
