3809 5650
537 683 588 745 IN
613 682 844 746 SENIORES
870 682 1001 743 APUD
1025 680 1283 745 IRENAEUM.
1418 679 1461 746 67

363 854 396 911 et
424 865 474 927 27.
498 846 648 909 Rufinum
677 847 710 909 in
739 847 860 930 Expos.
885 846 1037 930 Symbofi,
1058 847 1265 912 Ambrosiam
1291 846 1392 910 Sorm.
1408 866 1462 931 55.

364 947 579 1012 Athanasium
600 947 654 1011 lib.
670 948 710 1011 de
731 948 957 1013 Incarnatione
973 949 1084 1023 Verbi,
1107 948 1339 1013 Nazianzenum
1360 947 1462 1030 prima

363 1055 445 1111 orat.
463 1046 598 1131 Apolog.
615 1047 876 1131 Chrysostomum
894 1048 998 1113 tribus
1019 1049 1140 1112 Homil.
1155 1049 1195 1111 de
1217 1050 1332 1122 Cruce,
1362 1045 1462 1110 Sedu·

363 1145 438 1208 lium
464 1145 518 1210 lib.
541 1169 571 1209 v.
594 1146 788 1222 Oarminnm,
815 1146 1049 1211 Damascenum
1078 1146 1131 1210 lib.
1157 1146 1198 1209 iv.
1225 1166 1284 1229 cap
1325 1161 1372 1208 12.
1404 1143 1462 1205 &a

365 1245 566 1308 Fsuannsrsr.

876 1423 945 1492 IX.

409 1564 446 1627 P.
456 1584 511 1648 59.
526 1564 547 1626 l.
563 1583 592 1627 2.
615 1587 736 1633 comm
759 1589 841 1629 snrs
863 1569 930 1650 nos]
976 1567 1094 1630 Confer
1114 1565 1279 1629 Pearsonii
1304 1563 1464 1628 Vindicias

365 1665 583 1750 Epistolarum
598 1665 717 1750 Ignatii
733 1668 815 1730 Part
831 1666 856 1729 Ι.
870 1688 938 1751 cap.
948 1667 990 1730 vi.
1003 1688 1075 1750 pag.
1088 1682 1160 1750 297.
1173 1664 1321 1729 editionis
1337 1664 1464 1741 Clerici,

366 1770 412 1850 (p.
424 1765 477 1848 98.
491 1768 540 1830 cd.
553 1767 661 1847 (lant.)
677 1768 730 1831 ubi
746 1775 779 1831 et
795 1767 967 1832 Clementis
979 1766 1189 1830 Alexandrini
1205 1764 1332 1849 gemina
1346 1765 1464 1850 allegat

364 1868 468 1931 verba.
514 1869 654 1932 (luamus
668 1869 710 1932 ad
725 1870 812 1932 Iron.

891 2110 939 2180 X.

409 2256 494 2319 lbid.
511 2256 530 2318 l.
543 2258 572 2318 6.
598 2253 738 2339 Ἀπᾳντα
752 2254 864 2339 μέτρῳ]
904 2256 1000 2318 Hanc
1017 2253 1132 2319 Irenaei
1147 2256 1338 2320 sententiam
1354 2256 1465 2320 Graece

365 2379 404 2420 ex
419 2355 667 2421 Glaromontano
683 2355 911 2420 Parallclorum
932 2356 1123 2420 Damasceni
1141 2357 1248 2421 codice
1267 2357 1367 2422 edidit
1385 2356 1465 2421 Hal-

365 2456 478 2521 loixius
493 2456 526 2519 in
538 2456 618 2521 Vita
633 2456 747 2521 Irenaei
763 2480 835 2542 pag.
847 2461 920 2542 483.
937 2479 1008 2541 quae
1024 2457 1105 2521 etin
1117 2457 1277 2522 Vaticano
1292 2460 1464 2522 eorundem

365 2556 595 2621 Parallelorum
618 2557 790 2643 exemplari
813 2558 860 2621 lit.
878 2561 919 2621 A.
945 2580 1013 2643 cap.
1033 2578 1061 2622 2.
1080 2560 1191 2622 eodem
1218 2560 1313 2622 modo
1336 2558 1463 2644 legitur.

368 2658 525 2721 Irenaeum
549 2679 625 2721 vero
651 2657 790 2721 alludere
818 2660 860 2721 ad
892 2658 1064 2743 Sapientiae
1090 2658 1133 2720 xi.
1153 2679 1203 2725 21.
1228 2659 1309 2745 (ιο.)
1333 2659 1466 2744 quilibet

365 2759 461 2826 videt.
496 2761 659 2825 Massurr.
677 2760 719 2825 ad
734 2761 900 2838 Irenaeum,
914 2783 954 2825 ex
971 2760 1100 2825 Grabio.
1151 2762 1283 2826 Interea
1297 2783 1337 2826 ox
1353 2761 1466 2826 Irenoei

366 2862 539 2946 interprete
555 2861 663 2939 veteri,
689 2862 742 2947 qui
761 2863 869 2939 habet,
891 2864 1033 2947 quoniam
1054 2862 1103 2926 nil
1120 2863 1357 2947 incompositam,
1374 2865 1466 2944 ἀναῤ-

365 2965 511 3043 ρύθμητον
526 2985 584 3047 pro
598 2963 652 3026 illo
667 2966 866 3044 ἀναρίθμητον
881 2963 1102 3048 corrigendum
1117 2969 1176 3027 cst.

410 3064 598 3128 lbid.l.10.
624 3064 668 3128 Et
688 3065 778 3138 bene,
795 3065 849 3150 qui
869 3064 965 3148 dixit]
994 3065 1044 3129 De
1064 3066 1125 3128 hoo
1143 3065 1229 3128 dioto
1248 3065 1318 3149 lege
1337 3063 1466 3128 omnino

367 3164 410 3228 D.
426 3166 555 3250 Georgii
582 3166 665 3229 Bulli
688 3166 910 3229 Defensionem
934 3166 1026 3230 Fidei
1050 3166 1198 3239 Nicaenae,
1223 3165 1307 3230 Sect.
1326 3164 1372 3228 ΙΙ.
1394 3187 1421 3228 c.
1438 3188 1466 3229 v.

369 3268 398 3348 ξ.
414 3289 446 3347 4.
470 3268 571 3331 (inse.
588 3267 664 3331 idid.
696 3268 904 3352 Respondens
918 3267 1007 3331 vanis
1023 3266 1248 3331 Gnosticorum
1263 3266 1468 3330 cavillationi·

367 3367 435 3444 bus,
459 3368 512 3452 qui
542 3390 582 3431 ex
612 3389 721 3431 eversa
750 3368 983 3452 Hierosolyma,
1006 3366 1136 3431 civitate
1165 3366 1262 3452 Regis
1290 3367 1408 3452 magni,
1435 3373 1469 3431 et

367 3467 523 3553 abrogata
538 3468 636 3533 vetori
652 3468 721 3553 lege
740 3468 918 3532 inferebant
939 3468 1037 3531 alium
1059 3490 1127 3532 esse
1142 3468 1267 3547 veteris,
1284 3468 1381 3532 alium
1395 3469 1469 3532 novi

368 3569 570 3632 Testamenti
589 3576 753 3633 auctorem
776 3577 809 3633 ct
831 3569 947 3645 Deum,
963 3571 1104 3634 ostendit
1126 3576 1160 3634 et
1182 3569 1414 3655 Hierosolymae
1435 3579 1470 3635 et

367 3670 466 3734 veteri
481 3669 542 3756 legi
558 3693 650 3734 suum
665 3678 792 3755 tempus
811 3693 831 3735 a
851 3673 922 3734 Deo
940 3693 1084 3734 mensum
1104 3694 1142 3735 ac
1163 3671 1328 3734 definitum
1351 3671 1467 3744 luisse;

366 3777 532 3856 utramque
566 3772 753 3835 adveniente
782 3793 864 3835 nova
893 3771 974 3856 lege,
999 3773 1141 3836 desinere
1168 3772 1338 3844 debuisse;
1374 3772 1470 3855 idque

367 3872 601 3955 sapientissimo
634 3882 668 3938 et
697 3873 933 3936 ordinatissimo
963 3872 1023 3936 Dei
1054 3872 1184 3935 consilio
1213 3872 1333 3935 lactum
1363 3871 1470 3936 luisse.

370 3973 480 4036 Οπνιιία
495 3975 586 4050 enisa,
600 3974 714 4059 inquit,
730 3995 870 4037 mensura
891 3984 918 4036 et
939 3973 1046 4036 ordine
1060 3975 1145 4037 Deus
1157 3974 1256 4056 facit,
1270 3982 1298 4035 et
1314 3972 1396 4035 nihil
1412 3993 1472 4036 noa

367 4094 502 4137 mersam
524 4075 612 4159 apcsd
629 4096 705 4152 mm,
721 4076 864 4159 qnoniam
884 4095 937 4136 cac
957 4074 1191 4156 inconpositum.
1237 4071 1329 4152 Quod
1352 4078 1473 4155 postre-

368 4195 467 4247 mum,
482 4173 611 4251 scilioct,
628 4175 704 4237 nihil
720 4197 783 4238 non
803 4196 946 4237 mensum
965 4174 1052 4257 apud
1070 4173 1175 4235 Deum
1195 4193 1271 4246 esse,
1287 4177 1325 4234 ut
1345 4172 1471 4256 probet,

368 4274 480 4339 laudat
491 4282 629 4338 veterem
641 4276 779 4360 aliquem
789 4282 847 4339 aut
859 4295 998 4338 coaevum
1013 4273 1200 4356 scriptorem
1213 4271 1471 4336 Ecclesiastioum

369 4375 458 4461 cujus
472 4397 587 4438 nomen
602 4382 699 4453 tacet,
715 4376 771 4439 sed
787 4375 882 4438 verba
906 4375 1033 4459 probat.
1078 4374 1124 4435 Et
1141 4371 1221 4448 dene,
1236 4372 1293 4445 ait,
1309 4373 1363 4456 qui
1382 4372 1472 4451 diet,

368 4478 469 4562 ipnsm
483 4478 659 4540 immersam
675 4480 804 4541 Patrem
824 4477 858 4538 ia
874 4474 960 4538 Filio
979 4482 1184 4536 menecratum
1195 4498 1211 4546 ‚·
1229 4494 1371 4536 mensura
1392 4474 1472 4536 caim

369 4579 489 4650 Patris,
505 4578 622 4654 Filius,
637 4578 779 4662 quoniam
793 4586 820 4639 et
835 4576 918 4660 capit
936 4596 1011 4639 ema.
1058 4573 1180 4653 Quibus
1198 4572 1349 4650 ostendit,
1367 4574 1471 4637 Deum

369 4680 450 4744 adeo
480 4679 608 4755 ordinis,
639 4676 863 4764 proportionis,
890 4685 924 4741 ct
954 4696 1109 4739 mensures
1138 4682 1299 4738 amantem
1326 4695 1404 4749 esse,
1432 4678 1470 4734 ut
