3809 5650
473 699 697 766 EPISTOLA
722 699 1042 766 VIENNENSIUM
1067 698 1124 764 ΕΤ
1149 697 1284 762 LUGD.
1361 695 1427 760 3923

718 925 767 987 Do
779 923 883 988 eadem
891 922 1032 1008 Epistola

663 1032 740 1095 Hoec
754 1031 907 1096 Ευιοδὶυο
920 1033 955 1094 in
969 1054 1036 1116 cap.
1052 1050 1083 1114 3.

371 1158 412 1221 ‘H
430 1157 454 1222 δ’
471 1159 543 1236 αῦτη
558 1165 617 1222 τῶν
634 1160 855 1239 προειρημένων
874 1161 1028 1241 μαρπίρων
1047 1158 1160 1240 γραφη,
1176 1155 1224 1219 καὶ
1244 1157 1344 1233 άλλην
1363 1155 1430 1216 τινδ

330 1268 444 1348 μνήμης
459 1269 546 1346 άξίον
562 1270 696 1347 ἱστορίαν
711 1269 856 1352 περιέχει.
878 1268 915 1346 ἣν
931 1267 979 1331 καὶ
998 1268 1093 1333 οὐδεὶς
1112 1267 1150 1329 δν
1169 1265 1287 1346 γένοιτο
1308 1264 1430 1344 φθόνος,

304 1379 371 1457 5μὴ
391 1378 457 1459 οὐχὶ
478 1384 536 1440 τῶν
554 1377 771 1456 ἐντευξομένων
792 1381 833 1445 είς
852 1384 967 1460 γνῶσιν
984 1381 1169 1457 προσθεῖναι.
1193 1375 1258 1458 ἔχει
1277 1375 1309 1436 δὲ
1330 1375 1431 1438 οὕτως.

331 1486 526 1565 Ἀλκιβιάδου
540 1485 599 1567 γάρ
611 1512 691 1553 τινος
706 1490 738 1565 ἐξ
753 1489 859 1565 αὐτῶν,
875 1487 954 1551 πάνυ
969 1484 1122 1569 αὐχμηρὸν
1135 1490 1273 1563 βιοῦντος
1289 1485 1370 1561 βίον,
1384 1480 1433 1544 καί

332 1597 458 1676 μηδενὸς
472 1598 550 1663 ὅλως
563 1596 598 1658 τδ
613 1599 757 1676 πρότερον
771 1596 1067 1676 μεταλαμβάνοντος,
1084 1593 1181 1673 ἀλλ’ἢ
1196 1596 1273 1677 άρτῳ
1288 1596 1369 1676 μάνῳ
1385 1593 1434 1655 καὶ

333 1708 416 1768 ὕδατι
431 1705 595 1787 χρωμένου,
611 1706 793 1786 πειρωμένου
807 1732 841 1769 τε
856 1708 904 1769 καὶ
919 1709 953 1769 έν
967 1714 1003 1792 τῇ
1019 1708 1116 1790 εἱρκτῇ
1132 1707 1206 1767 οὕτω
1224 1703 1351 1784 διάγειν,
1365 1700 1434 1763 Ἀτ-

334 1814 416 1898 τάλῳ
431 1818 505 1892 μετὰ
520 1814 572 1877 τδν
586 1821 703 1894 πρῶτον
722 1817 824 1896 ἀγῶνα
843 1814 879 1877 δν
899 1817 933 1877 έν
952 1818 993 1899 τῷ
1013 1812 1203 1897 ἀμφιθεάτρῳ
1224 1812 1346 1890 ἤνυσεν,
1363 1812 1435 1873 άπε-

291 1924 473 2002 ιοκσλύφθη
495 1925 541 1985 ὅτι
562 1924 602 2002 μὴ
626 1930 723 1991 καλῶς
745 1925 843 2001 ποιοίη
870 1926 886 1986 δ
911 1921 1117 2002 Ἀλκιβιάδης,
1137 1922 1177 1999 μὴ
1199 1923 1351 2003 χρώμενος
1374 1924 1436 1985 τοῖς

337 2035 477 2110 κτίσμασι
500 2037 551 2094 τοῦ
577 2037 670 2104 Θεοῦ,
693 2033 740 2094 καὶ
761 2033 869 2098 ἄλλοις
886 2033 980 2094 τύπον
1002 2030 1173 2094 σκανδάλου
1192 2029 1435 2105 ὑπολειπόμενος.

336 2143 468 2207 πεισθεὶς
490 2143 522 2204 δὲ
545 2140 779 2220 δἈλκιβιάδης,
800 2141 920 2204 πάντων
942 2141 1052 2219 άνέδην
1073 2138 1294 2218 μετελάμβανε,
1318 2137 1366 2199 καὶ
1387 2134 1437 2214 ηῦ·

337 2254 473 2334 χαρίστει
488 2255 528 2336 τῷ
544 2255 626 2334 Θεῷ.
652 2251 687 2313 οὗ
700 2253 759 2332 γὰρ
779 2253 990 2315 άνεπίσκεπτοι
1009 2249 1129 2333 χάριτος
1149 2254 1231 2314 Θεοῦ
1251 2247 1339 2327 ἦσαν,
1355 2248 1438 2310 άλλδ

338 2362 372 2423 τδ
386 2368 502 2440 πνεῦμα
516 2360 549 2423 τὸ
566 2360 653 2441 ἅγιον
667 2360 705 2437 ἦν
721 2362 895 2440 σύμβουλον
908 2361 1015 2427 αὐτοῖς.

294 2578 327 2636 15
376 2559 459 2612 Porro
470 2559 498 2611 in
513 2557 604 2611 eedem
621 2559 732 2627 epistola
747 2577 807 2629 quae
824 2578 865 2613 res
915 2559 1022 2612 vivendi
1052 2561 1180 2614 rationem
1209 2562 1287 2614 vellet
1318 2558 1439 2620 retinere,

341 2645 422 2696 supra
436 2637 595 2680 memoratus
612 2629 866 2696 complectimr,alia
915 2629 1007 2682 Attalo
1019 2639 1080 2698 post
1111 2626 1440 2700 rimumquodiusmphi-

340 2698 420 2750 etiam
431 2696 545 2749 habetur
556 2697 672 2749 narratio
688 2714 798 2765 prorsus
810 2716 865 2752 me·
915 2698 1019 2751 theatro
1032 2716 1083 2752 con
1095 2708 1180 2752 ecerat
1190 2709 1332 2760 certamen,
1341 2697 1440 2750 revela·

340 2767 425 2819 moria
437 2765 603 2836 dignissima,
611 2783 691 2837 quam
704 2766 812 2837 quidem
825 2767 866 2820 ni·
916 2775 975 2820 tum
987 2777 1027 2820 est
1039 2786 1094 2820 non
1106 2777 1176 2821 recte
1191 2785 1277 2849 neque
1293 2765 1386 2820 ordine
1401 2764 1447 2816 sai

341 2837 381 2889 hil
400 2845 469 2890 vetat
491 2836 634 2906 quominus
656 2836 707 2889 hoc
732 2838 791 2890 loco
813 2839 866 2891 lec·
917 2854 975 2890 cere
1000 2837 1174 2900 Alcibiadem,
1195 2856 1242 2908 qus
1265 2848 1291 2891 et
1315 2834 1441 2890 creaturis

295 2917 332 2954 20
341 2907 445 2959 toribus
488 2922 659 2986 roponamus.
709 2905 752 2959 Sic
778 2917 868 2961 sutem
918 2907 969 2960 Dei
991 2907 1100 2961 minime
1122 2916 1249 2971 uteretur,
1268 2916 1294 2960 et
1315 2906 1373 2959 aliis
1396 2921 1442 2957 ex·

342 2976 430 3029 habet.
503 2974 618 3028 c1biades
631 2975 739 3046 quidam
751 2994 823 3029 unus
836 2995 867 3029 ex
917 2978 1036 3045 emplum
1070 2976 1188 3030 scandali
1219 2976 1301 3030 fieret.
1351 2972 1443 3026 Paruit

342 3046 449 3099 illorum
470 3054 616 3115 martyrum
633 3062 756 3107 numero,
769 3045 868 3099 durum
917 3046 1006 3115 itaque
1034 3045 1194 3109 Alcibiades,
1219 3055 1245 3099 et
1269 3043 1372 3098 cunctis
1396 3042 1443 3095 de·

343 3125 369 3168 et
389 3114 541 3185 squalidum
558 3114 664 3167 vivendi
680 3132 766 3184 genus
784 3125 867 3168 sectu-
917 3115 1009 3195 inceps
1033 3116 1099 3168 cibis
1120 3115 1270 3184 promiscue
1293 3114 1334 3168 uti
1354 3111 1443 3180 coepit,

343 3185 437 3238 batur:
464 3185 623 3254 nullumque
646 3184 756 3237 omnino
778 3185 868 3238 cibum
918 3194 1017 3306 {muas
1038 3202 1120 3255 agens
1141 3185 1208 3238 Deo.
1254 3184 1349 3254 Neque
1372 3181 1444 3234 euim

297 3254 332 3312 25
343 3253 495 3316 admittens,
509 3254 566 3306 solo
578 3271 646 3322 pane
661 3262 687 3306 et
704 3270 772 3323 aqua
787 3254 821 3307 ad
840 3254 868 3308 id
937 3254 946 3306 i
966 3254 1009 3307 ‘na
1021 3254 1106 3324 gratia
1120 3272 1166 3307 eos
1183 3253 1323 3323 praeseutia
1337 3268 1386 3305 sua
1397 3249 1443 3303 ds·

343 3341 429 3393 usque
449 3324 575 3392 temporis
594 3323 666 3375 vesci
686 3332 867 3377 consueverat.
919 3323 1056 3376 stituerat:
1087 3323 1135 3377 sed
1158 3325 1337 3377 consultorem
1363 3319 1444 3374 hsbs·

345 3392 467 3463 Cumque
479 3394 507 3446 in
519 3410 621 3446 carcere
637 3392 741 3462 positus
758 3392 869 3446 eundem
920 3392 986 3446 bant
999 3392 1128 3462 Spiritum
1141 3403 1272 3448 sunctum.

714 3564 1076 3606 4.-

735 3693 780 3756 De
794 3693 898 3757 eadem
912 3694 1053 3778 Epistola

631 3801 710 3865 Hoec
723 3802 813 3866 addit
828 3802 980 3867 Ειωοδὶιω
992 3805 1027 3867 in
1041 3824 1108 3888 οαρ.
1127 3807 1157 3866 4.

297 3937 335 3993 30
389 3928 430 3989 Τί
442 3931 488 3989 δεῖ
495 3930 672 4008 καταλέγειν
681 3928 755 4008 (fur.
764 3928 812 3990 καί
821 3933 873 3990 τοῦ
881 3927 1000 4008 λέγειν)
1014 3928 1068 3990 τὸν
1078 3929 1112 3990 έν
1121 3931 1156 4005 τῇ
1166 3928 1333 4011 δηλωθείση
1343 3925 1447 4011 γραφῇ

349 4040 407 4095 τῶν
421 4036 575 4114 μαρτύρων
591 4035 779 4116 κατάλογον;
803 4038 862 4118 ίδίιρ
875 4037 932 4113 μὲν
951 4042 1011 4098 τῶν
1033 4034 1197 4113 άποτμήσει
1217 4039 1349 4114 κεφαλῆς
1368 4058 1448 4096 τετε-

346 4144 526 4222 λειωμένων·
566 4148 624 4228 ἰδίη
654 4148 687 4208 δὲ
719 4152 779 4208 τῶν
812 4147 919 4225 θηρσὶν
950 4148 993 4211 είς·
1026 4149 1124 4225 βορδν
1156 4144 1448 4226 παραβεβλημένων·

346 4254 429 4319 αῦθιι·
443 4259 501 4316 τῶν
517 4254 565 4316 ἐπὶ
579 4257 630 4331 τῆς
646 4255 759 4332 εἱρκτῆς
774 4253 1001 4332 κεκοιμημένων·
1027 4256 1080 4315 τόν
1095 4278 1128 4316 τε
1143 4256 1269 4333 άριθμδυ
1283 4259 1342 4315 τῶν
1358 4252 1450 4316 εἰσέτι

346 4367 412 4427 τότε
436 4366 598 4444 περιόντων
622 4365 832 4443 ὁμολογητῶν;
866 4366 923 4448 ὅτῳ
949 4367 1008 4445 γὰρ
1032 4366 1136 4444 φίλον,
1162 4365 1211 4427 καὶ
1232 4369 1325 4426 ταῦτα
1346 4362 1450 4445 ῥᾴδιον

299 4535 336 4591 35
385 4532 510 4586 Ceterum
531 4531 595 4603 quid
616 4550 684 4602 opus
707 4542 748 4586 est
768 4550 875 4603 expres·
925 4532 1032 4603 objecti,
1057 4534 1101 4586 alii
1124 4534 1153 4586 in
1179 4550 1282 4587 carcere
1309 4534 1451 4587 exanimati

349 4620 411 4655 sum
429 4603 457 4655 in
476 4602 627 4671 supradicta
645 4602 757 4671 epistola
778 4604 875 4656 catalo-
926 4606 1010 4656 suut?
1049 4602 1123 4660 Quid
1135 4603 1198 4656 item
1216 4620 1284 4672 opus
1300 4612 1341 4656 est
1356 4602 1453 4656 referre

349 4690 416 4742 gum
428 4681 574 4742 martyrum
590 4671 633 4725 hic
653 4689 795 4735 recensere,
809 4690 875 4795 ῳιιο-
925 4689 1069 4725 numerum
1090 4672 1275 4726 confessorum
1294 4673 1340 4742 qui
1360 4681 1452 4740 postea

349 4759 411 4794 rum
432 4742 475 4795 slii
494 4742 580 4795 securi
602 4741 730 4811 percussi,
749 4742 793 4795 alii
824 4742 875 4797 eris
925 4741 1134 4811 superfuerunt?
1160 4741 1228 4797 Haec
1246 4741 1318 4796 enim
1339 4741 1451 4812 quicun-

970 4834 1054 4891 ets
