3809 5650
672 687 720 751 IN
745 689 900 753 PAPIAE
927 690 1236 756 FRAGMENTA.
1461 695 1501 755 al

399 851 549 918 nimirum
571 852 649 916 illud
671 854 816 939 proxime
841 864 915 941 post
940 865 1133 932 secuturum,
1157 864 1192 922 et
1216 857 1276 921 hoo
1305 856 1348 920 ab
1379 860 1505 922 Irenaeo

402 953 513 1039 Papiae
532 954 720 1019 nominatim
739 957 955 1042 adscriptum,
981 980 1083 1044 neque
1102 959 1150 1022 ita
1164 958 1274 1042 proeul
1289 980 1309 1022 a
1323 979 1358 1022 se
1372 958 1506 1022 invicem

405 1055 528 1119 distent
542 1055 575 1118 in
589 1055 671 1120 libro
687 1057 813 1122 Irenaei.
1155 1129 1157 1132 ,

447 1156 488 1219 Ρ.
515 1176 564 1219 ro.
591 1156 611 1219 l.
637 1176 687 1241 23.
711 1160 795 1225 -ὡς
820 1162 849 1222 oi
875 1160 1097 1243 Πρεσβύτεραι]
1128 1159 1271 1244 Papiam,
1297 1165 1334 1224 ut
1359 1181 1430 1223 mea
1455 1165 1507 1224 eet

403 1256 521 1342 opinio,
532 1257 1121 1343 intelligit,autsortasseA1istiouem,
1132 1269 1165 1325 et
1176 1261 1336 1324 Joennem
1347 1261 1507 1345 quendam

404 1358 569 1430 seniorem,
586 1380 721 1442 quorum
735 1359 865 1428 auditor
877 1362 993 1426 fuerat.
1029 1362 1270 1426 Feunnururrue
1284 1363 1327 1426 ad
1341 1363 1507 1428 Irenoeam.

405 1459 486 1522 Haee
509 1459 677 1523 Seniorum
696 1459 784 1526 diota
803 1461 923 1546 Papias
944 1464 978 1526 in
997 1485 1093 1547 opere
1117 1485 1175 1527 suo
1199 1463 1326 1527 videtur
1347 1463 1505 1540 attulisse,

404 1560 577 1644 eademque
600 1583 639 1624 ex
663 1561 765 1647 Papia
788 1564 940 1643 lrenaeus,
956 1585 1125 1648 suppresso
1146 1563 1287 1628 auctoris
1309 1564 1445 1639 nomine,
1468 1571 1507 1628 ut

404 1661 502 1724 moris
515 1668 585 1724 tum
599 1662 672 1727 suit,
717 1663 851 1743 Quodsi
866 1664 913 1728 ita
927 1672 987 1742 est,
1003 1664 1070 1728 fieri
1086 1665 1212 1748 quidem
1228 1673 1345 1748 potest,
1361 1672 1398 1729 ut
1413 1666 1507 1750 plura

405 1769 483 1826 aute
496 1762 565 1826 haee
578 1763 664 1847 apud
682 1763 839 1828 Irenaeum
853 1765 1015 1830 exstantia
1028 1766 1071 1829 ad
1087 1765 1222 1848 Papiam
1235 1765 1427 1848 pertineant.

448 1863 532 1927 Ibid.
558 1862 580 1928 1.
604 1882 657 1944 24.
683 1866 762 1950 τότε]
792 1866 837 1930 Η.
861 1889 888 1930 e.
911 1872 986 1951 post
1012 1874 1159 1951 tempora
1187 1865 1277 1950 regni
1306 1873 1502 1941 sanctorum,

406 1965 534 2049 quando
548 1986 630 2029 nova
644 1966 786 2050 superior
801 1967 1013 2042 Hierusalem,
1029 1974 1067 2031 ut
1081 1967 1114 2030 in
1126 1967 1209 2030 libro
1224 1973 1273 2030 est
1285 1966 1506 2051 Apocalypsin,

406 2065 439 2132 in
453 2087 569 2129 novam
585 2072 707 2131 terram
727 2067 915 2145 deseendet3
939 2068 988 2132 ita
1006 2068 1090 2131 enim
1109 2067 1178 2132 haeo
1198 2066 1330 2150 exponit
1350 2066 1383 2129 in
1402 2067 1508 2151 eapite

407 2167 569 2251 superiore
581 2167 731 2233 Irenaeus.

450 2268 487 2331 P.
507 2267 594 2332 10.1.
611 2285 661 2352 25.
674 2271 840 2354 διατριβῆς]
859 2273 914 2334 Ita
926 2271 1110 2335 haeredem.
1144 2268 1276 2356 (Irenaei
1291 2269 1380 2353 prior
1393 2268 1508 2347 editor,

406 2370 460 2454 qui
475 2370 544 2433 haeo
559 2371 673 2435 Graeoa
687 2393 708 2434 a
721 2370 745 2433 J
747 2392 819 2434 oan.
836 2371 983 2436 Ourterio
1000 2379 1114 2436 neotus
1132 2374 1216 2450 erat)
1234 2377 1268 2434 et
1288 2371 1362 2434 MS.
1378 2370 1507 2435 Barooo.

408 2471 488 2560 (soil.
514 2471 703 2556 Appendices
734 2472 845 2551 Quoeet.
876 2472 1039 2536 Anastasii
1066 2473 1101 2535 ia
1126 2470 1338 2557 Scriptorum)
1362 2492 1419 2534 nee
1444 2491 1509 2534 non

410 2574 564 2636 Graiam
580 2573 757 2648 (Aaeeteoii
770 2572 888 2649 editor)
905 2573 938 2636 in
952 2571 1106 2657 margine,
1118 2573 1175 2635 sod
1189 2571 1222 2634 in
1236 2577 1329 2636 textu
1344 2573 1506 2639 πολιτείας.

410 2674 553 2738 Gnsmus
566 2674 609 2738 ad
623 2675 785 2738 Ireaoeam.

452 2773 535 2838 lbid.
550 2775 570 2839 1.
591 2792 643 2857 27.
656 2775 782 2861 τρυφῆς]
801 2774 854 2842 Ita
868 2775 967 2841 habet
986 2776 1061 2842 Cod.
1076 2776 1203 2840 Βανοοο.
1218 2781 1253 2839 et
1272 2775 1346 2839 edit,
1362 2772 1508 2838 Gretseri.

409 2876 473 2941 Sed
496 2877 631 2941 Fmerd.
656 2877 743 2941 haud
765 2884 852 2942 reete
875 2882 995 2959 τροφῆς.
1040 2877 1200 2942 Goeterum
1224 2876 1315 2941 deest
1340 2874 1510 2958 utrobique

409 2978 493 3063 qaod
508 2979 700 3063 respondeat
713 2978 864 3042 adverbio
878 2987 948 3041 tute.
994 2975 1235 3055 Gnse1us,idid.

451 3079 534 3143 Ibid.
557 3079 578 3145 1.
605 3082 660 3146 28.
682 3082 712 3144 ot
735 3079 978 3163 δὲ-τανταχοῦ]
1012 3078 1112 3142 Plura
1138 3077 1191 3140 hio
1215 3076 1451 3139 interseruntur
1476 3073 1510 3137 in

409 3179 574 3244 Anastasii
603 3180 695 3244 codd.
724 3181 839 3265 quibus
868 3179 945 3243 nihil
971 3179 1005 3242 in
1029 3178 1131 3244 veteri
1155 3176 1272 3241 Irenaei
1295 3174 1438 3238 versione
1461 3196 1510 3238 re-

410 3282 562 3367 spondet:
594 3281 639 3345 sie
660 3282 744 3345 enim
765 3289 871 3346 totum
895 3282 979 3344 huno
1000 3281 1105 3345 loeum
1128 3278 1327 3363 exprimunt:
1350 3278 1380 3340 αἱ
1401 3277 1433 3339 δὲ
1455 3274 1510 3353 τῆν

409 3384 499 3463 ἁγίαν
513 3386 570 3462 γῆν
585 3383 632 3445 καὶ
646 3382 700 3461 τῆν
714 3386 907 3464 λαμπρότητα
921 3386 972 3461 τῆς
986 3383 1102 3448 πόλεως
1117 3384 1275 3456 καθέξουσι
1289 3378 1345 3441 σὺν
1358 3380 1434 3439 πᾶσι
1449 3380 1511 3442 τοῖς

408 3484 475 3563 περὶ
490 3483 581 3562 αὐτὴν
595 3485 728 3563 ἀγαθοῖς,
741 3481 1021 3567 ἑπιχορηγουμένοις
1033 3482 1091 3546 ὑπὸ
1107 3485 1159 3544 τοῦ
1172 3484 1263 3544 Θεοῦ·
1280 3480 1435 3558 πανταχοῦ
1452 3476 1511 3539 διο.

411 3582 596 3646 Mnssumus
609 3585 652 3648 ad
667 3584 753 3648 Ινοτι.

452 3683 536 3748 Ibid.
550 3684 572 3747 1.
586 3704 640 3769 31.
656 3684 772 3768 Σωτῆρ]
789 3684 884 3770 Legit
897 3692 961 3750 vet.
977 3685 1100 3767 Interp.
1118 3683 1209 3749 Θεός.
1255 3680 1413 3743 Missum.
1430 3677 1508 3742 ibid.

410 3783 532 3849 Similia
546 3784 693 3849 dictitare
707 3786 747 3848 de
763 3784 894 3849 Christo
915 3784 1086 3868 Origenem
1105 3782 1139 3845 iu
1153 3780 1396 3847 Commentariis
1416 3800 1511 3863 super

411 3883 585 3971 Evangelia
608 3886 740 3970 aliisque
768 3886 916 3970 operibus
945 3885 1011 3949 suis
1039 3885 1119 3948 bene
1143 3883 1280 3959 memini,
1303 3898 1457 3964 tanquam
1483 3879 1510 3942 si

409 3984 490 4051 alius
504 4001 601 4072 atque
615 3986 756 4050 diversus
770 4009 791 4050 a
806 3986 949 4049 fidelibus
963 3992 1152 4069 conspectus
1166 3983 1323 4048 Dominus
1337 3980 1434 4044 fuerit
1451 4000 1511 4063 pro

411 4087 525 4150 merito
540 4109 597 4151 suo
612 4088 763 4171 cujusque
778 4094 812 4151 et
825 4087 981 4171 profectu.

455 4189 493 4252 Ρ.
511 4208 560 4250 11.
575 4188 595 4251 l.
615 4209 643 4255 α.
659 4189 782 4270 ταύτην]
801 4190 841 4251 In
860 4188 995 4251 Gretseei
1009 4186 1083 4249 edit.
1102 4192 1136 4249 et
1155 4185 1229 4248 MS.
1246 4183 1375 4246 Barooe.
1395 4182 1511 4260 ταύτης.

413 4288 564 4362 Gnnmus,
581 4288 657 4352 ibid.
701 4289 765 4351 Sed
779 4289 883 4352 minus
897 4295 983 4372 apte.

454 4390 535 4454 Ibid.
547 4390 566 4453 Ι.
578 4409 610 4474 3.
620 4396 679 4453 τῶν
689 4393 726 4452 τὰ
741 4389 846 4453 ἑκατὸν
858 4390 929 4471 tre]
948 4387 1016 4450 Alii
1031 4386 1125 4450 aliter
1139 4386 1223 4448 hune
1238 4383 1390 4468 evangelii
1404 4383 1510 4447 looum

410 4498 585 4574 exponunt,
608 4512 682 4555 nam
707 4490 883 4574 Cyprianus
911 4489 1051 4552 fructum
1074 4487 1281 4551 centesimum
1306 4486 1509 4569 martyribus,

412 4591 643 4676 sexagesimum
677 4591 860 4676 virginibus,
890 4590 1085 4654 tricesimum
1118 4587 1297 4674 conjugatis
1332 4588 1387 4648 διο.
1448 4585 1513 4648 Sed

412 4714 563 4777 quorsum
584 4693 653 4757 haeo
676 4693 719 4756 ad
744 4691 935 4756 chilianus?
956 4690 1140 4756 mearam.
1185 4690 1251 4755 Aet
1272 4707 1422 4775 quorsum
1443 4684 1513 4748 haeo
