3809 5650
540 673 589 738 IN
611 674 876 741 FRAGMENT.
902 676 1084 744 INGERTI
1110 676 1382 743 SCRIPTORIS.
1448 679 1513 742 417

408 853 430 884 “
445 851 560 908 eontra
574 843 742 929 epistolam
755 845 797 908 ad
814 844 971 910 Hebraeos
986 853 1085 923 mota,
1099 847 1184 932 apud
1200 846 1355 930 quosdam
1370 852 1512 909 veterum

408 951 429 982 “
443 946 568 1029 pondus
581 944 772 1029 aaoeperint,
787 953 980 1029 praetensum
995 947 1055 1011 hoe
1070 948 1190 1011 numeri
1205 945 1376 1034 septenarii
1396 954 1513 1031 myste-

408 1046 648 1130 “numquam
667 1046 752 1110 eirea
772 1047 920 1112 eeclesias
940 1049 1078 1133 adquae
1097 1049 1217 1114 Paulus
1239 1048 1412 1133 scripserit,
1427 1047 1512 1110 omni

341 1209 346 1218 ,
407 1155 430 1186 ‘⁴
445 1147 540 1209 modo
555 1146 714 1229 integmm
729 1167 854 1209 servare
871 1147 1032 1222 volebant,
1048 1147 1155 1211 fuisse.
1199 1147 1294 1211 Unde
1309 1169 1433 1233 quoque
1448 1147 1512 1223 alii,

409 1247 499 1331 “qui
519 1247 559 1309 de
573 1245 708 1330 epistola
729 1248 772 1310 ad
793 1247 949 1312 Hebraeos
972 1270 1036 1312 non
1051 1249 1254 1325 dubitabant,
1270 1270 1310 1312 ne
1330 1249 1514 1312 viderentur

408 1347 631 1432 “mysterium
659 1346 781 1411 numeri
807 1347 979 1431 septenarii
1005 1347 1175 1433 negligere,
1203 1348 1307 1414 dioere
1333 1349 1514 1412 maiuerunt

408 1457 432 1488 ‘⁴
448 1447 584 1512 Paulum
599 1446 643 1512 oo
655 1457 775 1533 septem
790 1469 887 1533 quam
902 1470 975 1513 eum
990 1448 1232 1533 quatuordeeim
1246 1449 1398 1536 epistolas
1416 1449 1514 1533 serip

407 1556 428 1585 ‘⁶
443 1548 552 1614 sisse.”
590 1551 671 1613 Haee
695 1548 869 1613 Stosohius.
913 1549 974 1614 Ait
1002 1549 1210 1613 Freindaller.
1238 1548 1394 1612 “ideireo
1418 1548 1512 1635 forte,

408 1657 431 1689 ‘⁸
446 1672 486 1714 ue
508 1671 654 1713 excessus
674 1670 839 1714 numerum
856 1649 952 1714 istum
972 1649 1158 1728 offenderet,
1180 1650 1359 1735 Epistolam
1380 1651 1422 1714 ad
1448 1649 1514 1713 He-

408 1760 431 1790 “
447 1750 550 1814 braeos
575 1750 726 1814 omissam
752 1750 895 1834 reperiri.
940 1753 1077 1814 Poterat
1103 1751 1228 1816 isthanc
1256 1773 1362 1836 porro,
1388 1751 1513 1815 etiamsi

408 1862 430 1892 ‘⁴
447 1874 517 1916 eam
533 1853 636 1917 Paulo
649 1853 817 1928 tribueret,
832 1853 893 1916 hoe
907 1853 978 1916 loeo
992 1850 1307 1918 ineommemoratam
1317 1852 1392 1938 jure
1406 1851 1513 1915 dimit·

407 1960 429 1992 ‘⁶
445 1961 532 2026 tere;
555 1953 693 2037 eoquod
710 1952 852 2027 Hebraei,
867 1952 933 2016 sive
943 1954 968 2015 J
969 1953 1260 2030 adano-Christiani,
1271 1955 1314 2019 ad
1326 1975 1406 2038 quos
1417 1952 1514 2016 missa

408 2062 430 2093 “
442 2062 503 2130 est,
517 2053 610 2117 mixti
625 2054 753 2138 quidem
764 2052 895 2136 singulis
907 2054 1188 2119 communitatibus
1199 2063 1317 2134 essent,
1330 2076 1394 2117 non
1404 2061 1513 2117 tamen

408 2154 607 2239 “propriam
633 2153 897 2219 eonstituerunt.”
944 2154 998 2219 Sia
1022 2156 1172 2221 disseruit
1197 2157 1258 2221 ille.
1307 2157 1356 2223 At
1383 2175 1513 2240 prorsus

406 2255 535 2320 exolusa
548 2277 570 2320 a
582 2277 704 2320 canone
721 2255 790 2319 hoee
805 2256 941 2340 epistola
959 2257 1001 2320 ab
1020 2257 1080 2322 hoe
1100 2264 1231 2322 auetore
1246 2257 1382 2334 videtur,
1398 2254 1513 2320 asteris

408 2356 500 2420 Pauli
515 2356 662 2420 omnibus
681 2356 723 2420 ab
739 2377 776 2419 eo
791 2357 983 2431 nominatim
1009 2359 1049 2422 de
1064 2381 1102 2424 ea
1118 2367 1226 2424 tamen
1242 2359 1313 2444 ipsa
1327 2360 1397 2444 plus
1420 2358 1511 2421 infra

407 2456 508 2520 Reate
522 2479 596 2520 vero
612 2456 735 2520 monuit
751 2457 958 2522 Freindaller.
974 2458 1125 2543 epistolas
1136 2461 1384 2546 Apoealyptieas
1399 2459 1513 2524 saeeulo

406 2557 545 2621 secundo
564 2557 633 2640 jam
655 2557 783 2620 habitas
804 2557 899 2622 fuisse
921 2558 1095 2637 maneas,
1116 2561 1150 2624 id
1171 2569 1232 2637 est,
1255 2562 1349 2636 tales,
1374 2583 1444 2646 quae
1470 2561 1512 2624 ad

406 2657 587 2720 nniversam
610 2659 714 2739 (ὅλην)
738 2657 901 2721 ecelesiam
922 2659 1051 2723 direotae
1073 2660 1201 2724 fuerint.
1245 2659 1442 2748 Septiformis
1463 2682 1513 2723 ee-

406 2757 502 2822 elesia
517 2757 634 2821 dieitur
652 2757 694 2821 ab
711 2757 833 2843 Optato
853 2758 885 2821 in
905 2759 960 2823 lib.
973 2759 1005 2826 ii.
1027 2763 1076 2825 De
1090 2761 1255 2827 Soimneate
1268 2762 1422 2826 Dmaatist.
1438 2783 1508 2846 eap.

405 2860 450 2924 iii.
465 2882 538 2945 pag.
549 2879 601 2943 93.
618 2860 667 2923 ed.
684 2858 803 2944 Dupin.
848 2860 898 2925 Ut
913 2884 988 2925 vero
1007 2862 1093 2927 loeos
1108 2863 1257 2929 omittam
1278 2864 1412 2929 aliorum
1428 2870 1512 2927 vete-

363 3039 373 3056 ·
405 2983 477 3025 rum
502 2960 705 3044 scriptorum,
727 2961 781 3046 qui
804 2984 876 3025 oum
897 2963 1082 3049 Augustino
1104 2965 1136 3028 in
1158 2965 1213 3030 lib.
1230 2965 1282 3029 vii.
1309 2966 1358 3029 De
1382 2965 1513 3029 Ciuitate

405 3062 470 3126 Dei
483 3083 552 3145 cap.
563 3083 593 3141 4.
610 3068 767 3139 statuunt,
783 3085 908 3127 nemore
921 3068 1091 3150 septenario
1105 3066 1259 3131 universae
1277 3067 1405 3131 amieria
1418 3065 1513 3150 aipei-

395 3165 528 3245 ficatam
541 3184 598 3226 esse
604 3164 831 3247 perfectiorum,
848 3165 908 3229 hoo
923 3172 1051 3231 tantum
1066 3168 1198 3244 notabo,
1211 3168 1235 3231 J
1237 3190 1326 3231 esum
1338 3167 1511 3242 Christum,

406 3263 461 3347 qui
475 3264 508 3327 in
523 3263 663 3327 omnium
683 3265 793 3350 proeui
808 3266 905 3330 dubio
923 3267 1128 3332 eeclesiarum
1147 3269 1252 3334 medio
1271 3277 1427 3355 perpetuo
1442 3287 1511 3332 ver·
1612 3320 1615 3326 .

404 3373 506 3441 satur,
522 3364 555 3428 in
569 3366 673 3430 medio
687 3376 798 3453 reptem
810 3368 1082 3447 eandelabrarum,
1098 3370 1128 3435 h.
1139 3393 1166 3435 e.
1182 3369 1394 3449 eeclesiarum,
1411 3369 1512 3434 visum

404 3489 474 3532 osse
490 3488 512 3530 a
532 3467 660 3532 Joanne
680 3468 713 3531 in
728 3470 927 3556 Apocalypsi,
951 3492 1021 3556 sap.
1036 3470 1057 3535 i.
1082 3494 1194 3537 eornm.
1213 3492 1263 3559 13.
1302 3472 1381 3537 Jam
1402 3479 1513 3536 autem

404 3568 566 3633 afferenda
580 3569 656 3633 mihi
678 3579 753 3635 sunt
767 3572 859 3636 vaide
880 3572 988 3638 affinia
1008 3573 1080 3639 huie
1100 3582 1211 3639 nostro
1227 3574 1423 3659 Fragmenta
1444 3574 1513 3638 Vie-

404 3669 500 3734 torini
517 3670 623 3747 verba,
640 3693 711 3755 qum
726 3695 767 3736 ex
783 3675 1005 3738 Commentarsb
1018 3676 1053 3739 ia
1066 3676 1286 3762 Apoealypsim
1301 3676 1330 3739 ei
1349 3676 1512 3761 adseripto

404 3771 574 3855 desumpsi.
618 3774 661 3836 Ia
687 3783 745 3837 toto
764 3774 831 3839 orbe
851 3786 961 3862 septae
981 3776 1116 3841 molesios
1140 3798 1238 3841 ommes
1262 3798 1329 3847 esse,
1353 3786 1381 3841 at
1404 3786 1512 3863 septem

402 3873 584 3949 seminatas,
609 3896 703 3937 auam
725 3897 783 3939 esse
806 3876 984 3939 catolicae
1001 3875 1130 3940 Paullus
1152 3877 1261 3939 docuit
1306 3877 1352 3939 Et
1371 3877 1511 3962 primam

403 3973 533 4057 quidem,
548 3983 582 4037 at
594 3985 729 4039 servaret
742 3986 770 4039 et
784 3977 849 4060 epse
863 3985 969 4059 typam
981 3984 1089 4059 septam
1102 3976 1303 4053 eeclesiarum,
1319 3998 1378 4040 eoa
1391 3979 1511 4042 eaesae

401 4095 570 4138 aemesam
615 4076 678 4138 Sed
688 4077 813 4161 scripsit
827 4077 872 4138 ad
885 4078 1044 4152 Romaene,
1056 4078 1101 4139 ad
1115 4077 1295 4155 Corinthios,
1311 4078 1357 4142 ad
1370 4078 1511 4155 Galatas,

403 4175 449 4238 ad
461 4173 614 4260 Ephesios,
629 4176 675 4239 ad
691 4176 969 4251 Thessalonicenses,
985 4178 1030 4241 ad
1041 4177 1259 4264 Philippeos,
1270 4180 1316 4243 ad
1327 4179 1510 4244 Oobssemos.

403 4276 509 4339 Postea
522 4276 729 4361 angulariter
740 4278 881 4363 mesaab
894 4278 1028 4363 seipso,
1043 4300 1080 4343 ee
1098 4280 1245 4344 eomdsret
1263 4280 1384 4344 modam
1403 4291 1511 4366 septem

401 4374 604 4438 emissionem.
648 4376 695 4440 Ja
719 4376 754 4439 ie
779 4375 863 4441 brom
885 4377 1061 4442 sostratae
1080 4379 1334 4463 pradicationem
1356 4402 1444 4444 seam
1468 4381 1514 4445 ad
1635 4450 1638 4456 ,

386 4479 389 4486 ’
406 4475 591 4538 Timotheum
604 4477 649 4539 sio
666 4477 724 4553 ait,
742 4477 791 4541 Ut
810 4477 905 4553 seias,
921 4478 1059 4562 qualiter
1076 4480 1193 4544 debeas
1213 4481 1392 4545 conversari
1414 4480 1447 4544 in
1462 4504 1510 4545 ee-

401 4575 497 4640 clesia
527 4577 588 4641 Dei
618 4578 689 4641 vivi.
721 4580 750 4658 (ι
778 4578 860 4641 Tim.
880 4578 925 4642 iii.
950 4581 1014 4666 15.)
1051 4582 1135 4645 Haee
1165 4581 1361 4659 Victorinus,
1385 4605 1454 4668 oap.
1482 4606 1509 4648 1.

401 4677 562 4761 Denique,
578 4678 654 4742 dum
678 4701 828 4743 numerus
848 4680 899 4744 hio
919 4683 1118 4765 septenarius
1137 4683 1223 4748 inter
1244 4692 1367 4750 veteres
1390 4685 1509 4771 Pytha-

446 4800 513 4842 von.
531 4802 551 4842 1.
931 4802 949 4866 3
967 4805 989 4846 n
