<?xml version="1.0" encoding="UTF-8"?>
<!DOCTYPE html PUBLIC "-//W3C//DTD XHTML 1.0 Transitional//EN"
    "http://www.w3.org/TR/xhtml1/DTD/xhtml1-transitional.dtd">
<html xmlns="http://www.w3.org/1999/xhtml" xml:lang="en" lang="en">
 <head>
  <title>
</title>
<meta http-equiv="Content-Type" content="text/html;charset=utf-8" />
  <meta name='ocr-system' content='tesseract 3.04.00' />
  <meta name='ocr-capabilities' content='ocr_page ocr_carea ocr_par ocr_line ocrx_word'/>
</head>
<body>
  <div class='ocr_page' id='page_1' title='image "./reliquiaesacrae07routgoog_0031.png"; bbox 0 0 3809 5650; ppageno 0'>
   <div class='ocr_carea' id='block_1_1' title="bbox 768 639 1447 719">
    <p class='ocr_par' dir='ltr' id='par_1_1' title="bbox 768 639 1447 719">
     <span class='ocr_line' id='line_1_1' title="bbox 768 639 1447 719; baseline -0.003 -9"><span class='ocrx_word' id='word_1_1' title='bbox 768 639 1073 712; x_wconf 82' lang='lat' dir='ltr'><strong>PRAEFATIO.</strong></span> <span class='ocrx_word' id='word_1_2' title='bbox 1358 645 1447 719; x_wconf 79' lang='lat' dir='ltr'><strong>xxix</strong></span> 
     </span>
    </p>
   </div>
   <div class='ocr_carea' id='block_1_2' title="bbox 396 835 1454 4283">
    <p class='ocr_par' dir='ltr' id='par_1_2' title="bbox 396 835 1453 2957">
     <span class='ocr_line' id='line_1_2' title="bbox 396 835 1450 945; baseline -0.001 -25"><span class='ocrx_word' id='word_1_3' title='bbox 396 835 524 934; x_wconf 67' lang='lat' dir='ltr'><strong>stolae,</strong></span> <span class='ocrx_word' id='word_1_4' title='bbox 552 862 649 945; x_wconf 84' lang='lat' dir='ltr'><strong>quae</strong></span> <span class='ocrx_word' id='word_1_5' title='bbox 679 838 894 920; x_wconf 69' lang='lat' dir='ltr'><strong>canoniea</strong></span> <span class='ocrx_word' id='word_1_6' title='bbox 922 851 1133 933; x_wconf 92' lang='lat' dir='ltr'><strong>vocantur,</strong></span> <span class='ocrx_word' id='word_1_7' title='bbox 1162 837 1297 921; x_wconf 84' lang='lat' dir='ltr'><strong>multo</strong></span> <span class='ocrx_word' id='word_1_8' title='bbox 1331 841 1450 921; x_wconf 85' lang='lat' dir='ltr'><strong>casti-</strong></span> 
     </span>
     <span class='ocr_line' id='line_1_3' title="bbox 397 969 1448 1080; baseline 0.001 -28"><span class='ocrx_word' id='word_1_9' title='bbox 397 973 536 1079; x_wconf 88' lang='lat' dir='ltr'><strong>gatius</strong></span> <span class='ocrx_word' id='word_1_10' title='bbox 564 998 690 1078; x_wconf 93' lang='lat' dir='ltr'><strong>quam</strong></span> <span class='ocrx_word' id='word_1_11' title='bbox 719 982 818 1051; x_wconf 90' lang='lat' dir='ltr'><strong>ante</strong></span> <span class='ocrx_word' id='word_1_12' title='bbox 845 999 923 1080; x_wconf 94' lang='lat' dir='ltr'><strong>ope</strong></span> <span class='ocrx_word' id='word_1_13' title='bbox 953 969 1229 1080; x_wconf 93' lang='lat' dir='ltr'><strong>plurimorum</strong></span> <span class='ocrx_word' id='word_1_14' title='bbox 1260 974 1448 1055; x_wconf 88' lang='lat' dir='ltr'><strong>codicum</strong></span> 
     </span>
     <span class='ocr_line' id='line_1_4' title="bbox 399 1106 1451 1218; baseline 0.002 -29"><span class='ocrx_word' id='word_1_15' title='bbox 399 1136 513 1189; x_wconf 87' lang='lat' dir='ltr'><strong>nunc</strong></span> <span class='ocrx_word' id='word_1_16' title='bbox 561 1106 822 1215; x_wconf 81' lang='lat' dir='ltr'>prodeuntia,</span> <span class='ocrx_word' id='word_1_17' title='bbox 859 1107 945 1188; x_wconf 93' lang='lat' dir='ltr'><strong>duo</strong></span> <span class='ocrx_word' id='word_1_18' title='bbox 991 1120 1157 1189; x_wconf 87' lang='lat' dir='ltr'><strong>tantum</strong></span> <span class='ocrx_word' id='word_1_19' title='bbox 1200 1109 1451 1218; x_wconf 86' lang='lat' dir='ltr'><strong>exemplaria</strong></span> 
     </span>
     <span class='ocr_line' id='line_1_5' title="bbox 399 1240 1452 1351; baseline 0.001 -28"><span class='ocrx_word' id='word_1_20' title='bbox 399 1243 552 1351; x_wconf 89' lang='lat' dir='ltr'><strong>scripta</strong></span> <span class='ocrx_word' id='word_1_21' title='bbox 566 1241 635 1323; x_wconf 92' lang='lat' dir='ltr'><strong>hic</strong></span> <span class='ocrx_word' id='word_1_22' title='bbox 649 1240 820 1350; x_wconf 94' lang='lat' dir='ltr'><strong>quidem</strong></span> <span class='ocrx_word' id='word_1_23' title='bbox 836 1244 1178 1324; x_wconf 86' lang='lat' dir='ltr'><strong>commemorabo.</strong></span> <span class='ocrx_word' id='word_1_24' title='bbox 1220 1242 1452 1326; x_wconf 80' lang='lat' dir='ltr'><strong>Continent</strong></span> 
     </span>
     <span class='ocr_line' id='line_1_6' title="bbox 400 1375 1451 1489; baseline 0.004 -32"><span class='ocrx_word' id='word_1_25' title='bbox 400 1405 450 1457; x_wconf 89' lang='lat' dir='ltr'><strong>ea</strong></span> <span class='ocrx_word' id='word_1_26' title='bbox 468 1378 796 1459; x_wconf 79' lang='lat' dir='ltr'><strong>Ecclesiasticum</strong></span> <span class='ocrx_word' id='word_1_27' title='bbox 824 1375 994 1458; x_wconf 88' lang='lat' dir='ltr'><strong>Eusebii</strong></span> <span class='ocrx_word' id='word_1_28' title='bbox 1015 1378 1265 1476; x_wconf 74' lang='lat' dir='ltr'><strong>Historiam,</strong></span> <span class='ocrx_word' id='word_1_29' title='bbox 1289 1408 1340 1460; x_wconf 86' lang='lat' dir='ltr'><strong>ex</strong></span> <span class='ocrx_word' id='word_1_30' title='bbox 1368 1409 1451 1489; x_wconf 89' lang='lat' dir='ltr'><strong>qua</strong></span> 
     </span>
     <span class='ocr_line' id='line_1_7' title="bbox 399 1511 1451 1624; baseline 0.005 -33"><span class='ocrx_word' id='word_1_31' title='bbox 399 1539 494 1621; x_wconf 89' lang='lat' dir='ltr'><strong>pars</strong></span> <span class='ocrx_word' id='word_1_32' title='bbox 508 1513 689 1593; x_wconf 88' lang='lat' dir='ltr'><strong>maxima</strong></span> <span class='ocrx_word' id='word_1_33' title='bbox 707 1512 830 1621; x_wconf 92' lang='lat' dir='ltr'><strong>primi</strong></span> <span class='ocrx_word' id='word_1_34' title='bbox 851 1511 978 1621; x_wconf 93' lang='lat' dir='ltr'><strong>hujus</strong></span> <span class='ocrx_word' id='word_1_35' title='bbox 993 1511 1216 1594; x_wconf 86' lang='lat' dir='ltr'><strong>voluminis</strong></span> <span class='ocrx_word' id='word_1_36' title='bbox 1231 1514 1451 1624; x_wconf 86' lang='lat' dir='ltr'><strong>desumpta</strong></span> 
     </span>
     <span class='ocr_line' id='line_1_8' title="bbox 401 1644 1452 1754; baseline 0.001 -27"><span class='ocrx_word' id='word_1_37' title='bbox 401 1659 476 1727; x_wconf 90' lang='lat' dir='ltr'><strong>est.</strong></span> <span class='ocrx_word' id='word_1_38' title='bbox 520 1645 691 1727; x_wconf 88' lang='lat' dir='ltr'><strong>Etenim</strong></span> <span class='ocrx_word' id='word_1_39' title='bbox 711 1644 882 1725; x_wconf 89' lang='lat' dir='ltr'><strong>Eusebii</strong></span> <span class='ocrx_word' id='word_1_40' title='bbox 903 1646 1000 1725; x_wconf 86' lang='lat' dir='ltr'><strong>duae</strong></span> <span class='ocrx_word' id='word_1_41' title='bbox 1020 1659 1120 1727; x_wconf 91' lang='lat' dir='ltr'><strong>sunt</strong></span> <span class='ocrx_word' id='word_1_42' title='bbox 1138 1647 1345 1754; x_wconf 86' lang='lat' dir='ltr'><strong>primariae</strong></span> <span class='ocrx_word' id='word_1_43' title='bbox 1366 1650 1452 1730; x_wconf 91' lang='lat' dir='ltr'><strong>edi-</strong></span> 
     </span>
     <span class='ocr_line' id='line_1_9' title="bbox 401 1779 1452 1889; baseline 0 -26"><span class='ocrx_word' id='word_1_44' title='bbox 401 1782 546 1877; x_wconf 85' lang='lat' dir='ltr'><strong>tiones,</strong></span> <span class='ocrx_word' id='word_1_45' title='bbox 580 1809 665 1861; x_wconf 93' lang='lat' dir='ltr'><strong>una</strong></span> <span class='ocrx_word' id='word_1_46' title='bbox 697 1808 722 1861; x_wconf 89' lang='lat' dir='ltr'><strong>a</strong></span> <span class='ocrx_word' id='word_1_47' title='bbox 756 1779 943 1862; x_wconf 88' lang='lat' dir='ltr'><strong>Roberto</strong></span> <span class='ocrx_word' id='word_1_48' title='bbox 980 1779 1206 1889; x_wconf 89' lang='lat' dir='ltr'><strong>Stephano,</strong></span> <span class='ocrx_word' id='word_1_49' title='bbox 1238 1780 1369 1863; x_wconf 89' lang='lat' dir='ltr'><strong>altera</strong></span> <span class='ocrx_word' id='word_1_50' title='bbox 1400 1785 1452 1863; x_wconf 91' lang='lat' dir='ltr'><strong>ab</strong></span> 
     </span>
     <span class='ocr_line' id='line_1_10' title="bbox 402 1913 1451 2023; baseline 0.001 -29"><span class='ocrx_word' id='word_1_51' title='bbox 402 1914 588 1995; x_wconf 90' lang='lat' dir='ltr'><strong>Henrico</strong></span> <span class='ocrx_word' id='word_1_52' title='bbox 609 1914 772 1995; x_wconf 89' lang='lat' dir='ltr'><strong>Valesio</strong></span> <span class='ocrx_word' id='word_1_53' title='bbox 791 1915 1003 1995; x_wconf 87' lang='lat' dir='ltr'><strong>adornata.</strong></span> <span class='ocrx_word' id='word_1_54' title='bbox 1063 1913 1228 1994; x_wconf 91' lang='lat' dir='ltr'><strong>Harum</strong></span> <span class='ocrx_word' id='word_1_55' title='bbox 1247 1915 1361 2023; x_wconf 90' lang='lat' dir='ltr'><strong>prior</strong></span> <span class='ocrx_word' id='word_1_56' title='bbox 1380 1944 1451 1995; x_wconf 91' lang='lat' dir='ltr'><strong>an·</strong></span> 
     </span>
     <span class='ocr_line' id='line_1_11' title="bbox 401 2046 1451 2157; baseline 0.002 -28"><span class='ocrx_word' id='word_1_57' title='bbox 401 2049 569 2156; x_wconf 93' lang='lat' dir='ltr'><strong>tiquum</strong></span> <span class='ocrx_word' id='word_1_58' title='bbox 603 2050 813 2156; x_wconf 84' lang='lat' dir='ltr'><strong>quendam</strong></span> <span class='ocrx_word' id='word_1_59' title='bbox 852 2048 959 2157; x_wconf 86' lang='lat' dir='ltr'><strong>regis</strong></span> <span class='ocrx_word' id='word_1_60' title='bbox 997 2046 1228 2129; x_wconf 87' lang='lat' dir='ltr'><strong>Galliarum</strong></span> <span class='ocrx_word' id='word_1_61' title='bbox 1267 2050 1451 2131; x_wconf 83' lang='lat' dir='ltr'><strong>codicem</strong></span> 
     </span>
     <span class='ocr_line' id='line_1_12' title="bbox 400 2181 1452 2292; baseline 0.001 -29"><span class='ocrx_word' id='word_1_62' title='bbox 400 2210 508 2292; x_wconf 90' lang='lat' dir='ltr'><strong>pene</strong></span> <span class='ocrx_word' id='word_1_63' title='bbox 520 2182 676 2290; x_wconf 90' lang='lat' dir='ltr'><strong>ubique</strong></span> <span class='ocrx_word' id='word_1_64' title='bbox 689 2184 906 2291; x_wconf 80' lang='lat' dir='ltr'><strong>expressit3</strong></span> <span class='ocrx_word' id='word_1_65' title='bbox 926 2181 1000 2264; x_wconf 91' lang='lat' dir='ltr'><strong>illo</strong></span> <span class='ocrx_word' id='word_1_66' title='bbox 1013 2183 1452 2292; x_wconf 89' lang='lat' dir='ltr'><strong>Manuscripto‚quem</strong></span> 
     </span>
     <span class='ocr_line' id='line_1_13' title="bbox 402 2315 1451 2425; baseline 0.002 -31"><span class='ocrx_word' id='word_1_67' title='bbox 402 2315 656 2398; x_wconf 86' lang='lat' dir='ltr'><strong>Medicaeum</strong></span> <span class='ocrx_word' id='word_1_68' title='bbox 675 2315 898 2425; x_wconf 87' lang='lat' dir='ltr'><strong>appellant,</strong></span> <span class='ocrx_word' id='word_1_69' title='bbox 917 2317 1121 2398; x_wconf 84' lang='lat' dir='ltr'><strong>rarissime</strong></span> <span class='ocrx_word' id='word_1_70' title='bbox 1148 2317 1191 2396; x_wconf 93' lang='lat' dir='ltr'><strong>in</strong></span> <span class='ocrx_word' id='word_1_71' title='bbox 1212 2315 1451 2425; x_wconf 87' lang='lat' dir='ltr'><strong>exemplum</strong></span> 
     </span>
     <span class='ocr_line' id='line_1_14' title="bbox 401 2448 1450 2545; baseline 0 -15"><span class='ocrx_word' id='word_1_72' title='bbox 401 2451 643 2531; x_wconf 89' lang='lat' dir='ltr'><strong>constituto.</strong></span> <span class='ocrx_word' id='word_1_73' title='bbox 692 2448 836 2531; x_wconf 88' lang='lat' dir='ltr'><strong>Altera</strong></span> <span class='ocrx_word' id='word_1_74' title='bbox 854 2462 1008 2545; x_wconf 90' lang='lat' dir='ltr'><strong>autem,</strong></span> <span class='ocrx_word' id='word_1_75' title='bbox 1027 2451 1112 2531; x_wconf 92' lang='lat' dir='ltr'><strong>sive</strong></span> <span class='ocrx_word' id='word_1_76' title='bbox 1132 2448 1352 2530; x_wconf 85' lang='lat' dir='ltr'><strong>Valesiana</strong></span> <span class='ocrx_word' id='word_1_77' title='bbox 1368 2450 1450 2530; x_wconf 93' lang='lat' dir='ltr'><strong>edi-</strong></span> 
     </span>
     <span class='ocr_line' id='line_1_15' title="bbox 402 2580 1453 2692; baseline -0.001 -29"><span class='ocrx_word' id='word_1_78' title='bbox 402 2582 473 2679; x_wconf 89' lang='lat' dir='ltr'><strong>tio,</strong></span> <span class='ocrx_word' id='word_1_79' title='bbox 492 2582 542 2662; x_wconf 92' lang='lat' dir='ltr'><strong>iis</strong></span> <span class='ocrx_word' id='word_1_80' title='bbox 568 2580 685 2663; x_wconf 90' lang='lat' dir='ltr'><strong>libris</strong></span> <span class='ocrx_word' id='word_1_81' title='bbox 704 2582 866 2692; x_wconf 88' lang='lat' dir='ltr'><strong>scriptis</strong></span> <span class='ocrx_word' id='word_1_82' title='bbox 894 2611 978 2664; x_wconf 93' lang='lat' dir='ltr'><strong>non</strong></span> <span class='ocrx_word' id='word_1_83' title='bbox 1011 2583 1140 2679; x_wconf 91' lang='lat' dir='ltr'><strong>stetit,</strong></span> <span class='ocrx_word' id='word_1_84' title='bbox 1159 2582 1289 2664; x_wconf 90' lang='lat' dir='ltr'><strong>trium</strong></span> <span class='ocrx_word' id='word_1_85' title='bbox 1314 2582 1453 2690; x_wconf 85' lang='lat' dir='ltr'><strong>gavisa</strong></span> 
     </span>
     <span class='ocr_line' id='line_1_16' title="bbox 401 2715 1453 2823; baseline -0.001 -27"><span class='ocrx_word' id='word_1_86' title='bbox 401 2716 592 2797; x_wconf 90' lang='lat' dir='ltr'><strong>codicum</strong></span> <span class='ocrx_word' id='word_1_87' title='bbox 622 2743 700 2823; x_wconf 90' lang='lat' dir='ltr'><strong>ope</strong></span> <span class='ocrx_word' id='word_1_88' title='bbox 729 2743 943 2812; x_wconf 91' lang='lat' dir='ltr'><strong>novorum,</strong></span> <span class='ocrx_word' id='word_1_89' title='bbox 970 2715 1188 2813; x_wconf 85' lang='lat' dir='ltr'><strong>Mazarini,</strong></span> <span class='ocrx_word' id='word_1_90' title='bbox 1218 2716 1453 2812; x_wconf 90' lang='lat' dir='ltr'><strong>Fuketiani‚</strong></span> 
     </span>
     <span class='ocr_line' id='line_1_17' title="bbox 401 2849 694 2957; baseline -0.003 -26"><span class='ocrx_word' id='word_1_91' title='bbox 401 2849 694 2957; x_wconf 83' lang='lat' dir='ltr'><strong>Savilianique.</strong></span> 
     </span>
    </p>

    <p class='ocr_par' dir='ltr' id='par_1_3' title="bbox 401 2982 1454 4283">
     <span class='ocr_line' id='line_1_18' title="bbox 460 2982 1453 3078; baseline 0 -13"><span class='ocrx_word' id='word_1_92' title='bbox 460 2985 543 3066; x_wconf 93' lang='lat' dir='ltr'><strong>Hic</strong></span> <span class='ocrx_word' id='word_1_93' title='bbox 572 3012 669 3065; x_wconf 89' lang='lat' dir='ltr'><strong>vero</strong></span> <span class='ocrx_word' id='word_1_94' title='bbox 697 2982 802 3065; x_wconf 88' lang='lat' dir='ltr'><strong>liber</strong></span> <span class='ocrx_word' id='word_1_95' title='bbox 830 2982 1072 3078; x_wconf 71' lang='lat' dir='ltr'><strong>savilianus</strong></span> <span class='ocrx_word' id='word_1_96' title='bbox 1096 2994 1146 3063; x_wconf 92' lang='lat' dir='ltr'><strong>ut</strong></span> <span class='ocrx_word' id='word_1_97' title='bbox 1172 2983 1373 3063; x_wconf 89' lang='lat' dir='ltr'><strong>traditum</strong></span> <span class='ocrx_word' id='word_1_98' title='bbox 1401 2986 1453 3065; x_wconf 92' lang='lat' dir='ltr'><strong>ab</strong></span> 
     </span>
     <span class='ocr_line' id='line_1_19' title="bbox 402 3115 1453 3228; baseline -0.002 -28"><span class='ocrx_word' id='word_1_99' title='bbox 402 3120 492 3228; x_wconf 89' lang='lat' dir='ltr'><strong>ipso</strong></span> <span class='ocrx_word' id='word_1_100' title='bbox 520 3116 687 3199; x_wconf 86' lang='lat' dir='ltr'><strong>Valesio</strong></span> <span class='ocrx_word' id='word_1_101' title='bbox 715 3131 789 3214; x_wconf 85' lang='lat' dir='ltr'><strong>est,</strong></span> <span class='ocrx_word' id='word_1_102' title='bbox 821 3115 1032 3226; x_wconf 87' lang='lat' dir='ltr'><strong>exemplar</strong></span> <span class='ocrx_word' id='word_1_103' title='bbox 1061 3129 1226 3198; x_wconf 89' lang='lat' dir='ltr'><strong>tantum</strong></span> <span class='ocrx_word' id='word_1_104' title='bbox 1258 3116 1453 3198; x_wconf 90' lang='lat' dir='ltr'><strong>editionis</strong></span> 
     </span>
     <span class='ocr_line' id='line_1_20' title="bbox 402 3251 1453 3363; baseline -0.004 -27"><span class='ocrx_word' id='word_1_105' title='bbox 402 3253 695 3363; x_wconf 89' lang='lat' dir='ltr'><strong>Stephanianae</strong></span> <span class='ocrx_word' id='word_1_106' title='bbox 713 3253 808 3349; x_wconf 85' lang='lat' dir='ltr'><strong>fuit,</strong></span> <span class='ocrx_word' id='word_1_107' title='bbox 827 3253 869 3333; x_wconf 94' lang='lat' dir='ltr'><strong>in</strong></span> <span class='ocrx_word' id='word_1_108' title='bbox 891 3256 1011 3362; x_wconf 89' lang='lat' dir='ltr'><strong>cujus</strong></span> <span class='ocrx_word' id='word_1_109' title='bbox 1031 3251 1217 3360; x_wconf 88' lang='lat' dir='ltr'><strong>margine</strong></span> <span class='ocrx_word' id='word_1_110' title='bbox 1243 3251 1453 3333; x_wconf 88' lang='lat' dir='ltr'><strong>Henricus</strong></span> 
     </span>
     <span class='ocr_line' id='line_1_21' title="bbox 402 3384 1453 3471; baseline -0.005 0"><span class='ocrx_word' id='word_1_111' title='bbox 402 3388 474 3471; x_wconf 90' lang='lat' dir='ltr'><strong>ille</strong></span> <span class='ocrx_word' id='word_1_112' title='bbox 505 3386 680 3470; x_wconf 87' lang='lat' dir='ltr'><strong>Savilius</strong></span> <span class='ocrx_word' id='word_1_113' title='bbox 713 3385 910 3468; x_wconf 91' lang='lat' dir='ltr'><strong>lectiones</strong></span> <span class='ocrx_word' id='word_1_114' title='bbox 944 3415 1040 3469; x_wconf 91' lang='lat' dir='ltr'><strong>cum</strong></span> <span class='ocrx_word' id='word_1_115' title='bbox 1074 3384 1244 3468; x_wconf 90' lang='lat' dir='ltr'><strong>aliunde</strong></span> <span class='ocrx_word' id='word_1_116' title='bbox 1276 3398 1368 3467; x_wconf 94' lang='lat' dir='ltr'><strong>tum</strong></span> <span class='ocrx_word' id='word_1_117' title='bbox 1402 3416 1453 3467; x_wconf 88' lang='lat' dir='ltr'><strong>ex</strong></span> 
     </span>
     <span class='ocr_line' id='line_1_22' title="bbox 402 3521 1450 3631; baseline -0.005 -25"><span class='ocrx_word' id='word_1_118' title='bbox 402 3524 543 3606; x_wconf 89' lang='lat' dir='ltr'><strong>codice</strong></span> <span class='ocrx_word' id='word_1_119' title='bbox 579 3521 881 3631; x_wconf 87' lang='lat' dir='ltr'><strong>Manuscripto,</strong></span> <span class='ocrx_word' id='word_1_120' title='bbox 915 3550 1041 3630; x_wconf 93' lang='lat' dir='ltr'><strong>quern</strong></span> <span class='ocrx_word' id='word_1_121' title='bbox 1080 3521 1168 3630; x_wconf 89' lang='lat' dir='ltr'><strong>ipse</strong></span> <span class='ocrx_word' id='word_1_122' title='bbox 1199 3521 1450 3630; x_wconf 89' lang='lat' dir='ltr'><strong>possidebat,</strong></span> 
     </span>
     <span class='ocr_line' id='line_1_23' title="bbox 402 3650 1454 3767; baseline -0.006 -27"><span class='ocrx_word' id='word_1_123' title='bbox 402 3660 667 3767; x_wconf 88' lang='lat' dir='ltr'><strong>depromptas</strong></span> <span class='ocrx_word' id='word_1_124' title='bbox 696 3656 978 3737; x_wconf 84' lang='lat' dir='ltr'><strong>adnotaverat.</strong></span> <span class='ocrx_word' id='word_1_125' title='bbox 1036 3655 1117 3739; x_wconf 88' lang='lat' dir='ltr'><strong>Sed</strong></span> <span class='ocrx_word' id='word_1_126' title='bbox 1150 3650 1300 3735; x_wconf 89' lang='lat' dir='ltr'><strong>Valesii</strong></span> <span class='ocrx_word' id='word_1_127' title='bbox 1331 3656 1454 3735; x_wconf 90' lang='lat' dir='ltr'><strong>verba</strong></span> 
     </span>
     <span class='ocr_line' id='line_1_24' title="bbox 403 3789 1453 3900; baseline -0.007 -25"><span class='ocrx_word' id='word_1_128' title='bbox 403 3821 455 3876; x_wconf 84' lang='lat' dir='ltr'><strong>ex</strong></span> <span class='ocrx_word' id='word_1_129' title='bbox 476 3793 727 3882; x_wconf 85' lang='lat' dir='ltr'><strong>Praefatione</strong></span> <span class='ocrx_word' id='word_1_130' title='bbox 747 3794 838 3900; x_wconf 89' lang='lat' dir='ltr'><strong>ejus</strong></span> <span class='ocrx_word' id='word_1_131' title='bbox 857 3818 906 3871; x_wconf 94' lang='lat' dir='ltr'><strong>eo</strong></span> <span class='ocrx_word' id='word_1_132' title='bbox 930 3789 1130 3872; x_wconf 92' lang='lat' dir='ltr'><strong>libentius</strong></span> <span class='ocrx_word' id='word_1_133' title='bbox 1154 3790 1336 3885; x_wconf 89' lang='lat' dir='ltr'><strong>afferam,</strong></span> <span class='ocrx_word' id='word_1_134' title='bbox 1354 3789 1453 3897; x_wconf 88' lang='lat' dir='ltr'><strong>quia</strong></span> 
     </span>
     <span class='ocr_line' id='line_1_25' title="bbox 401 3923 1451 4034; baseline -0.006 -27"><span class='ocrx_word' id='word_1_135' title='bbox 401 3926 516 4008; x_wconf 93' lang='lat' dir='ltr'><strong>hunc</strong></span> <span class='ocrx_word' id='word_1_136' title='bbox 528 3925 856 4034; x_wconf 90' lang='lat' dir='ltr'><strong>manuscriptum</strong></span> <span class='ocrx_word' id='word_1_137' title='bbox 870 3952 894 4004; x_wconf 93' lang='lat' dir='ltr'><strong>a</strong></span> <span class='ocrx_word' id='word_1_138' title='bbox 907 3923 1073 4006; x_wconf 88' lang='lat' dir='ltr'><strong>Valesio</strong></span> <span class='ocrx_word' id='word_1_139' title='bbox 1088 3951 1305 4031; x_wconf 93' lang='lat' dir='ltr'><strong>nunquam</strong></span> <span class='ocrx_word' id='word_1_140' title='bbox 1319 3923 1451 4003; x_wconf 90' lang='lat' dir='ltr'><strong>visum</strong></span> 
     </span>
     <span class='ocr_line' id='line_1_26' title="bbox 402 4056 1451 4168; baseline -0.01 -26"><span class='ocrx_word' id='word_1_141' title='bbox 402 4062 594 4142; x_wconf 87' lang='lat' dir='ltr'><strong>manibus</strong></span> <span class='ocrx_word' id='word_1_142' title='bbox 633 4088 709 4167; x_wconf 87' lang='lat' dir='ltr'><strong>ego</strong></span> <span class='ocrx_word' id='word_1_143' title='bbox 742 4060 829 4168; x_wconf 93' lang='lat' dir='ltr'><strong>ipse</strong></span> <span class='ocrx_word' id='word_1_144' title='bbox 863 4059 1048 4153; x_wconf 81' lang='lat' dir='ltr'><strong>tractavi,</strong></span> <span class='ocrx_word' id='word_1_145' title='bbox 1081 4071 1208 4164; x_wconf 88' lang='lat' dir='ltr'><strong>atque</strong></span> <span class='ocrx_word' id='word_1_146' title='bbox 1243 4056 1297 4135; x_wconf 88' lang='lat' dir='ltr'><strong>ad</strong></span> <span class='ocrx_word' id='word_1_147' title='bbox 1330 4081 1451 4134; x_wconf 92' lang='lat' dir='ltr'><strong>usum</strong></span> 
     </span>
     <span class='ocr_line' id='line_1_27' title="bbox 403 4187 1454 4283; baseline -0.01 -6"><span class='ocrx_word' id='word_1_148' title='bbox 403 4224 543 4277; x_wconf 89' lang='lat' dir='ltr'><strong>meum</strong></span> <span class='ocrx_word' id='word_1_149' title='bbox 572 4193 759 4276; x_wconf 89' lang='lat' dir='ltr'><strong>adhibui.</strong></span> <span class='ocrx_word' id='word_1_150' title='bbox 816 4204 838 4241; x_wconf 87' lang='lat'>“</span> <span class='ocrx_word' id='word_1_151' title='bbox 853 4193 1061 4273; x_wconf 89' lang='lat' dir='ltr'><strong>Praeterea</strong></span> <span class='ocrx_word' id='word_1_152' title='bbox 1089 4190 1221 4272; x_wconf 86' lang='lat' dir='ltr'><strong>codex</strong></span> <span class='ocrx_word' id='word_1_153' title='bbox 1249 4189 1367 4283; x_wconf 89' lang='lat' dir='ltr'><strong>fuit,”</strong></span> <span class='ocrx_word' id='word_1_154' title='bbox 1392 4187 1454 4267; x_wconf 91' lang='lat' dir='ltr'><strong>in·</strong></span> 
     </span>
    </p>
   </div>
   <div class='ocr_carea' id='block_1_3' title="bbox 403 4321 1457 4570">
    <p class='ocr_par' dir='ltr' id='par_1_4' title="bbox 403 4321 1457 4570">
     <span class='ocr_line' id='line_1_28' title="bbox 403 4321 1456 4439; baseline -0.009 -27"><span class='ocrx_word' id='word_1_155' title='bbox 403 4331 498 4439; x_wconf 91' lang='lat' dir='ltr'><strong>quit</strong></span> <span class='ocrx_word' id='word_1_156' title='bbox 523 4328 606 4426; x_wconf 92' lang='lat' dir='ltr'><strong>ille,</strong></span> <span class='ocrx_word' id='word_1_157' title='bbox 626 4338 648 4375; x_wconf 90' lang='lat'>“</span> <span class='ocrx_word' id='word_1_158' title='bbox 664 4327 839 4410; x_wconf 91' lang='lat' dir='ltr'><strong>Henrici</strong></span> <span class='ocrx_word' id='word_1_159' title='bbox 865 4325 1018 4422; x_wconf 90' lang='lat' dir='ltr'><strong>Savilii‚</strong></span> <span class='ocrx_word' id='word_1_160' title='bbox 1042 4324 1118 4406; x_wconf 90' lang='lat' dir='ltr'><strong>viri</strong></span> <span class='ocrx_word' id='word_1_161' title='bbox 1144 4321 1382 4418; x_wconf 90' lang='lat' dir='ltr'><strong>doctissimi,</strong></span> <span class='ocrx_word' id='word_1_162' title='bbox 1402 4322 1456 4403; x_wconf 93' lang='lat' dir='ltr'><strong>ad</strong></span> 
     </span>
     <span class='ocr_line' id='line_1_29' title="bbox 404 4457 1457 4570; baseline -0.01 -23"><span class='ocrx_word' id='word_1_163' title='bbox 404 4475 427 4514; x_wconf 93' lang='lat'><strong>“</strong></span> <span class='ocrx_word' id='word_1_164' title='bbox 440 4493 508 4546; x_wconf 89' lang='lat' dir='ltr'><strong>me</strong></span> <span class='ocrx_word' id='word_1_165' title='bbox 525 4464 672 4546; x_wconf 88' lang='lat' dir='ltr'><strong>missus</strong></span> <span class='ocrx_word' id='word_1_166' title='bbox 687 4490 739 4544; x_wconf 85' lang='lat' dir='ltr'><strong>ex</strong></span> <span class='ocrx_word' id='word_1_167' title='bbox 755 4460 944 4570; x_wconf 86' lang='lat' dir='ltr'><strong>Angliaa</strong></span> <span class='ocrx_word' id='word_1_168' title='bbox 959 4460 984 4540; x_wconf 88' lang='lat' dir='ltr'>J</span> <span class='ocrx_word' id='word_1_169' title='bbox 987 4462 1113 4541; x_wconf 89' lang='lat' dir='ltr'><strong>acobo</strong></span> <span class='ocrx_word' id='word_1_170' title='bbox 1130 4457 1296 4540; x_wconf 86' lang='lat' dir='ltr'><strong>Usserio</strong></span> <span class='ocrx_word' id='word_1_171' title='bbox 1311 4457 1457 4537; x_wconf 88' lang='lat' dir='ltr'><strong>Arma-</strong></span> 
     </span>
    </p>
   </div>
   <div class='ocr_carea' id='block_1_4' title="bbox 0 0 1917 5650">
    <p class='ocr_par' dir='ltr' id='par_1_5' title="bbox 0 0 1917 5650">
     <span class='ocr_line' id='line_1_30' title="bbox 0 0 1917 5650; baseline 0 0"><span class='ocrx_word' id='word_1_172' title='bbox 0 0 1917 5650; x_wconf 95' lang='lat' dir='ltr'><strong> </strong></span> 
     </span>
    </p>
   </div>
  </div>
 </body>
</html>
