3809 5650
406 659 469 720 128
782 655 1133 720 ANNOTATIONES

404 826 428 887 J
430 824 537 899 ustini,
553 831 590 887 ut
610 832 700 908 patet
719 845 757 886 ex
774 824 836 887 fine
856 824 1041 907 posterioris
1056 822 1271 907 Apologetiei‚
1288 822 1342 884 ubi
1357 820 1378 884 ,J
1384 821 1515 885 ustinus

405 927 451 990 itu
465 926 623 1009 loquitur:
643 926 690 989 καὶ
705 928 779 1004 ὑμᾶς
792 932 844 988 νῦν
860 928 1006 1004 ἀξιοῦμαι,
1018 924 1253 1005 ὑπογράφοντας
1265 923 1299 985 τὸ
1310 925 1379 1000 ὑμῖν
1395 927 1514 996 δοκοῦν,

404 1033 559 1107 προθεῖναι
585 1031 670 1089 τοῦτο
700 1029 865 1106 βιβλίδιον.
911 1026 1006 1091 certe
1029 1026 1206 1089 orationem
1232 1024 1318 1087 illam
1345 1023 1515 1088 Melitonis

405 1127 482 1190 nihil
511 1127 598 1190 aliud
628 1128 724 1190 luisse
754 1150 849 1211 quam
875 1127 1016 1192 libellum
1041 1149 1170 1212 precum
1200 1126 1343 1190 oblatum
1372 1125 1513 1209 impera-

404 1229 467 1293 tori
490 1236 580 1313 patet
601 1251 641 1291 ex
663 1229 842 1313 fragmento
856 1230 910 1293 illo
926 1229 1011 1313 quod
1030 1230 1152 1315 profert
1172 1228 1338 1303 Eusebius,
1354 1229 1465 1306 ταύτην
1479 1229 1514 1291 δὲ

405 1356 454 1392 σοι
468 1332 564 1408 μόνην
578 1330 790 1410 προσφέρομεν
806 1330 919 1408 δέησιν,
932 1332 989 1394 duc.
1006 1330 1172 1394 Vsussrus.

451 1432 532 1495 ibid.
556 1431 574 1494 l.
595 1452 646 1515 23.
669 1431 713 1495 Τὸ
735 1436 793 1513 γὰρ
820 1433 888 1495 οὐδὲ
908 1433 1027 1495 πώποτε
1054 1432 1219 1513 γενόμενον
1247 1432 1319 1518 irc]
1351 1429 1513 1494 Eusebius

405 1533 575 1617 praemisit:
600 1534 655 1596 Ἐν
670 1535 702 1596 δὲ
724 1537 765 1618 τῷ
779 1532 853 1612 πρὸς
879 1532 931 1596 τὸν
952 1531 1154 1613 αὐτοκράτορα
1170 1534 1284 1616 βιβλίῳ
1306 1531 1428 1596 τοιαῦτά
1442 1557 1512 1595 τινα

404 1633 467 1696 nati
492 1636 574 1714 ἡμῶν
597 1633 640 1698 ἐπ’
669 1634 758 1696 αὑτοῦ
784 1632 944 1714 γεγονέναι
972 1635 1094 1712 ἱστορεῖ.
1149 1639 1205 1698 ΤΟ
1224 1637 1281 1715 γὰρ
1302 1635 1369 1698 οὐδὲ
1390 1636 1512 1698 πώποτε

403 1739 567 1817 γενόμενον
590 1737 646 1799 διο.
691 1735 767 1797 ,Ιοοι
789 1756 856 1797 cero
878 1735 912 1797 iu
934 1756 966 1797 οο
989 1733 1066 1797 libro
1087 1757 1173 1819 quem
1189 1737 1375 1821 Imperatori
1394 1757 1510 1800 ιιιιτιοιι·

397 1839 489 1921 pacit
514 1837 577 1900 ioee
598 1837 651 1900 illc
677 1846 819 1920 reprmutc
841 1835 985 1898 adverus
1011 1835 1199 1899 Christianos
1218 1847 1301 1922 peste
1323 1858 1382 1900 esse
1404 1839 1511 1920 refert.

405 1938 532 2020 QUOD
547 1939 641 2015 enim,
658 1938 770 2021 irsqait,
787 1958 948 2020 nunquam
964 1944 1061 2000 autea
1075 1937 1197 2001 factum
1212 1938 1310 2002 iuerit
1326 1940 1382 2002 izo.

449 2040 530 2103 Ibid.
547 2040 566 2102 l.
585 2058 635 2118 24.
658 2038 692 2101 τὸ
708 2044 766 2101 τῶν
782 2039 952 2121 θεοσεβῶν]
978 2038 1012 2101 τὸ
1027 2043 1088 2102 πᾶν
1102 2044 1161 2103 τῶν
1176 2044 1203 2102 θ.
1229 2038 1396 2124 Ολτιζιίορλ.
1412 2040 1509 2104 Loca.

405 2142 518 2206 Paullo
533 2149 609 2205 ante
635 2140 670 2202 οὐ
695 2140 815 2203 πώποτε
830 2139 961 2224 Nicepi.
978 2140 1065 2224 apud
1089 2162 1183 2224 quem
1207 2161 1374 2225 perperam
1395 2139 1511 2204 distin-

403 2251 544 2329 guuntur
558 2242 626 2305 haeo
641 2241 747 2304 verba.
773 2242 953 2303 Srnormus.

449 2347 486 2408 P.
513 2348 583 2408 116.
607 2344 626 2406 l.
655 2364 680 2406 1.
699 2349 758 2405 τῶν
784 2344 952 2423 ἀλλοτρίων
976 2341 1115 2426 ἐρασταὶ]
1140 2343 1191 2405 Ex
1214 2343 1263 2405 his
1287 2341 1389 2406 verbis
1404 2365 1507 2427 prope

403 2456 524 2511 certum
553 2468 621 2509 esse
647 2445 693 2509 ait
718 2443 756 2507 cl.
785 2443 993 2519 Moshemius,
1017 2444 1066 2506 De
1089 2443 1192 2507 Rsim
1212 2443 1412 2507 Christianam
1435 2454 1510 2509 autc

405 2550 508 2612 Comi.
519 2549 569 2611 M.
583 2546 668 2610 Sect.
681 2546 712 2608 ii.
728 2551 753 2626 §.
771 2564 818 2626 17.
835 2568 865 2629 p.
879 2562 950 2629 243.
963 2544 1187 2628 imperatorem
1198 2545 1329 2629 praemio
1341 2546 1508 2630 proposito

402 2661 602 2713 accusatores
617 2647 869 2712 Christianorum
884 2645 981 2709 veluti
1003 2667 1161 2722 evocasse,
1177 2654 1275 2730 atque
1296 2645 1357 2709 illis
1371 2647 1457 2710 bona
1472 2655 1509 2713 et

403 2772 479 2835 opes
505 2771 625 2828 eorum,
654 2770 733 2834 quos
758 2746 790 2810 in
815 2746 935 2831 judicio
960 2746 1092 2833 alicujus
1122 2746 1261 2811 criminis
1284 2747 1506 2826 convicissent,

402 2851 507 2915 addici
519 2851 659 2935 jussisse.
706 2850 799 2924 Nom,
816 2857 943 2913 mutata
959 2850 1118 2913 sententia
1136 2850 1343 2927 Moshemius,
1360 2873 1457 2934 quam
1472 2851 1506 2915 in

406 2952 570 3017 Oisermtt.
587 2953 652 3016 suis
667 2952 775 3016 Sacris
790 2974 817 3015 ο.
833 2952 876 3016 ἰίἰ.
889 2953 918 3033 ξ.
934 2955 966 3014 6.
976 2951 1166 3037 protulerat,
1176 2952 1245 3016 haec
1264 2953 1355 3036 jussa
1370 2952 1506 3037 impera-

402 3055 478 3131 tori,
500 3076 565 3118 non
599 3054 758 3138 praefectis
781 3053 960 3130 urbibusve,
980 3052 1047 3116 vult
1073 3052 1260 3129 attribuere,
1287 3076 1358 3139 quae
1380 3076 1401 3117 a
1427 3077 1506 3118 non·

401 3155 494 3219 nullis
509 3156 600 3219 video
615 3157 654 3219 de
669 3156 781 3220 edictis
796 3156 1018 3240 praeieotorum
1040 3154 1276 3239 provincialium
1292 3155 1435 3241 intelligi,
1460 3157 1504 3221 ab

402 3256 473 3319 aliis
493 3264 600 3320 autem
622 3257 661 3318 de
684 3256 811 3318 urbium
834 3255 980 3318 decretis.
1025 3254 1135 3317 Adisis
1159 3255 1342 3318 Fabricium
1357 3254 1503 3322 Biblioti.

406 3358 464 3419 Gr.
481 3367 558 3419 tom.
575 3379 602 3419 v.
625 3380 652 3418 ο.
675 3378 698 3417 ι.
724 3360 753 3440 ξ.
771 3375 821 3433 24.
843 3364 876 3420 ot
892 3355 1088 3418 Dodwellum
1103 3356 1234 3419 Dissert.
1254 3357 1403 3441 Oppriaa.
1419 3358 1460 3421 xi.
1478 3364 1503 3440 5.

399 3477 452 3542 39.
491 3458 624 3519 Rufinus
636 3469 753 3533 autem,
764 3465 854 3519 vetus
870 3456 1027 3539 interpres
1038 3456 1157 3519 diserte
1168 3455 1275 3532 habet,
1292 3458 1441 3522 occasione
1452 3481 1505 3524 αο-

400 3571 486 3645 cepto
500 3560 709 3643 imperialium
718 3570 949 3645 praceptorum.
971 3562 1074 3623 Immo
1089 3560 1149 3623 hoo
1164 3559 1402 3644 disquirendum
1411 3572 1503 3648 puto,

399 3682 442 3725 an
457 3682 596 3743 unquam
612 3661 671 3724 sub
686 3661 913 3746 imperatorum
929 3662 1080 3745 regimine
1095 3661 1313 3745 significentur
1327 3684 1385 3747 per
1399 3666 1501 3729 διατά-

400 3789 500 3844 γματα
515 3764 644 3827 decreta
663 3762 800 3838 urbium,
815 3784 885 3845 quae
901 3763 1085 3843 ψηφίσματα
1108 3762 1173 3826 iere
1189 3772 1363 3837 vocantur;
1389 3765 1428 3829 de
1443 3766 1502 3829 im·

399 3874 582 3950 perstorum
607 3885 682 3927 vero
711 3863 833 3948 legibus
863 3864 1146 3948 praefectorumque
1176 3864 1288 3927 edictis
1318 3887 1381 3929 non
1407 3866 1499 3930 dubi·

397 3967 531 4030 tandum
547 3972 605 4041 est,
622 3964 698 4048 quin
714 3965 824 4028 Graece
840 3964 1025 4045 διατάγματα
1040 3965 1128 4029 dicta
1143 3988 1182 4029 ea
1196 3965 1324 4030 fuerint.

441 4068 524 4131 Ibid.
549 4067 569 4132 l.
585 4091 615 4147 4.
647 4069 760 4150 ταῦτα]
788 4073 873 4129 τοῦτο
898 4066 945 4129 ed.
968 4067 1070 4151 Stepi.
1099 4067 1227 4151 Nicspi.
1252 4066 1386 4132 Sruoru.
1433 4068 1501 4135 Va·

396 4170 483 4233 riant
498 4169 582 4233 inter
597 4191 631 4232 se
645 4169 729 4232 codd.
746 4170 790 4231 M
791 4169 869 4233 SSti
880 4169 912 4231 in
929 4168 1065 4231 Burtoni
1080 4191 1155 4232 usus
1169 4168 1285 4233 collati.

442 4269 523 4332 Ibid.
541 4269 562 4331 l.
579 4286 610 4353 5.
634 4270 743 4335 δίκαιος
759 4271 831 4357 γὰρ]
849 4273 958 4336 δίκαιος
972 4272 1028 4348 μὲν
1043 4274 1100 4351 γὰρ
1116 4271 1189 4333 MS.
1207 4272 1279 4333 Nor
1293 4272 1346 4335 cic.

440 4370 522 4433 ibid.
537 4369 558 4432 l.
575 4392 604 4453 9.
620 4370 688 4435 τοὺς
709 4375 758 4447 τῆς
777 4373 910 4449 τοιαύτης
925 4372 1110 4451 φιλονεικίας
1133 4370 1272 4456 ἐργάτας]
1293 4372 1380 4436 Male
1401 4372 1499 4436 iuter·

395 4478 502 4553 pretes
517 4490 625 4532 omnes
639 4470 706 4533 haee
722 4471 885 4535 Melitonis
894 4473 991 4535 verbu
1006 4494 1155 4557 accepere
1165 4473 1205 4536 de
1217 4472 1498 4538 calumniatoribus

395 4569 659 4646 Christianorum,
684 4592 755 4633 cum
785 4572 825 4635 de
856 4571 1045 4636 Christianis
1074 4573 1206 4659 intelligi
1236 4575 1386 4650 debeant,
1416 4597 1497 4658 quos

397 4671 511 4735 Melite
526 4679 618 4735 vocat
630 4672 756 4752 ἐργάτας
771 4675 967 4754 φιλονεικίας,
980 4675 1012 4737 id
1027 4683 1077 4739 est
1089 4676 1228 4753 ὰσκητάς.
1256 4675 1499 4741 Profitebsntur
