3809 5650
531 707 578 769 IN
602 706 866 770 FRAGMENT.
892 707 1075 772 monum
1099 708 1369 773 SORIPTORIS.
1433 713 1498 777 429

399 881 419 909 “
437 873 472 936 Si
487 876 597 936 Graece
613 874 727 936 Pauor
740 875 865 937 Hamas
885 875 979 938 hodie
999 883 1136 953 exteret,
1152 876 1179 939 si
1199 876 1240 940 sd
1261 897 1319 939 nos
1339 877 1498 960 integrum

400 979 420 1007 ‘⁴
437 970 579 1034 deletum
602 993 672 1035 esse
696 973 837 1036 libellum
858 974 952 1048 huuc,
969 974 1066 1036 dubio
1088 982 1223 1051 cureret,
1237 997 1300 1039 nou
1322 977 1500 1060 spernenda

401 1079 420 1105 ‘⁶
435 1077 520 1133 esset
534 1071 601 1133 haeo
616 1072 710 1135 ratio.
744 1073 792 1136 At
803 1095 900 1157 quum
913 1073 1063 1136 Latinam
1074 1082 1201 1138 tentum
1213 1076 1388 1140 habeamus
1403 1077 1499 1140 inter-

402 1177 423 1207 “
438 1171 662 1251 pretationem,
688 1173 885 1257 eandemque
910 1174 1056 1237 fortassis
1082 1175 1238 1251 mutilam,
1261 1175 1363 1239 omnis
1386 1198 1501 1260 expers

402 1280 422 1307 ‘⁶
438 1271 565 1334 virtutis
579 1270 689 1334 baberi
705 1272 810 1336 debet.
857 1272 1037 1352 Verisimile
1051 1280 1111 1348 est,
1127 1275 1338 1338 Orientalium
1360 1284 1394 1340 et
1409 1278 1500 1340 Gim-

402 1379 424 1408 ·‘
438 1392 547 1433 corum
563 1371 816 1435 Christianorum
833 1373 911 1448 illos,
926 1373 979 1455 qui
995 1375 1265 1456 quartodecimani
1286 1375 1500 1448 nominentur,

403 1470 541 1532 “locum
563 1471 646 1533 hunc
671 1472 711 1534 de
734 1480 877 1555 ternpore
901 1472 1080 1547 Psscbetis,
1104 1474 1179 1555 quis
1203 1475 1370 1538 sententiis
1392 1497 1502 1538 eorum

402 1579 421 1606 ‘⁶
439 1569 627 1644 obsistsbst,
653 1592 692 1633 ex
720 1572 855 1635 Pastore
881 1572 1043 1655 ejecisse.’'
1066 1594 1096 1655 p.
1124 1575 1193 1650 164.
1242 1576 1321 1637 Hoec
1345 1576 1393 1637 vir
1418 1597 1498 1658 pree·

402 1671 544 1734 stantiss.
560 1679 672 1735 contra
692 1673 910 1757 pervulgatam
925 1672 1011 1735 illem
1028 1672 1067 1734 de
1079 1674 1203 1735 Herms
1218 1674 1359 1736 Pastoris
1372 1683 1503 1738 auctore

403 1769 612 1844 sententium
635 1792 706 1854 quse
721 1779 830 1835 tamen
846 1771 898 1832 vix
912 1778 946 1833 et
961 1792 1002 1833 ne
1017 1771 1068 1832 vix
1084 1767 1211 1852 quidem
1226 1773 1437 1836 recentiorum
1453 1782 1503 1836 est

403 1873 593 1955 scriptorum
606 1880 838 1946 commentum
863 1873 993 1936 Hermae
1008 1874 1091 1935 enim
1108 1872 1242 1935 Paulino
1257 1871 1499 1934 adscribendum

403 1995 471 2035 csse
486 1973 630 2035 Pastoris
653 1971 763 2034 librom
785 1973 901 2036 statuit
923 1972 1077 2056 Origenes
1099 1971 1152 2033 lib.
1169 1994 1201 2033 x.
1221 1973 1334 2034 Cosam
1351 1972 1386 2034 in
1400 1972 1502 2056 Epist.

403 2072 449 2134 ad
462 2073 549 2134 Rom.
566 2072 608 2134 sd
627 2071 819 2156 locumque
835 2072 974 2136 Hermas
993 2073 1035 2135 sb
1054 2070 1199 2156 apostolo
1219 2078 1502 2140 commemoratum

404 2172 521 2254 sliique
537 2181 692 2255 praeteres
705 2181 866 2247 suctores,
882 2183 920 2238 ut
939 2195 979 2236 ex
996 2171 1134 2236 Eusebio
1151 2170 1411 2254 Hieronymoque
1432 2192 1504 2234 con-

405 2278 482 2347 stet,
498 2271 581 2335 idem
596 2274 809 2337 trsdiderunt.
851 2275 954 2337 Porro
969 2273 1109 2336 nonnulli
1123 2273 1209 2356 apud
1225 2272 1429 2335 Germaniam
1446 2271 1503 2334 viri

406 2372 492 2435 docti
507 2372 591 2434 hunc
605 2373 791 2456 scriptorem
807 2374 909 2456 primo
927 2375 1042 2436 saeculo
1062 2373 1294 2447 vindicandum,
1310 2371 1414 2434 sdhuo
1435 2371 1503 2454 opi·

407 2480 544 2547 nontur;
567 2481 673 2535 utrum
696 2480 805 2536 sutem
829 2474 916 2536 novis
936 2474 1098 2557 quibusvis
1117 2472 1294 2536 rationibus
1313 2472 1506 2536 sententiam

407 2594 497 2634 susm
512 2571 710 2645 confirment,
725 2571 759 2633 id
774 2572 913 2633 nondum
928 2573 1004 2635 mihi
1021 2574 1125 2636 videre
1139 2571 1284 2655 contigit.

452 2672 516 2733 Sed
530 2691 605 2734 vero
628 2691 725 2753 opera
748 2671 833 2734 inter
856 2693 890 2733 se
907 2672 975 2734 vult
999 2671 1205 2754 distinguere,
1222 2669 1352 2732 Hermae
1369 2668 1505 2745 Paulini,

408 2778 441 2836 et
466 2771 595 2835 Hermae
616 2770 682 2834 sive
703 2771 868 2834 Hermetis
890 2771 938 2833 Pii
959 2771 1079 2845 fratris,
1095 2770 1281 2835 Gsllsndius
1302 2769 1335 2831 in
1358 2769 1506 2853 Prolego

410 2872 509 2934 menis
524 2872 564 2934 de
579 2871 657 2935 (isio
673 2870 874 2955 Presbytero,
893 2875 922 2952 ξ.
938 2871 978 2934 iv.
995 2894 1025 2955 p.
1038 2871 1125 2935 xxxi.
1140 2870 1219 2935 tomi
1235 2870 1265 2932 ii.
1285 2869 1426 2933 Bibliotd.
1440 2871 1507 2933 Pa·

410 2979 500 3042 trem,
516 2970 752 3054 luculenterque
767 2971 849 3033 idem
869 2971 1045 3034 ostendisse
1064 2971 1112 3034 sit
1131 2971 1155 3033 J
1157 2983 1264 3034 ustum
1280 2970 1506 3043 Fonteninum,

410 3070 492 3133 Hist.
509 3071 586 3133 Litt.
603 3070 709 3153 Aqatl.
725 3071 778 3132 lib.
795 3071 827 3133 ii.
843 3093 910 3154 cap.
931 3092 957 3132 1.
1004 3071 1084 3134 Hseo
1104 3092 1199 3154 porro
1219 3070 1286 3153 ipse
1306 3070 1416 3133 scribit
1431 3070 1507 3133 Gel-

410 3169 535 3232 landius
549 3169 632 3233 lectu
648 3170 733 3233 haud
751 3170 890 3254 indigns.
935 3181 958 3207 ‘⁸
973 3172 1245 3251 Quemadmodum
1265 3171 1324 3232 viri
1343 3170 1509 3253 apostolici

413 3280 432 3305 ‘⁸
447 3293 526 3353 opus
548 3270 688 3355 sntiquis
712 3270 857 3352 patribus
872 3272 987 3333 Pastor
1001 3294 1056 3334 seu
1077 3270 1154 3334 libor
1169 3272 1311 3333 Pastoris
1333 3271 1511 3353 appellatus

413 3379 434 3406 ‘⁸
449 3369 520 3445 luit,
534 3369 608 3431 inde
626 3369 761 3431 fortasse
781 3370 926 3433 derivata
944 3370 1199 3433 denominatione
1219 3369 1410 3453 hujusmodi,
1425 3371 1511 3453 quod

413 3478 432 3504 ‘⁶
448 3468 480 3530 in
495 3476 566 3531 toto
580 3468 679 3531 ferme
696 3490 791 3552 opere
807 3469 925 3533 Pastor
945 3470 1106 3534 inducitur
1122 3471 1275 3534 Hermam
1295 3471 1458 3554 alloquens
1477 3478 1511 3534 et

414 3578 433 3603 ‘⁶
448 3568 638 3631 informans:
662 3568 709 3631 ite
731 3591 856 3653 quoque
880 3571 1060 3652 contigerit,
1076 3579 1113 3636 nt
1133 3581 1166 3635 et
1187 3571 1352 3635 Hermetis
1373 3571 1453 3633 liber
1474 3572 1512 3633 da

414 3677 434 3703 “
449 3670 601 3731 Passiata
624 3668 721 3732 luerit
744 3670 900 3733 nonnullis
924 3672 1037 3735 saltem
1063 3674 1178 3735 Pastor
1200 3673 1403 3742 nominatum
1439 3671 1513 3755 quie

415 3776 433 3802 “
449 3768 532 3835 illius
546 3776 659 3831 sueton
672 3769 708 3830 ds
716 3770 758 3831 iis
768 3771 902 3853 scripsit,
910 3794 979 3854 pua
990 3773 1020 3835 oi
1026 3774 1174 3857 pracepit
1186 3773 1318 3855 aupelss,
1330 3794 1421 3854 quasa
1433 3771 1513 3832 canit

413 3877 433 3904 “
450 3868 495 3930 ad
516 3891 583 3931 mm
606 3870 641 3931 in
664 3869 770 3932 tabita
796 3872 944 3943 Pastoris,
970 3880 1006 3934 ut
1032 3871 1130 3934 hebet
1155 3870 1330 3954 Cetulogus
1353 3871 1402 3931 Il.
1425 3869 1513 3931 Hen-

415 3979 434 4004 “
450 3969 649 4039 schenienus,
666 3970 749 4032 unde
765 3991 828 4031 non
848 3970 949 4032 solum
971 3970 1129 4051 scriptori,
1144 3970 1198 4032 sed
1219 3969 1289 4049 ejus
1312 3969 1408 4032 etiarn
1432 3968 1513 4031 libro

416 4083 436 4105 ¹·
453 4070 597 4132 Pastoris
611 4091 725 4131 nomeu
740 4070 932 4132 inhaeserit.''
967 4069 1099 4130 Librum
1111 4075 1219 4131 sutem
1231 4068 1347 4151 injuris
1361 4067 1514 4150 temporis

414 4170 615 4251 deperditum
639 4169 745 4243 luisse,
762 4190 856 4251 quem
882 4169 1018 4231 Hermes
1040 4168 1089 4230 Pii
1112 4169 1213 4231 freter
1235 4167 1381 4238 ediderit,
1398 4174 1513 4249 putent

415 4267 602 4332 Gellsndius
622 4275 657 4330 et
674 4266 891 4337 Fonteninns3
915 4275 949 4329 et
966 4267 1165 4329 Fonteninus
1186 4267 1311 4352 quidem
1332 4266 1416 4327 hunc
1431 4264 1514 4325 Her-

415 4377 532 4431 metem
546 4365 702 4433 nominari
717 4366 833 4429 debere
850 4366 1005 4428 Hermam
1021 4373 1135 4449 negat3
1161 4388 1254 4449 quern
1269 4373 1378 4429 temen
1393 4365 1514 4425 Herma

417 4490 479 4530 nou
505 4468 629 4530 Horres
650 4470 824 4530 Auctorem
851 4466 944 4548 hujus
974 4467 998 4527 F
999 4466 1155 4548 segmenti
1181 4465 1341 4548 appellere
1363 4464 1513 4537 videmus,

416 4567 499 4630 sicut
513 4567 647 4629 Hermas
664 4565 1018 4629 Pseudo-Tertullianus
1032 4566 1140 4629 hebet.
1184 4567 1288 4627 Immo
1303 4571 1415 4626 contra
1430 4561 1515 4623 Usu·

416 4666 513 4728 ardus
530 4665 698 4728 Paulinum
720 4664 806 4726 illum
826 4664 981 4726 Hennam
999 4666 1172 4728 Hermetem
1192 4671 1284 4727 vocet
1306 4663 1338 4725 in
1358 4663 1515 4742 Mortpro
