3809 5650
575 709 622 771 ΙΝ
650 709 898 774 HEGESIPPI
925 712 1224 776 FRAGMENTA.
1387 720 1451 779 233

349 897 457 938 vocem
469 876 606 959 positam
617 878 659 942 ab
669 878 808 941 Eusebio
820 879 911 942 rideo
923 879 955 941 in
969 880 1020 941 lib.
1031 879 1093 941 viii.
1106 881 1188 943 [liu.
1205 904 1231 944 c.
1240 901 1268 956 7.
1281 905 1312 967 p.
1322 903 1392 969 245.
1401 887 1450 949 cd.

349 977 504 1063 Reuding.
536 979 615 1042 Cum
631 979 680 1041 bis
691 980 807 1056 confer,
825 1003 895 1064 quae
911 980 998 1043 dell.
1011 981 1107 1044 Anna
1121 983 1324 1065 prophetissa
1339 993 1451 1049 narrat

348 1079 380 1141 S.
390 1079 493 1143 Lucus
502 1080 717 1164 inEeaopelio,
728 1082 775 1144 sal
785 1084 857 1161 αὕτη
867 1081 946 1164 χήρα
956 1083 994 1149 ὡς
1009 1084 1084 1145 ἑτῶν
1097 1084 1450 1166 ὀγδοηκοντατεσσάρων,

346 1179 432 1257 ἢούκ
457 1184 605 1262 ἀφίστατο
630 1181 689 1245 dud
706 1188 759 1245 τοῦ
774 1186 864 1263 ἱεροῦ,
881 1187 1031 1261 νηστείαις
1047 1184 1094 1246 καὶ
1114 1184 1237 1262 δεήσεσι
1260 1188 1450 1265 λατρεύουσα

348 1284 437 1346 νύκτα
453 1284 501 1346 καὶ
514 1283 637 1364 ἡμέραν.
658 1283 689 1346 ii.
704 1302 757 1366 37.

394 1385 428 1445 P.
447 1404 518 1467 ²09·
532 1384 552 1448 l.
569 1405 592 1446 ι.
616 1389 664 1447 διὰ
689 1385 723 1447 τὸ
750 1388 796 1449 ἀεὶ
819 1386 962 1464 κάμπτειν
989 1388 1037 1449 ἐπὶ
1059 1389 1145 1470 γόνυ]
1173 1388 1254 1453 Duae
1278 1399 1450 1475 postremae

346 1509 438 1549 voces
450 1487 568 1551 absunt
583 1508 603 1549 a
621 1486 728 1549 codiee
747 1487 863 1550 Fuket.
881 1491 930 1564 (et
944 1508 964 1549 a
980 1487 1070 1549 Bodl.
1092 1510 1146 1550 seu
1168 1489 1280 1570 Savil.)
1305 1499 1338 1556 et
1362 1495 1449 1577 apud

347 1589 568 1672 Nicephorum.
614 1587 735 1651 Verum
751 1589 783 1650 in
799 1588 906 1652 codice
923 1590 1008 1651 blaa.
1025 1611 1063 1652 ae
1081 1589 1168 1652 Med.
1185 1600 1274 1655 totus
1296 1593 1347 1656 bie
1362 1594 1451 1658 locus

346 1690 394 1753 ita
408 1690 534 1774 legitur,
550 1693 598 1752 διὰ
620 1691 653 1752 τὸ
674 1691 720 1753 ἀεὶ
737 1690 880 1769 κάμπτειν
897 1695 1122 1771 προσκυνοῦντα
1136 1693 1176 1774 τῷ
1196 1697 1253 1775 θεῷ
1269 1695 1306 1756 τὰ
1320 1696 1448 1774 γόνατα.

347 1791 514 1854 Vacemus.
547 1793 668 1855 Eadem
680 1799 771 1856 extat
786 1793 946 1876 scriptura
961 1792 993 1853 in
1008 1791 1303 1857 codd.1<'loreutinis.
1335 1796 1450 1860 Delere

346 1914 438 1955 voees
461 1894 509 1955 ἐπὶ
530 1896 603 1973 γόνυ
624 1915 664 1956 ex
679 1900 771 1956 textu
798 1915 855 1956 suo
876 1893 1023 1956 Burtono
1045 1893 1147 1955 visum
1162 1901 1222 1970 est,
1244 1916 1324 1977 quas
1339 1904 1449 1959 tamen

349 1993 467 2058 invenit
482 2008 572 2058 vetus
593 1994 749 2078 interpres
770 1994 913 2058 Rufinus.
960 1993 1062 2057 Paulo
1077 2004 1154 2057 ante
1169 2016 1228 2079 pro
1245 1996 1283 2061 ὣς
1299 1998 1450 2073 ἀπεσκλη-

348 2096 431 2159 κέναι
453 2097 630 2181 praestabat
650 2099 728 2158 ὥστε
749 2099 779 2158 d.
798 2095 973 2182 Hegesippi
993 2096 1179 2179 [decerptum
1203 2096 1294 2159 Bodl.
1320 2106 1353 2160 et
1376 2119 1449 2160 mox

346 2197 428 2260 inira
443 2202 562 2275 αἰτῆσαι
577 2219 635 2283 pro
652 2201 798 2261 αἰτεῖσθαι
815 2199 962 2281 Gouraios
977 2197 1144 2280 Spuecllus.

392 2300 475 2362 lbid.
492 2301 512 2362 l.
527 2320 557 2381 3.
582 2302 718 2362 ἐκαλεῖτο
742 2303 865 2365 Δίκαιος
888 2301 936 2362 καὶ
957 2299 1104 2382 Ὠβλίας]
1128 2300 1279 2362 Nicolaus
1301 2299 1450 2364 Fullerus

347 2398 379 2460 in
394 2399 447 2462 lib.
464 2398 506 2461 iii.
526 2399 801 2462 Miscellaneorum
818 2399 999 2474 Sacrorum,
1017 2399 1101 2463 hune
1122 2400 1224 2463 locum
1240 2401 1285 2463 sie
1300 2401 1450 2464 emendat

349 2505 484 2565 ἐκαλεῖτο
510 2503 619 2564 Σαδδὶκ
644 2502 691 2563 καὶ
705 2499 847 2579 Ὠζλιῖιμ,
870 2502 888 2561 ὅ
910 2502 996 2562 ἐστιν
1022 2503 1154 2576 Δίκαιος,
1182 2504 1229 2564 καὶ
1251 2502 1376 2583 περιοχὴ
1398 2506 1450 2562 τοῦ

347 2607 431 2665 λαοῦ.
459 2602 562 2682 Quum
578 2601 753 2665 doctissimi
769 2602 828 2664 viri
843 2602 1099 2665 emendationem
1113 2602 1250 2666 libenter
1264 2604 1449 2687 amplector.

349 2703 469 2765 Tamen
497 2725 568 2765 eum
594 2701 792 2786 Epiphanius
815 2702 848 2764 in
872 2702 986 2765 haeresi
1013 2704 1064 2783 78.
1087 2710 1120 2767 et
1140 2703 1253 2766 Jovius
1270 2704 1450 2768 Monachus

352 2827 446 2890 quem
471 2804 565 2888 vulgo
591 2803 674 2867 male
696 2802 719 2866 J
722 2802 830 2867 obium
852 2811 979 2879 vocant,
1007 2804 1167 2868 Jacobum
1182 2805 1310 2869 Obliam
1330 2804 1451 2869 dictum

348 2931 416 2971 csso
441 2914 610 2982 testentur,
637 2906 805 2969 retinenda
829 2912 880 2969 est
908 2906 1047 2991 vulgaris
1070 2908 1185 2983 lecti03
1217 2908 1354 2972 maxime
1378 2930 1450 2971 eum

349 3009 481 3092 Ophlias
507 3009 670 3071 Hebraico
695 3029 802 3071 arcem
827 3007 933 3091 populi
959 3007 1126 3092 significet.
1171 3008 1233 3072 Sed
1258 3018 1292 3073 et
1317 3009 1451 3072 Rufinus

348 3119 445 3193 utque
456 3109 653 3193 Nioeplrorus
663 3109 825 3193 vulgatam
840 3107 1006 3172 lectionem
1023 3116 1164 3173 tuentur.
1182 3109 1345 3171 Vsnmrus.
1370 3111 1450 3172 Con·

348 3210 540 3274 vcnientiam
549 3210 634 3273 voeis
645 3210 761 3286 ὠβλίας
769 3209 997 3293 propugnaculi
1005 3210 1117 3294 populi
1133 3232 1204 3273 oum
1216 3210 1318 3273 alteru
1331 3211 1452 3275 Δίκαιος

350 3312 491 3376 ostendit
506 3311 633 3374 Samuel
650 3310 827 3394 Basnagius
844 3312 880 3372 V.
902 3311 939 3373 Ι).
961 3310 993 3372 in
1009 3311 1183 3374 Annalibus
1198 3309 1451 3374 Politice-Eccle-

346 3415 431 3477 κίοσι.
458 3414 499 3477 ad
524 3436 576 3476 an.
599 3413 718 3477 Christi
746 3433 799 3497 33.
826 3435 911 3476 unm.
933 3415 1000 3496 185.
1026 3436 1056 3497 p.
1073 3433 1147 3497 430.
1174 3413 1348 3499 Hegesippi
1380 3433 1451 3475 nar·

349 3517 465 3580 rationi
484 3516 624 3601 alioquin
646 3516 794 3579 infensus.
840 3515 960 3579 Confer
983 3515 1102 3579 Suiceri
1127 3516 1207 3579 Tua.
1224 3517 1307 3580 Eccl.
1321 3538 1348 3578 v.
1362 3538 1398 3578 11.
1420 3538 1450 3600 p.

355 3640 361 3678 ι
370 3636 445 3702 593.
484 3619 534 3681 De
550 3618 676 3680 nomine
689 3618 776 3680 Just
782 3620 803 3680 J
807 3618 907 3681 aeobo
922 3618 1072 3702 imposito
1088 3640 1159 3680 eum
1176 3617 1360 3702 Hegesippo
1376 3639 1451 3680 eon-

352 3719 451 3782 sentit
473 3720 618 3783 Clemens
642 3718 735 3781 Alex.
756 3719 789 3781 in
807 3719 882 3782 libb.
898 3728 991 3782 sexto
1012 3727 1045 3782 et
1068 3719 1204 3803 septimo
1218 3720 1452 3802 protpposeou

348 3821 433 3902 apud
450 3819 566 3882 Euseb.
585 3818 638 3881 lib.
655 3818 687 3881 ii.
698 3819 781 3882 Hist.
797 3841 865 3902 cup.
881 3840 907 3881 1.
954 3819 1059 3882 Taceo
1074 3820 1114 3882 de
1135 3819 1285 3902 Josopbo,
1303 3817 1452 3902 quonium

349 3920 445 3982 vcrba
460 3920 528 4002 ejus
543 3919 604 3983 huc
616 3920 809 4002 pertinentia
824 3920 865 3983 ab
877 3920 1015 4004 Origene
1034 3920 1170 4003 primsun
1192 3926 1452 3991 commemorota,

349 4019 381 4079 in
397 4020 558 4082 codicibus
572 4022 595 4081 J
597 4020 706 4102 csephi
718 4020 812 4082 hodie
828 4041 891 4082 non
906 4027 1029 4083 extent.
1070 4019 1124 4082 lta
1139 4040 1213 4081 vero
1226 4018 1452 4098 Hieronymus,

349 4143 411 4183 non
422 4119 522 4182 solum
532 4127 693 4182 auctorem
704 4118 836 4193 habens,
845 4120 1022 4193 utvidetur,
1035 4118 1264 4204 Hegesippnm,
1275 4117 1294 4178 l.
1304 4117 1324 4178 i.
1338 4118 1450 4179 Cornua.

350 4222 397 4283 sni
414 4222 447 4283 ie
463 4222 523 4304 Ep.
539 4220 584 4282 od
600 4219 749 4282 Galatas.-
772 4219 837 4281 Hic
853 4230 955 4283 aulem
967 4219 1100 4283 Jacobus
1114 4220 1266 4303 epiecopus
1278 4217 1451 4298 Hierosoly-

350 4344 466 4384 morum
474 4325 597 4405 ρήυιυο
604 4320 684 4403 seit,
700 4329 910 4404 cognomento
924 4319 947 4382 J
950 4330 1061 4393 ustus;
1084 4320 1131 4382 vir
1153 4327 1254 4382 tantae
1269 4319 1452 4382 sanctitatis

350 4430 383 4485 ct
406 4422 541 4485 rumoris
565 4422 598 4484 in
623 4420 749 4506 populo,
766 4428 803 4484 ut
825 4420 982 4483 fimbriam
1003 4420 1184 4484 vestimenti
1214 4419 1282 4502 ejus
1304 4420 1452 4482 certatim

350 4530 502 4606 cuperent
513 4522 681 4607 attingere.
729 4522 789 4599 Qui
804 4521 906 4605 etipse
919 4522 1072 4607 pectendo
1087 4520 1191 4604 tennala
1201 4519 1359 4584 cladaeic
1366 4541 1452 4603 prea-

350 4624 508 4705 cipitatus,
522 4645 712 4687 succemoronr
734 4621 838 4685 doluit
853 4623 1039 4704 symeonem,
1054 4644 1140 4707 quem
1160 4632 1187 4685 ct
1212 4623 1312 4706 ιῗμςυυι
1326 4621 1452 4683 trudunt

346 4746 408 4808 pro
436 4723 567 4788 Domiuo
596 4726 783 4807 mmssaum,
821 4723 875 4788 lol.
898 4742 950 4806 97.
976 4725 1025 4788 ed.
1055 4723 1214 4788 Frobenii.
1273 4722 1388 4786 Tradit
1416 4731 1449 4785 et

396 4846 462 4887 voa.
481 4849 500 4887 1.
863 4847 884 4885 n
901 4823 923 4885 h
