3809 5650
499 682 563 743 400
872 679 1225 744 ANNOTATIONES

500 856 519 884 “
536 849 633 910 Rana
649 847 766 910 Herma
782 849 966 931 concerpsit,
976 848 1089 910 saaca
1103 847 1247 910 cathedra
1263 848 1459 912 caballone
1473 851 1609 916 cccleriae

499 948 591 1011 “Pio
602 947 955 1033 epiecopo,sratrccy'ae.''
980 947 1060 1010 Haec
1074 947 1281 1011 Moshemius.
1306 950 1423 1032 Itaque
1434 958 1492 1015 aut
1502 973 1609 1036 prope

497 1048 608 1111 abesse
624 1048 749 1112 videtur
760 1051 886 1111 Auctor
900 1069 921 1112 a
936 1048 1039 1111 medio
1055 1049 1170 1113 saeculo
1185 1050 1336 1125 secundo,
1348 1050 1475 1132 quando
1489 1052 1533 1114 ad
1550 1074 1608 1115 ox-

498 1149 580 1213 itum
594 1149 721 1233 quidem
734 1151 907 1233 perductus
922 1149 1027 1214 suerat
1040 1149 1090 1212 Pii
1106 1149 1306 1234 episcopatus
1318 1175 1327 1224 ;
1354 1157 1411 1214 aut
1426 1157 1513 1215 certo
1530 1174 1607 1215 eon-

497 1257 651 1316 stateem
666 1259 742 1316 ante
757 1252 882 1315 finitum
898 1253 1048 1316 saeculum
1063 1273 1121 1315 sua
1136 1251 1306 1335 scripsisse,
1323 1249 1449 1314 etiamsi
1469 1252 1510 1315 de
1526 1275 1606 1318 vera

496 1359 595 1417 aetate
610 1353 750 1436 opusculi
767 1354 906 1417 Pastoris
919 1352 1071 1436 appellati
1087 1352 1181 1416 aliter
1197 1372 1292 1434 quam
1313 1351 1373 1415 iste
1394 1351 1515 1428 retulit,
1531 1366 1603 1418 sta·

497 1460 619 1518 tuatur.
664 1453 726 1530 Qui
740 1475 814 1517 vero
829 1453 949 1516 factum
965 1452 1016 1527 sit,
1034 1460 1070 1515 ut
1091 1452 1130 1515 cl.
1148 1453 1303 1516 Lardneri
1324 1451 1521 1536 diligentiam
1541 1454 1604 1519 hoc

499 1555 737 1639 Fragmentum,
764 1576 786 1617 a
811 1554 935 1617 nemine
960 1553 1111 1630 omnium,
1134 1554 1168 1616 ni
1191 1553 1292 1630 fallor,
1316 1554 1520 1639 repudiatum
1543 1563 1605 1620 aut

497 1655 721 1740 improbatum,
738 1655 892 1739 effugerit,
913 1655 948 1723 id
970 1655 1090 1718 nescire
1112 1676 1162 1719 me
1184 1655 1297 1732 fateor,
1320 1675 1416 1739 quum
1437 1655 1491 1718 diu
1509 1664 1604 1720 ante·

495 1777 592 1842 quam
618 1755 694 1819 illud
719 1757 758 1819 de
780 1756 863 1820 Fide
884 1756 967 1819 Hier.
990 1756 1185 1840 anapclicoe
1208 1755 1301 1841 plane
1331 1756 1492 1841 egregium
1518 1778 1601 1841 opus

496 1858 599 1921 denuo
614 1856 700 1940 typis
713 1859 755 1920 ab
770 1856 839 1940 ipso
856 1857 1020 1920 Lardnero
1035 1857 1252 1933 mandaretur,
1265 1856 1369 1942 ipsum
1383 1856 1600 1939 fragmentum

495 1980 567 2024 oum
582 1959 659 2022 orbe
672 1958 798 2023 erudito
813 1958 1080 2022 communicatum
1098 1958 1218 2021 suimet.
1264 1958 1368 2038 Quum
1384 1979 1460 2021 vero
1481 1979 1600 2042 ponen-

495 2060 555 2123 dus
570 2060 612 2123 sit
626 2066 740 2123 auctor
753 2060 822 2142 ejus
837 2060 921 2123 inter
932 2060 1115 2144 scriptores,
1127 2059 1181 2144 qui
1196 2059 1289 2144 primi
1301 2059 1453 2134 omnium,
1464 2067 1600 2143 excepto

496 2161 607 2243 Papia,
623 2162 664 2223 de
678 2160 880 2245 evangelistis
895 2161 971 2245 ipsis
986 2162 1034 2224 vel
1049 2159 1375 2236 commemoraverint,
1391 2159 1440 2222 vel
1458 2159 1600 2243 ipsorum

494 2261 614 2345 scripta
635 2260 769 2344 adjectis
788 2261 968 2324 nominibus
990 2261 1193 2345 protulerint,
1211 2260 1280 2324 fieri
1301 2281 1365 2324 non
1387 2267 1505 2345 potest,
1523 2260 1599 2343 quin

494 2361 614 2445 primus
632 2361 683 2425 hic
704 2360 857 2424 librorum
872 2361 954 2425 Novi
970 2361 1168 2426 Testamenti
1189 2361 1354 2447 catalogus
1375 2361 1459 2424 curis
1480 2361 1599 2424 nostris

494 2461 608 2545 dignm
633 2467 809 2525 censeatur.
855 2462 916 2526 Est
941 2468 1050 2525 tamen
1076 2462 1108 2523 in
1134 2483 1172 2525 eo
1198 2462 1324 2539 omissa,
1348 2462 1433 2545 quod
1463 2461 1598 2525 multam

493 2569 620 2627 moveat
642 2563 897 2640 admirationem,
912 2563 1049 2647 epistola
1068 2567 1101 2625 et
1122 2583 1246 2645 semper
1265 2569 1299 2626 et
1318 2562 1361 2626 ab
1382 2561 1529 2625 omnibus
1548 2583 1597 2625 re

493 2671 597 2747 cepta,
611 2663 698 2748 prior
719 2664 773 2727 illa
795 2664 828 2727 S.
847 2663 948 2740 Petri,
970 2663 1009 2726 de
1031 2662 1121 2745 cujus
1143 2662 1337 2726 auctoritato
1358 2683 1451 2726 nemo
1474 2684 1494 2725 a
1517 2668 1597 2726 tem·

492 2765 622 2850 poribus
637 2785 735 2849 usque
751 2764 919 2849 Polycarpi
934 2768 1032 2847 atque
1043 2761 1153 2846 Papiae
1165 2762 1333 2827 dubitavit.
1368 2762 1499 2847 Isteque
1510 2763 1598 2829 lacta

490 2873 542 2931 est
554 2866 680 2930 omissio
689 2864 731 2929 ab
743 2870 884 2941 auctore,
897 2864 952 2948 qui
961 2870 1084 2927 ceteras
1095 2864 1270 2947 scripturas
1280 2867 1333 2929 τὰς
1341 2863 1593 2945 ὁμολογουμένας,

492 2973 621 3051 tresque
646 2989 687 3030 ex
713 2973 835 3051 septem
861 2964 1114 3045 ἀντιλεγομέναις,
1137 2965 1278 3049 agnovit,
1303 2964 1380 3028 dum
1404 2964 1525 3028 nullum
1550 2965 1597 3028 in-

492 3074 582 3132 terea
603 3067 719 3131 librum
742 3070 842 3139 νόθον,
863 3087 927 3137 uno
947 3066 1085 3129 fortasse
1107 3073 1251 3150 excepto,
1274 3067 1308 3129 in
1334 3087 1487 3130 canonem
1513 3066 1596 3131 Novi

491 3168 695 3234 Testamenti
709 3169 849 3233 admisit.

535 3270 612 3335 Jam
637 3292 710 3334 vero
740 3270 818 3333 illud
842 3269 1034 3332 mouendum
1056 3276 1115 3345 est,
1144 3270 1229 3353 quod
1257 3280 1331 3352 post
1356 3269 1460 3333 editas
1490 3268 1595 3352 prima

492 3371 559 3434 vice
580 3370 675 3434 hasce
695 3368 857 3454 Reliquias
878 3370 956 3433 mihi
979 3370 1113 3455 contigit
1132 3371 1256 3447 rescire,
1277 3369 1437 3435 Simonem
1458 3371 1498 3433 de
1518 3370 1593 3435 Ma-

490 3469 610 3554 gistris,
633 3470 735 3533 virum
757 3470 795 3533 ol.
820 3470 873 3554 qui
899 3473 1014 3535 Romoe
1035 3492 1120 3535 anno
1143 3486 1225 3552 1772
1247 3470 1408 3534 Danielem
1430 3470 1595 3535 remearem

492 3571 610 3633 LXX.
632 3593 672 3634 ex
694 3570 801 3635 codiee
821 3570 972 3635 Ohisiano
992 3572 1108 3657 publici
1125 3572 1207 3655 juris
1226 3571 1313 3648 feeit,
1330 3572 1364 3634 in
1383 3570 1594 3636 Dissertatio·

490 3672 584 3736 nibus
607 3672 672 3736 suis
696 3672 725 3736 ei
747 3672 861 3749 affixis,
884 3672 1113 3757 Fragmentum
1135 3674 1196 3737 hoe
1216 3673 1477 3738 Muratorianum
1498 3673 1594 3738 collo-

490 3795 597 3850 oasse;
613 3774 689 3837 dum
703 3772 736 3837 id
749 3773 858 3859 Papiae
874 3773 1120 3857 Hierapolitano
1130 3774 1289 3838 vindicare
1303 3795 1362 3858 pro
1373 3773 1456 3838 virili
1471 3775 1592 3839 studet.

490 3876 567 3940 “Ab
578 3876 716 3953 amieis,”
727 3874 830 3959 inquit
845 3875 906 3953 ille,
920 3874 1124 3939 “Salomonis
1135 3874 1298 3939 conditum
1309 3875 1405 3939 luisse
1418 3875 1592 3961 Sapientiae

488 3985 512 4017 “
527 3977 644 4042 librum
658 3976 893 4041 vetustissimus
906 3982 1002 4040 autor
1015 3976 1215 4041 Christianus
1230 3976 1382 4060 prodidit,
1398 3976 1488 4061 eujus
1507 3977 1592 4062 frag-

490 4086 510 4116 “
525 4086 668 4142 mentum
689 4101 728 4142 ex
744 4078 945 4141 Bibliotheca
960 4077 1175 4142 Ambrosiana
1190 4077 1223 4141 in
1238 4076 1486 4161 Antiquitatilae
1498 4078 1594 4142 aare

490 4187 510 4217 “
525 4180 593 4257 oeei,
608 4187 818 4264 posteaquam
838 4179 964 4263 privato
982 4178 1088 4243 studio
1107 4179 1385 4264 descripseramus,
1402 4178 1519 4242 iterum
1540 4186 1592 4242 est

488 4289 509 4319 “
524 4280 558 4344 in
568 4279 752 4345 Bibliotheca
767 4281 902 4343 Petram
919 4280 1031 4344 Veneta
1046 4280 1231 4345 exhibitum.
1277 4280 1325 4345 At
1336 4280 1430 4365 longe
1440 4300 1461 4343 a
1476 4280 1590 4343 Mure*

489 4386 509 4415 ‘⁸
524 4381 608 4444 torio
623 4380 745 4445 editore
760 4379 928 4457 distamus,
944 4381 1087 4463 quamvis
1102 4380 1200 4465 ipsius
1211 4380 1366 4464 judicium
1382 4378 1437 4444 alii
1457 4378 1522 4443 sint
1542 4400 1590 4443 se-

489 4487 509 4516 “
524 4482 599 4544 cuti.
644 4482 725 4546 Caio
740 4482 824 4545 enim
838 4481 1032 4565 Presbytero
1046 4482 1259 4567 fragmentum
1274 4481 1339 4568 ipse
1354 4479 1479 4555 tribuit,
1496 4481 1589 4563 quasi

489 4587 508 4616 “
523 4601 597 4644 vero
617 4582 703 4646 istud
719 4582 838 4646 Latine
859 4582 956 4646 fuerit
976 4582 1018 4647 ab
1041 4590 1154 4648 autore
1175 4583 1400 4668 conscriptum,
1414 4587 1472 4645 aut
1492 4581 1589 4646 Gaius

487 4686 508 4716 ‘⁶
522 4681 633 4744 eodem
652 4702 797 4746 sermone
815 4704 873 4747 sua
893 4683 1012 4766 scripta
1034 4683 1188 4760 ediderit3
1212 4705 1345 4768 quorum
1367 4688 1516 4747 neutrum
1538 4689 1590 4746 est
