3809 5650
398 693 464 754 :358
760 693 1141 758 ANNOTATIONES

401 861 483 924 Mihi
498 867 605 925 tumen
619 861 720 947 magis
731 862 852 927 arridet
862 862 969 927 Rufini
984 863 1096 927 versio.
1109 867 1267 944 ἐπιστῆσαι
1279 867 1363 930 enim
1377 871 1511 954 proprie

399 971 449 1026 ost
464 962 576 1027 sistere
591 986 698 1028 eorum
707 964 824 1048 judioe‚
837 967 922 1050 quod
937 966 1035 1030 etium
1046 970 1238 1047 παραστῆσαι
1249 967 1376 1032 dieitur.
1401 970 1510 1035 Vnus-

398 1088 474 1129 srus.
529 1065 640 1130 Habet
670 1067 886 1146 ἑπιστήσαντος
915 1068 1005 1131 αὐτοῦ
1033 1072 1085 1131 τοῦ
1113 1069 1162 1147 ἠγ.
1196 1070 1273 1133 MS.
1307 1071 1443 1155 Norsolc.
1475 1083 1511 1139 et

399 1168 542 1253 proxime
564 1175 637 1251 post
654 1171 697 1236 τίς
720 1173 764 1247 εἴη
787 1191 845 1254 pro
860 1172 892 1236 ὅς
910 1196 955 1236 τις
977 1174 1021 1249 εἴη
1043 1170 1122 1234 idem
1137 1170 1227 1235 οοιίοτ
1249 1173 1508 1261 Βοιίἰοίουυιῳυσ.

399 1270 505 1334 Addit
519 1273 624 1336 MSS.
640 1272 830 1335 Florentium
846 1273 1018 1335 Burtonus.

444 1373 483 1436 P.
494 1392 568 1456 314.
583 1373 604 1436 1.
621 1390 670 1455 17.
693 1378 768 1452 μετὰ
784 1375 832 1436 καὶ
851 1379 903 1435 τοῦ
917 1373 1077 1457 Ἀττάλου]
1095 1378 1166 1452 Τοῦ,
1184 1374 1269 1459 quod
1287 1376 1450 1442 addidisse
1465 1401 1507 1443 ex

401 1474 532 1538 MSStis
549 1474 614 1538 suis
636 1474 783 1538 Valesius
805 1475 941 1551 videtur,
966 1475 1127 1539 Strothius
1147 1482 1239 1540 textu
1260 1499 1318 1540 suo
1335 1480 1505 1563 expunxit.

402 1577 464 1640 Sed
479 1599 550 1640 oum
566 1576 696 1641 Valesio
710 1577 831 1640 faciunt
851 1576 965 1641 MSSti
980 1599 1088 1641 ornnes
1107 1600 1190 1641 nuno
1206 1578 1312 1642 colluti
1332 1581 1428 1665 Ιίορίο
1447 1605 1505 1645 ex·

399 1685 503 1762 cepto,
518 1686 551 1742 et
566 1679 599 1742 iu
615 1679 706 1742 Βοιίἰ.
722 1679 859 1763 positum
875 1685 933 1755 est,
949 1682 1022 1757 μετὸ
1039 1680 1087 1742 καὶ
1102 1683 1139 1742 τὰ
1157 1684 1209 1742 τοῦ
1225 1679 1382 1759 Ἀττάλου,
1399 1685 1454 1748 ubi
1470 1691 1506 1748 et

399 1789 473 1863 post
493 1780 560 1844 haeo
582 1779 698 1865 legitur
713 1781 762 1843 καί
782 1784 822 1864 τῷ
844 1783 935 1863 ὄχλῳ.
981 1780 1071 1842 Infra
1091 1781 1190 1844 hebes
1209 1781 1264 1844 lin.
1279 1802 1291 1845 r
1296 1799 1326 1866 5.
1342 1804 1415 1869 pag.
1426 1805 1465 1868 3¹
1471 1803 1503 1870 5.

400 1883 597 1960 εἰσεκομίζετο
611 1886 686 1961 μετὰ
701 1883 749 1944 καί
766 1886 924 1944 Ποντικοῦ.

444 1983 482 2046 Ρ.
493 2002 569 2066 315.
585 1982 605 2046 l.
617 2004 648 2060 4.
669 1985 837 2065 retexatur
853 1984 1012 2067 ἑτύθησαν]
1035 1983 1158 2047 Eodem
1177 1985 1273 2049 verbo
1293 1987 1438 2070 superius
1453 1988 1504 2052 usi

399 2092 474 2147 sunt
502 2084 737 2169 Lugdunenses,
760 2085 812 2147 ubi
839 2085 878 2147 de
905 2083 1032 2163 Sancto,
1061 2087 1192 2151 Maturo
1215 2094 1249 2151 et
1275 2087 1435 2153 Blaudino
1458 2090 1503 2153 Ιο-

400 2193 550 2270 quuntur.
595 2187 646 2248 Ao
670 2185 803 2249 Rufinus
826 2187 952 2269 quidem
978 2187 1037 2251 hoo
1058 2188 1127 2251 loeo
1149 2188 1245 2253 vertit
1261 2189 1400 2274 janitori
1422 2201 1502 2255 sunt.

401 2288 646 2352 Musouluscoesi
655 2298 733 2351 sunt.
764 2289 1070 2371 Christophorsonus
1078 2290 1183 2374 plodio
1188 2292 1361 2373 ferimttur.
1392 2291 1502 2356 Rufini

399 2389 575 2452 versionem
595 2391 759 2453 confimat
774 2390 960 2455 Tertulliani
980 2391 1068 2455 locus
1088 2393 1120 2455 iu
1137 2392 1346 2477 Apologetioo
1363 2413 1432 2476 oop.
1445 2413 1501 2477 30.

398 2493 457 2557 Sto
469 2493 570 2577 ι’ἰαῳυι
583 2515 635 2556 nos
648 2493 692 2556 ad
705 2494 806 2556 Deum
820 2515 962 2577 ουραυοοο
981 2493 1101 2579 eupolis
1111 2495 1250 2578 fodiant,
1266 2515 1364 2557 eruces
1377 2516 1501 2578 ουορον·

398 2596 483 2672 dant,
499 2596 581 2678 ι’ρυοο
596 2594 737 2672 tumbata,
750 2595 853 2680 ρίαιίἱί
862 2605 989 2680 ρυθτυνο
1003 2595 1184 2659 ιίοθιυυσονιν.
1219 2595 1289 2680 Ego
1305 2616 1378 2658 vero
1391 2595 1502 2658 malim

400 2707 523 2763 vertere
543 2697 647 2783 ρίοιίἰο
668 2699 794 2782 confossi
818 2707 894 2761 sunt.
942 2699 1019 2760 Mos
1042 2697 1126 2761 enim
1151 2705 1230 2775 erat,
1254 2705 1291 2761 ut
1313 2697 1456 2762 bestiarii
1480 2721 1502 2762 s

398 2800 577 2866 confectore
591 2799 837 2875 trucidarentur,
850 2799 1114 2883 quemadmodum
1130 2799 1237 2864 notavi
1253 2821 1349 2885 supro
1360 2799 1401 2863 ud
1417 2820 1500 2864 mar·

398 2905 516 2989 tyrium
531 2903 708 2987 Polyoarpi.
739 2901 895 2965 Eusebius
910 2902 942 2965 in
957 2902 1038 2965 libro
1053 2903 1093 2965 de
1107 2902 1301 2987 martyribus
1317 2901 1500 2967 Pulaestinae

398 3029 467 3091 cap.
483 3027 533 3069 11.
557 3006 597 3069 de
620 3004 787 3068 Hadriano
809 3012 950 3088 martyre
971 3004 1113 3088 loquens,
1130 3004 1183 3088 qui
1205 3004 1248 3067 sd
1270 3003 1389 3067 bestias
1409 3003 1500 3067 dam·

398 3118 493 3174 natus
512 3110 628 3187 iuerat,
648 3108 752 3172 λέοντι
771 3110 985 3190 παραβληθείς,
1012 3111 1059 3172 καί
1082 3112 1157 3187 μετὰ
1179 3114 1285 3171 τοῦτον
1306 3106 1389 3188 ξίφει
1411 3134 1500 3171 κατο-

398 3214 536 3293 σφαγείς,
553 3214 720 3288 ἐτελειώθη.
737 3219 770 3273 et
784 3210 879 3295 paulo
900 3217 974 3295 post
989 3210 1028 3273 de
1044 3209 1170 3273 Eubulo
1190 3209 1330 3273 scribens
1344 3230 1499 3273 eommur-

398 3321 479 3397 tyre‚
494 3317 569 3392 μετὰ
588 3316 656 3380 τοὺς
675 3317 766 3393 θῆρας
788 3315 893 3392 ὁμοίως
915 3317 955 3396 τῷ
977 3312 1109 3395 προτέρῳ
1132 3316 1209 3390 θῦμα
1230 3312 1400 3392 γενόμενος.
1445 3310 1500 3375 Ex

398 3414 512 3497 quibus
527 3414 629 3478 verbis
649 3415 742 3498 plane
762 3416 936 3493 conficitur,
953 3418 1100 3493 ἐτύθησαν
1121 3415 1205 3478 idem
1224 3414 1394 3499 essequod
1414 3442 1499 3479 κατε-

399 3513 574 3593 σφάγησαν.
618 3514 670 3576 Sio
690 3514 723 3576 in
743 3515 836 3580 Aetis
858 3515 1021 3580 Passionis
1042 3516 1187 3587 Toruehi
1207 3515 1302 3579 Probi
1318 3523 1351 3581 et
1373 3516 1499 3581 Andro·

399 3614 458 3677 nioi
469 3616 727 3679 t—Mar‘imus
744 3626 843 3680 autem
861 3619 913 3681 ira
931 3618 1059 3703 repletus
1076 3619 1193 3681 uocauit
1215 3618 1430 3681 Terentianum
1446 3639 1497 3681 κα-

397 3718 553 3794 cerdotem,
568 3718 696 3801 etjussit
707 3718 892 3802 ρίοιίἰαθοτοκ
905 3720 1068 3796 introduci,
1084 3729 1119 3782 ut
1139 3728 1253 3782 sanctos
1267 3719 1330 3782 Dei
1349 3729 1500 3803 martyres

397 3821 602 3903 interficerent.
647 3821 763 3884 Statim
781 3831 968 3905 proeceptmn
992 3820 1132 3884 Maximi
1156 3821 1309 3905 inpletum
1333 3829 1382 3884 est.
1422 3822 1499 3884 Gon·

396 3925 509 4008 sumpti
528 3933 626 3987 autem
644 3934 714 3987 suut
729 3922 842 4007 ρίοιίἰο.
887 3923 938 3986 lta
960 3924 1060 3986 codex
1080 3922 1284 4007 manusoript.
1306 3944 1400 4007 quem
1423 3923 1497 3986 vidi.

397 4029 485 4091 Auta
499 4049 573 4091 vero
589 4028 703 4091 Graeca
717 4026 761 4090 sio
776 4026 914 4089 habent:
934 4027 1012 4089 Τότε
1028 4027 1080 4088 οὖν
1097 4025 1306 4107 ἀγανακτήσας
1321 4027 1337 4087 ὁ
1350 4024 1497 4103 Μάξιμος,

399 4131 446 4193 καὶ
466 4129 518 4192 τὸν
538 4128 736 4208 Τερεντιανὸν
757 4127 978 4206 αἰτιασάμενος,
995 4128 1137 4191 ἐκέλευσε
1160 4127 1403 4210 μαχαιροφόρους
1417 4128 1501 4192 τινὰς

397 4236 456 4293 τῶν
481 4233 645 4309 λονδαρίων
673 4231 832 4300 εἰσελθεῖν,
859 4229 906 4291 καὶ
932 4229 1153 4309 κατασφάττειν
1178 4230 1245 4295 τοὺς
1271 4229 1373 4308 ἁγίους
1400 4229 1434 4290 ἐν
1459 4231 1501 4313 τῷ

398 4330 521 4415 θεάτρῳ.
552 4331 683 4411 (Confer
698 4330 845 4394 Ruinurt.
860 4334 944 4394 Acta
956 4332 1057 4394 Mart.
1073 4354 1104 4415 p.
1115 4334 1203 4412 446.)
1237 4330 1282 4394 Et
1296 4330 1329 4393 in
1345 4330 1499 4393 Pessione

398 4431 456 4495 SS.
481 4433 649 4516 Perpetuae
671 4438 704 4495 et
734 4431 911 4495 Felicitatis
936 4431 984 4494 itu
1009 4431 1161 4517 seriptum
1185 4438 1254 4495 est:
1285 4429 1408 4493 Estote
1421 4431 1498 4514 jam

397 4533 544 4596 ουοιιίυιὶι
562 4534 768 4618 prosternitur
789 4556 856 4597 eum
877 4535 994 4597 certeris
1015 4535 1061 4597 ad
1076 4534 1295 4619 ρὐριιίοθίοιισιυ
1316 4531 1402 4595 solito
1426 4529 1496 4593 boo.

398 4632 443 4695 Et
458 4634 551 4716 poulo
566 4642 656 4717 post:
683 4636 795 4698 Ooeteri
808 4635 929 4719 quidem
943 4635 1104 4699 inmobiles
1118 4646 1144 4699 ot
1158 4656 1226 4699 oum
1243 4633 1359 4697 ributio
1370 4634 1496 4716 ferrum

396 4744 577 4817 receperunt.
622 4736 777 4818 Perpetuo
790 4757 859 4799 οοτο
872 4746 906 4799 ut
920 4737 1043 4821 aliqu-id
1055 4738 1166 4800 doloris
1177 4745 1321 4821 portaret,
1336 4734 1416 4797 iuter
1429 4753 1495 4795 osso
