3809 5650
483 688 543 750 lle
829 683 831 686 ’
850 685 1205 752 ANNOTATIONES

484 858 593 941 itaque
616 860 739 923 κτίσεως
762 871 798 921 ut
822 858 974 921 veriorem
997 859 1164 921 lectionem
1188 858 1281 920 edidi.
1329 858 1482 941 Idemque
1505 875 1590 916 nunc

487 958 597 1021 fecisse
607 959 754 1022 videntur
765 959 796 1021 in
809 959 1002 1023 editionibus
1011 959 1076 1022 suis
1085 958 1310 1023 Zimmermau.
1319 965 1352 1023 et
1360 958 1589 1031 Heiniehenua‚

488 1081 559 1122 curn
592 1061 748 1135 Burteno,
778 1061 832 1144 qui
862 1061 989 1144 quidem
1020 1060 1144 1122 codices
1173 1061 1351 1123 consentire
1382 1061 1468 1123 Mod.
1498 1061 1588 1121 Mac.

489 1161 595 1223 aaa.
610 1167 750 1224 testatus
769 1167 828 1225 est.
874 1160 1003 1224 Interea
1018 1161 1070 1223 vix
1092 1182 1271 1245 quenquam
1286 1162 1406 1225 moneri
1427 1182 1506 1244 opus
1527 1167 1589 1233 est,

490 1261 655 1325 Melitenis
670 1265 844 1342 ἀρθοδοξίον
859 1262 899 1326 de
914 1262 986 1325 Filii
1002 1262 1063 1325 Dei
1078 1270 1195 1326 natura
1210 1265 1290 1327 satis
1305 1264 1387 1328 tueri
1409 1263 1589 1345 fragmenta

489 1384 559 1447 quae
580 1373 760 1446 supersunt,
776 1370 813 1427 ut
832 1364 1051 1428 testimenium
1071 1364 1219 1427 omittam
1243 1365 1283 1427 ‹le
1307 1365 1366 1427 bac
1391 1387 1425 1427 re
1448 1363 1590 1426 auctoris

488 1474 593 1536 Parvi
619 1471 803 1555 Labyrinlli
827 1474 913 1557 apud
940 1472 1113 1536 Eusebium
1139 1472 1191 1534 lib.
1217 1496 1245 1536 v.
1269 1474 1355 1536 Hiar.
1378 1495 1407 1535 c.
1431 1470 1480 1535 28.
1504 1472 1590 1554 qued

489 1595 586 1658 supra
600 1574 749 1638 collocavi
763 1595 836 1658 pag.
857 1593 926 1655 125.

534 1678 572 1739 P.
593 1696 660 1739 120.
676 1676 696 1738 l.
714 1695 764 1752 24.
779 1677 872 1756 λόγος
887 1676 979 1737 αὐτοῦ
991 1676 1058 1754 περὶ
1072 1677 1265 1758 προφητείας]
1286 1673 1420 1737 Rufinus
1434 1674 1502 1738 b‘ec
1517 1696 1589 1737 eum

489 1776 592 1839 serbis
603 1776 817 1860 superioribus
828 1775 993 1860 conjunxit
1005 1775 1064 1839 hec
1077 1777 1188 1839 medo:
1205 1776 1255 1839 Dc
1264 1776 1326 1838 fide
1338 1784 1371 1838 et
1384 1776 1589 1859 generatione

489 1879 607 1942 (lhristi
623 1885 657 1941 et
671 1878 711 1940 de
725 1878 894 1961 prophetia
908 1877 987 1961 ejus,
1004 1879 1053 1941 eui
1065 1886 1172 1941 tamen
1185 1898 1249 1940 nen
1261 1877 1426 1939 assentior.
1457 1877 1590 1940 Rectius

489 1979 703 2062 Hieronymus
717 1979 749 2041 in
764 1978 846 2041 libre
860 1979 904 2041 de
915 1979 1124 2063 scriptoribus
1140 1976 1370 2041 Ecclesiastieis
1386 1978 1469 2039 hunc
1486 1978 1590 2040 lecum

488 2082 535 2145 ita
551 2081 654 2144 vertit.
703 2081 779 2141 Itan
793 2080 831 2142 da
839 2079 1002 2163 prephetia
1019 2102 1076 2142 ςιια
1095 2078 1206 2141 liberm
1227 2100 1330 2141 anam.
1376 2080 1473 2140 Certe
1498 2079 1589 2140 Meli·

488 2189 597 2243 tenam
605 2179 990 2264 propbetamaplerisque
999 2181 1145 2243 habitum
1154 2181 1250 2243 fuisse
1261 2180 1354 2242 docet
1364 2179 1588 2241 Tertullianus.

491 2281 706 2363 Hieronymus
728 2281 761 2341 in
786 2280 952 2353 Melitene,
975 2280 1089 2364 Hujus,
1114 2280 1228 2363 inquit,
1251 2280 1369 2362 οίορατιι
1391 2289 1417 2342 el
1442 2279 1590 2342 όαοίοιιια»

488 2383 600 2445 teriam
626 2382 779 2463 inycniam
808 2381 940 2444 laudans
972 2381 1178 2445 Tertullianus
1208 2382 1243 2443 ι’τι
1270 2390 1378 2464 septem
1403 2380 1492 2444 libris
1518 2403 1592 2465 quoa
1668 2384 1674 2395 '

488 2483 610 2565 amptit
626 2482 772 2545 adsueram
786 2483 954 2545 Ecclese‘am
967 2505 1028 2567 pre
1043 2484 1201 2559 Montano,
1216 2484 1292 2547 dicit
1313 2504 1335 2546 a
1350 2483 1504 2567 pleresque
1525 2505 1589 2546 aas·

489 2593 606 2647 trorum
633 2583 812 2667 prophetam
845 2584 969 2666 patera.
1025 2583 1111 2645 Vna.
1173 2583 1336 2647 invenisse
1375 2583 1590 2666 Hieronymus

490 2686 616 2750 videtur
630 2688 678 2748 καὶ
692 2687 784 2765 λόγος
805 2687 872 2766 περὶ
889 2687 1070 2766 προφητείας
1092 2686 1191 2748 αὑτοῦ.
1236 2685 1299 2748 Sed
1322 2706 1396 2748 vero
1419 2684 1589 2756 Senrlerua

489 2786 543 2850 ubi
566 2807 672 2871 supra,
696 2786 849 2871 scriptum
874 2785 971 2849 fuisse
996 2784 1080 2849 hune
1105 2784 1222 2848 librum
1246 2805 1267 2848 a
1293 2783 1448 2848 Melitene
1478 2794 1590 2847 eontra

491 2887 640 2951 Montani
656 2888 858 2971 prophetiam
877 2887 1066 2951 arbitratur.
1114 2887 1214 2971 quue
1234 2894 1332 2963 recte,
1347 2887 1379 2949 ni
1400 2885 1589 2959 telloneum

492 2990 637 3053 Olemeus
651 2989 888 3052 Alexandrinus
901 2990 935 3051 iu
954 2989 1037 3052 libro
1058 2988 1112 3052 illo
1134 2990 1201 3069 περὶ
1222 2990 1405 3068 προφητείας
1422 2988 1490 3072 jam
1514 2989 1590 3051 olim

491 3091 616 3174 perdite
631 3098 717 3154 certe
732 3098 857 3173 partem
872 3090 1010 3174 aliquam
1025 3089 1094 3172 ejus
1105 3088 1208 3172 operis
1222 3095 1334 3151 contra
1345 3090 1486 3173 ejusdem
1499 3090 1590 3152 Mon-

490 3194 558 3256 tani
575 3200 750 3257 sectatores
765 3193 935 3276 scripserit,
952 3193 1037 3275 quod
1051 3198 1192 3254 testatur
1206 3191 1273 3274 ipse
1293 3191 1438 3255 (llemeus
1458 3192 1490 3254 iu
1509 3192 1592 3268 loce,

491 3295 544 3377 qni
559 3296 674 3377 dignus
686 3301 745 3367 est,
755 3302 793 3356 ut
804 3294 855 3355 hic
866 3291 1132 3369 afferatur-ab
1143 3291 1243 3353 τοίνυν
1253 3292 1399 3372 φνχικοὺς
1414 3294 1448 3355 ἐν
1459 3296 1591 3359 ὀνείδους

490 3394 573 3473 μέρει
587 3398 740 3475 λεγόντων
754 3395 830 3471 ἡμᾶς
843 3395 872 3455 ol
886 3390 1094 3470 προειρημένοι
1118 3390 1361 3470 (Valentiniani)
1388 3394 1470 3455 ἀλλὰ
1493 3396 1540 3456 καὶ
1562 3396 1592 3456 oi

490 3495 615 3572 Φρύγες·
637 3493 692 3570 ἤδη
706 3496 764 3572 γὰρ
780 3492 828 3553 καὶ
842 3491 924 3552 οὗτοι
938 3491 1006 3554 τοὺς
1020 3494 1054 3567 τῇ
1072 3493 1125 3571 νεᾷ
1140 3494 1305 3574 προφητείη
1318 3492 1358 3569 μὴ
1373 3492 1590 3571 προσέχοντας,

491 3594 636 3673 φαχικοὺς
652 3598 805 3664 καλοῦσιν,
822 3591 894 3671 πρὸς
908 3592 959 3657 ote
975 3593 1008 3653 ἐν
1022 3599 1083 3657 τοῖς
1097 3592 1164 3672 περὶ
1182 3595 1364 3673 προφητείας
1383 3595 1593 3669 διαλεξόμεθα.

491 3694 601 3755 Stmm.
618 3693 660 3756 iv.
682 3694 710 3773 ξ.
736 3711 784 3775 13.
805 3714 837 3775 p.
859 3694 932 3774 605.
953 3693 1002 3753 ed.
1027 3690 1162 3754 Potteri.
1210 3691 1291 3753 Tum
1314 3697 1472 3775 praterea
1494 3692 1589 3755 Moli-

491 3803 597 3857 tonern
614 3794 765 3858 adversus
778 3792 947 3857 baereticoa
958 3791 1080 3875 aliquos
1091 3791 1254 3876 scripsisse
1265 3813 1307 3855 ex
1318 3792 1505 3875 Hieronymi
1520 3794 1591 3858 loce

490 3896 523 3958 in
537 3896 640 3979 Epic.
656 3895 724 3979 ejus
737 3894 782 3957 αιί
795 3896 946 3977 Moenum
961 3899 1097 3968 constat,
1108 3914 1202 3976 quem
1213 3892 1246 3954 in
1256 3893 1476 3956 Arouarnsnn
1492 3894 1591 3979 Frag-

490 3996 840 4062 mentismoxafferam.
859 3995 944 4057 Hine
955 4016 1079 4078 queque
1088 3994 1256 4057 verisimile
1265 3994 1590 4078 videtur‚episeep1nn

490 4099 692 4174 Sardensem,
707 4098 760 4182 qui
782 4098 860 4182 ipse,
874 4103 912 4161 ut
933 4101 1026 4158 notat
1051 4093 1194 4157 Valesius
1215 4115 1236 4157 a
1255 4095 1413 4178 plerisque
1433 4097 1590 4180 propheta

490 4200 618 4263 babitus
632 4208 691 4274 est,
709 4200 902 4262 Montanum
920 4196 1035 4260 falsum
1054 4194 1245 4279 prophetam
1265 4204 1299 4260 et
1322 4205 1497 4260 sectatores
1522 4197 1589 4279 ejus

489 4321 553 4363 non
568 4309 695 4363 tanturn
711 4300 744 4362 iu
758 4301 818 4362 hec
833 4300 916 4362 libro
929 4295 1170 4382 oppugnavisse‚
1187 4297 1243 4359 sed
1264 4297 1362 4361 etiam
1384 4298 1418 4359 iu
1439 4296 1501 4359 illis
1523 4297 1590 4375 περὶ

489 4404 642 4466 πολιτείας
657 4404 705 4462 καὶ
720 4405 882 4478 προφητῶν
892 4400 961 4481 paru
976 4419 1073 4480 supra
1088 4398 1352 4461 commemoratis.

536 4501 615 4562 leid.
647 4502 694 4562 καί
718 4503 734 4561 ὁ
759 4502 826 4576 περὶ
853 4500 1040 4582 φιλοξενίας]
1067 4498 1205 4578 καὶπερὶ
1235 4503 1336 4580 ψυχῆς
1365 4499 1413 4560 καὶ
1443 4499 1589 4575 σώματος,

489 4603 537 4663 τοὶ
560 4603 576 4660 ό
600 4600 667 4675 περὶ
690 4602 872 4678 φιλοξενίας.
919 4598 1000 4662 Haee
1024 4609 1073 4661 est
1095 4598 1255 4682 scriptura
1277 4599 1394 4662 codicis
1416 4597 1517 4681 Regii,
1540 4599 1589 4676 (et

485 4702 531 4765 cd.
548 4699 663 4783 b'tcpl.)
681 4719 777 4781 quam
795 4698 963 4762 confirmat
985 4698 1083 4762 etiam
1105 4699 1249 4763 Rullum.
1295 4698 1418 4762 Verum
1442 4719 1513 4760 eum
1536 4697 1588 4761 bic
