3809 5650
395 673 460 739 356
769 673 1121 739 ANNOTATIONES

395 844 599 909 manifestum
627 843 695 908 fieri
724 845 935 918 arbitrantur,
966 846 1130 929 Martyres
1155 843 1387 928 Lugdunenses
1416 864 1506 906 anno

395 948 469 1012 (thr.
485 968 596 1008 cuxvu.
620 946 805 1031 sanguinem
824 946 980 1009 effudisse.
1026 948 1076 1010 At
1098 946 1173 1008 lieet
1195 953 1317 1009 eertum
1335 944 1389 1019 sit,
1412 966 1507 1008 aram

397 1047 544 1132 Lugduni
559 1047 698 1128 primum
719 1050 869 1131 August-o
887 1048 1066 1112 dedicatam
1083 1069 1151 1112 esso
1171 1046 1325 1112 Kalendis
1343 1047 1505 1131 Auyustie,

396 1149 467 1213 Iulo
481 1149 626 1225 Antonio,
641 1148 740 1213 Fabio
755 1151 911 1233 Africam
930 1153 1011 1215 Coss.
1060 1148 1141 1212 Ludi
1163 1161 1271 1213 tamen
1292 1148 1335 1212 illi
1356 1170 1421 1211 non
1441 1148 1506 1211 sin-

394 1250 477 1335 gulis
486 1250 707 1334 quinquenniis
722 1251 778 1314 sed
789 1251 961 1333 quotannis
972 1251 1133 1327 celebrati,
1146 1258 1183 1314 ut
1195 1249 1374 1314 observavit
1388 1250 1506 1313 Mares

395 1353 428 1415 in
450 1351 587 1415 Dissert.
605 1352 644 1414 de
669 1352 813 1416 Primatu
841 1353 1051 1438 lugdunensi,
1074 1376 1159 1416 num.
1177 1375 1203 1416 e.
1221 1355 1277 1416 duo.
1293 1352 1347 1436 qui
1364 1352 1435 1415 luse
1457 1352 1504 1415 lo-

396 1454 506 1538 quitur
520 1453 560 1517 de
574 1463 730 1518 conventu
745 1455 799 1517 illo
814 1456 1001 1539 populorum
1017 1455 1140 1531 Galliae,
1152 1455 1205 1538 qui
1218 1452 1389 1539 quotannis
1399 1452 1503 1517 fiebat
1582 1473 1589 1482 ¹

397 1556 430 1618 in
446 1555 570 1618 eolouia
587 1554 791 1640 Lugdunensi
807 1558 848 1621 ad
868 1579 958 1621 aram
974 1559 1123 1641 Augusto
1139 1556 1280 1640 Prinoipi
1296 1556 1448 1629 dieatam,
1464 1556 1507 1618 de

397 1680 460 1742 quo
474 1658 521 1722 ait
536 1658 619 1722 hune
635 1658 763 1723 Eusebii
783 1660 886 1723 laeum
906 1661 1005 1744 aeeipi
1026 1662 1151 1737 debere,
1168 1667 1316 1742 reeteque
1337 1657 1506 1738 πανήγυριν

397 1782 418 1825 a
432 1760 547 1825 Rufino
561 1761 733 1824 Nandiaos
746 1784 878 1825 versam.
925 1762 977 1826 Sio
992 1762 1025 1824 in
1041 1761 1200 1826 veteribus
1213 1759 1327 1844 glossis
1343 1758 1505 1822 Nundinoe

398 1862 494 1942 ἑορτὴ,
510 1884 581 1946 quae
603 1863 806 1927 mercimonia
825 1885 951 1948 quoque
970 1863 1161 1948 signifioant,
1179 1863 1263 1946 quod
1285 1859 1404 1945 agitari
1421 1860 1503 1923 sole·

397 1971 469 2027 rent
484 1963 595 2026 diebus
610 1962 706 2026 festis.
738 1966 813 2026 Aut.
825 1964 907 2046 Poyl
920 1965 962 2027 ad
978 1985 1050 2026 ann.
1068 1963 1144 2027 chr.
1163 1980 1231 2043 177.
1248 1963 1297 2023 M.
1308 1960 1434 2024 Aurelii
1453 1979 1504 2037 17.

397 2085 418 2127 a
440 2064 595 2126 Raanuuo.
619 2063 743 2127 allatus.
784 2064 855 2127 Vid.
874 2087 971 2149 supra
993 2072 1060 2127 not.
1082 2085 1155 2148 pag.
1166 2066 1240 2147 326.
1265 2062 1506 2126 devexationis

397 2164 492 2249 hujus
506 2186 600 2228 anuo.

442 2266 479 2329 P.
492 2285 566 2350 313.
582 2266 602 2329 l.
618 2286 664 2330 12.
681 2265 855 2343 Ἐδοὶόζετο
871 2268 916 2352 δὲ]
932 2272 990 2349 γὰρ
1007 2270 1077 2332 MS.
1095 2269 1187 2331 Bodl.

443 2367 525 2430 Ibid.
541 2368 561 2430 l.
581 2387 588 2428 Ι
595 2388 627 2451 5.
651 2372 691 2452 τῷ
714 2375 773 2432 τῶν
790 2373 944 2450 μαρτύρων
961 2370 1070 2454 κλήρῳ]
1099 2370 1172 2434 Ηοο
1192 2370 1261 2433 loeo
1281 2369 1381 2432 codex
1398 2368 1502 2431 Medi·

398 2489 483 2531 eaeus
498 2467 671 2533 meliorest
688 2470 800 2554 Regio.
839 2471 999 2555 Scriptum
1015 2472 1099 2535 enim
1115 2473 1213 2535 habet
1227 2473 1267 2555 τῷ
1283 2476 1341 2532 τῶν
1349 2495 1379 2548 μ.
1391 2469 1503 2554 κλήρῳ,

398 2576 432 2633 et
454 2569 499 2633 sio
519 2569 715 2655 Nicephorus
736 2592 862 2656 quoque
881 2573 1036 2657 seriptum
1055 2574 1162 2637 habet.
1209 2574 1311 2652 Quam
1334 2571 1503 2634 lectionem

397 2670 490 2736 alteri
503 2671 596 2757 longe
611 2682 773 2756 praestare,
789 2697 829 2738 ex
844 2675 882 2738 iis
898 2696 970 2758 quae
990 2697 1087 2758 supra
1102 2676 1250 2753 diximus,
1265 2674 1384 2758 liquido
1399 2680 1503 2757 patet.

399 2775 496 2859 κλήρῳ
525 2775 622 2840 etiam
649 2776 766 2862 legitur
794 2776 827 2840 in
853 2776 960 2841 eodiee
991 2778 1076 2841 Maz.
1101 2786 1135 2842 et
1162 2778 1245 2841 Fuk.
1272 2785 1306 2843 et
1333 2776 1503 2841 Seviliano.

399 2878 560 2941 Vaursrus.
607 2878 716 2943 Lectio
731 2880 871 2943 editionis
885 2880 1104 2963 Stephanium
1118 2886 1158 2964 τῷ
1173 2883 1326 2961 μαρτύρων
1341 2882 1427 2964 χώρῳ
1442 2887 1502 2943 est

399 2977 462 3041 Sed
492 2981 649 3044 consentit
679 3003 749 3044 eum
779 2982 882 3044 altera
911 2981 1069 3065 scriptura
1100 2983 1176 3045 MS.
1206 3003 1330 3064 quoque
1360 2980 1502 3063 Norfolt.

400 3078 502 3142 Porro
523 3080 685 3143 habebant
701 3081 797 3164 κλήρῳ
815 3082 942 3144 Gratm‘
965 3081 1138 3166 Codicisque
1157 3082 1254 3143 Vestali
1273 3082 1364 3145 Leotl.
1385 3081 1503 3166 aliique

398 3180 471 3245 libri
486 3181 551 3245 fere
566 3203 686 3260 omnes,
701 3182 754 3266 qui
769 3205 790 3245 a
804 3183 949 3247 Burtono
964 3205 1047 3247 nune
1063 3183 1170 3248 eollati
1183 3192 1265 3247 sunt.

296 3355 298 3357 v
443 3282 523 3346 Ibid.
549 3282 634 3346 l.16.
657 3283 790 3368 adnare]
810 3287 882 3347 ποτὲ
904 3285 950 3347 ed.
977 3285 1080 3370 Sept.
1104 3285 1235 3348 Sinniu.
1274 3283 1392 3348 Itidem
1415 3284 1503 3348 codd.

398 3385 471 3468 Ray.
486 3391 520 3449 et
541 3385 645 3447 Poris.
661 3394 788 3468 aterque.
828 3385 909 3447 Tum
928 3387 1050 3467 ἔχοντες
1072 3409 1130 3470 pro
1153 3389 1279 3468 σχόντες
1301 3385 1398 3449 habet
1424 3387 1502 3451 MS.

399 3484 537 3566 Norfhle.

444 3585 526 3648 ibid.
550 3586 571 3648 Ι.
594 3603 640 3668 17.
662 3589 735 3665 μηδὲ
758 3591 898 3666 αἴσθησιν
916 3592 1078 3669 ἐνδύματος
1096 3587 1258 3672 νυμφικοΰ]
1282 3587 1391 3652 Vertit
1409 3588 1501 3652 Vale·

399 3685 473 3759 sius,
490 3709 542 3750 aee
555 3688 719 3751 roveretum
733 3688 819 3751 retu
833 3690 990 3773 nuptiatis.
1008 3692 1109 3754 Matt.
1122 3689 1197 3752 xxii.
1211 3710 1260 3756 12.
1277 3691 1433 3771 ἄνθρωπον
1448 3692 1502 3755 οὐκ

400 3791 595 3869 ἐνδεδυμένον
624 3792 735 3870 ἔνδυμα
763 3792 869 3872 γάμου.
929 3792 1033 3856 Addit
1062 3804 1136 3876 post
1167 3795 1325 3871 ἐνδύματος
1354 3798 1501 3873 νυμφικοΰ

398 3892 436 3955 de
470 3891 535 3955 leur
564 3890 720 3976 deotemus.
759 3894 998 3959 Trasumennus
1054 3895 1172 3959 Albam
1206 3895 1353 3959 nimirum
1378 3902 1500 3959 vestem

399 3993 580 4077 baptizatus
609 3995 770 4060 induebat.
816 3997 880 4060 Sed
903 3997 942 4060 οΙ.
968 3997 1186 4061 Heiniehenus
1211 3997 1244 4060 in
1273 4004 1349 4061 nota
1371 3997 1414 4060 ad
1439 3996 1501 4061 loe.

398 4116 501 4179 neque
522 4097 563 4158 de
584 4097 719 4180 nuptiali
742 4105 829 4161 veste
851 4098 1082 4183 interpretatus
1104 4100 1199 4176 istud,
1222 4121 1325 4183 neque
1348 4100 1389 4163 de
1412 4107 1501 4163 veste

398 4196 558 4281 baptismi,
575 4197 623 4262 ita
642 4198 759 4262 Latine
778 4200 885 4276 vertit,
901 4211 1071 4283 martyrius
1093 4223 1161 4266 seru
1180 4201 1256 4265 otro
1270 4222 1330 4264 aaa
1351 4208 1426 4266 sunt
1445 4202 1502 4265 ad-

399 4298 520 4383 scripti,
538 4300 674 4381 (ἔμεινον
694 4302 726 4362 δὲ
743 4298 826 4383 ἔξω),
841 4302 876 4363 ia
894 4324 1021 4387 qstomua
1034 4304 1148 4366 animis
1160 4324 1215 4368 aso
1234 4303 1391 4388 beatotum
1404 4303 1502 4367 allum

389 4399 470 4479 fidei
491 4421 583 4483 aeque
604 4422 704 4465 murus
725 4401 812 4465 illius
832 4404 929 4481 esais,
951 4425 1045 4488 quam
1070 4403 1200 4468 induere
1222 4405 1338 4469 debeat
1360 4405 1502 4483 eeclesia,

398 4500 421 4562 i.
433 4522 458 4562 e.
476 4501 603 4576 clatet,
618 4524 672 4566 aee
690 4504 800 4567 alatilia
820 4505 938 4569 timoris
956 4507 1019 4569 Dei
1040 4508 1188 4592 lutprssse
1205 4518 1280 4571 erut.
1327 4510 1382 4572 Ita
1396 4508 1444 4571 uir
1461 4509 1499 4573 el.

400 4600 462 4662 Sed
485 4609 593 4665 tamen
608 4603 743 4667 fortasse
761 4606 858 4670 vestis
881 4608 1010 4688 ννμφικὴ
1028 4616 1078 4673 est
1095 4609 1159 4685 illa,
1181 4632 1244 4692 qua
1263 4609 1346 4673 haud
1365 4610 1502 4675 vestitus
