3809 5650
507 684 770 748 ANNOTATT.
798 683 846 747 IN
871 685 1123 749 llEGESIPPl
1149 687 1323 753 FRAGM.
1412 691 1474 753 221

377 867 491 932 neseio.
508 869 567 931 nisi
583 869 666 932 sorte
680 869 728 933 ita
742 871 910 932 emendare
924 868 1030 952 placet
1046 871 1079 931 ἐν
1093 870 1168 935 υἱοῖς
1182 868 1386 948 Ἰσραηλιτῶν·
1402 874 1477 934 κατὰ

377 972 427 1046 τῆς
441 972 540 1049 φυλῆς
553 967 661 1033 Ἰούδα.
697 970 840 1054 Vulgata
855 978 964 1033 tamen
978 970 1073 1033 lectio
1087 969 1189 1054 magis
1203 969 1318 1054 placet,
1335 991 1430 1052 quam
1445 979 1479 1036 et

376 1070 495 1154 Regius
524 1072 624 1133 codex
654 1077 688 1133 et
718 1070 918 1154 Nicephorus
947 1073 1146 1134 confirmant.
1202 1070 1342 1133 Videtur
1370 1075 1479 1133 autem

377 1169 590 1255 Hegesippus,
605 1170 724 1233 tribum
740 1170 760 1232 J
764 1171 833 1233 udae
849 1172 891 1233 ab
907 1171 956 1233 his
970 1171 1114 1233 omnibus
1125 1171 1147 1233 J
1150 1170 1253 1232 udaiei
1264 1170 1371 1254 populi
1384 1171 1479 1234 sectis

376 1290 488 1352 puram
508 1292 546 1333 ae
567 1291 698 1333 vacuam
720 1270 928 1345 existimasse,
954 1271 1000 1334 ita
1027 1280 1063 1333 ut
1090 1269 1192 1333 nullus
1218 1292 1235 1333 e
1260 1270 1345 1333 tribu
1372 1269 1393 1333 J
1396 1271 1479 1346 uda,

377 1370 570 1433 Essenorum
593 1378 650 1433 aut
675 1370 921 1433 Sadducaeorum
946 1379 1003 1434 aut
1029 1371 1263 1434 Pharisaeorum
1287 1379 1407 1434 sectam
1431 1391 1478 1435 se-

376 1478 469 1535 outus
487 1471 540 1535 sit.
585 1472 678 1547 Quod
693 1482 800 1534 tamen
822 1493 1021 1556 nequaquam
1041 1473 1207 1535 verisimile
1230 1480 1288 1535 est.
1334 1473 1397 1536 Sed
1418 1472 1478 1535 hoo

376 1574 418 1636 ab
445 1575 630 1659 Hegesippo
657 1575 851 1637 dictumest
876 1574 908 1636 in
931 1574 1070 1657 gratiam
1094 1573 1197 1639 tribus
1219 1573 1326 1646 «Iudae,
1351 1596 1390 1636 ex
1414 1594 1478 1657 qua

377 1675 523 1739 Christus
539 1675 691 1759 originem
707 1675 809 1738 duxit.
840 1675 958 1738 Omnes
971 1676 1070 1761 igitur
1080 1676 1150 1738 illas
1161 1676 1181 1738 J
1184 1675 1319 1739 udaismi
1331 1675 1478 1751 haereses,

375 1775 512 1859 viguisse
526 1776 574 1838 ait
588 1777 673 1858 apud
689 1775 826 1859 reliquas
841 1777 950 1839 decem
965 1776 1080 1852 tribus,
1095 1798 1165 1860 quae
1181 1776 1309 1861 proprio
1326 1799 1364 1840 ao
1384 1799 1477 1861 pecu-

376 1877 445 1939 liari
461 1876 613 1939 vocabulo
633 1876 730 1939 lsrael
747 1876 944 1952 dicebantur,
962 1887 1035 1959 post
1056 1877 1239 1941 divisionem
1259 1877 1347 1962 regni
1366 1880 1389 1940 J
1393 1878 1478 1942 udae·

376 1999 467 2039 orum
497 1976 652 2040 Roboami
681 1978 878 2061 temporibus
904 1978 1032 2042 laetam.
1077 1981 1174 2041 Certe
1198 1977 1301 2042 tribus
1323 1978 1419 2042 Judae
1444 1978 1478 2041 iu

376 2078 463 2141 libris
477 2080 718 2162 prophetarum,
732 2080 871 2142 eoelesiae
894 2101 1062 2163 personam
1085 2080 1238 2151 denotat;
1271 2080 1379 2142 decem
1403 2100 1478 2143 vero

376 2179 478 2242 tribus
492 2178 674 2242 reseruntur
687 2180 729 2242 ad
745 2180 912 2244 baereticos
926 2202 1061 2264 quorum
1075 2179 1215 2242 maxima
1229 2186 1279 2243 est
1293 2178 1477 2256 multitudo,

376 2286 412 2342 ut
427 2281 537 2344 scribit
554 2282 770 2365 Hieronymus
783 2282 816 2344 in
831 2291 928 2366 caput
944 2282 964 2344 i.
980 2283 1070 2346 Osee.
1101 2280 1268 2343 Vnuufflus.
1297 2278 1338 2343 Ἡ
1354 2280 1478 2344 addunt

376 2384 463 2445 Μοτ.
473 2383 560 2446 Med.
578 2384 685 2446 Fnkcl.
701 2383 768 2446 sine
784 2405 888 2457 sensu,
904 2391 940 2446 at
955 2383 986 2446 in
1002 2391 1073 2447 tota
1089 2382 1248 2447 sententia
1264 2403 1376 2466 parum
1395 2381 1479 2446 inest

376 2483 519 2546 rationis.
575 2483 719 2547 Valesius
747 2485 915 2567 legendum
945 2485 1083 2568 putabat
1113 2486 1147 2546 ἐν
1175 2485 1249 2548 υἱοῖς
1272 2481 1477 2561 Ἰσραηλιτῶν,

376 2583 461 2665 quod
476 2605 539 2646 non
559 2585 681 2668 probo;
707 2585 813 2668 potius
832 2585 968 2669 legerem
989 2582 1007 2663 ἢ
1027 2590 1095 2660 τῶν,
1112 2591 1169 2646 aut
1189 2582 1208 2661 ἢ
1228 2583 1424 2667 transposito
1445 2585 1479 2647 lc

376 2689 411 2764 τῇ
425 2690 566 2766 περιτομῇ
581 2685 600 2764 ἢ
616 2688 650 2749 ἐν
660 2685 815 2766 υἱοῖςἸσρ.
828 2693 898 2762 τῶν,
910 2687 994 2770 quod
1007 2685 1193 2749 confirmare
1205 2685 1329 2747 videtur
1338 2686 1478 2766 Rufinus,

376 2787 420 2850 sie
443 2788 588 2865 reddens,
605 2789 639 2851 ic
662 2788 894 2860 circumsione,
910 2788 947 2851 id
968 2797 1018 2863 ast,
1034 2787 1069 2849 in
1084 2787 1167 2869 filiis
1187 2786 1296 2850 Israel.
1343 2785 1477 2850 Srnorn.

377 2888 506 2952 Nescire
521 2889 647 2972 quidem
667 2898 801 2953 oaeteros
822 2890 964 2953 MSStos
981 2888 1150 2952 articulum
1170 2889 1197 2966 ἡ,
1218 2888 1272 2971 qui
1292 2887 1323 2949 in
1341 2887 1477 2951 Burtoni

375 2989 514 3072 gratiam
529 2990 635 3053 collati
646 2998 732 3065 sunt,
738 2989 808 3074 jam
820 2996 957 3053 constat.
991 2988 1037 3052 Et
1049 2988 1215 3051 lectionem
1228 3010 1296 3051 esse
1306 2987 1478 3065 ferendam,

377 3111 447 3173 quae
462 3100 591 3175 recepta
606 3099 664 3167 est,
681 3098 771 3176 puto,
787 3092 863 3153 dum
878 3091 967 3165 illud,
979 3096 1093 3171 γνῶμαι
1110 3089 1257 3170 διάφοροι,
1274 3096 1480 3153 construatur

376 3210 448 3252 oum
463 3191 543 3267 istis,
559 3198 618 3255 τῶν
640 3194 723 3264 κατὰ,
738 3191 889 3254 bornicum
903 3191 1150 3255 οιίοονιοιυονιιυι
1165 3189 1261 3253 tribue
1274 3190 1372 3253 chae
1392 3199 1481 3276 etque

379 3292 503 3356 Cimoli.
540 3293 586 3357 01.
599 3292 725 3377 quidem
741 3293 976 3356 Sohulthessius
991 3292 1022 3354 in
1039 3291 1186 3375 Symbolie
1207 3292 1271 3355 suis
1291 3315 1322 3377 p.
1340 3293 1402 3355 218
1417 3299 1480 3360 τοῖς

378 3414 435 3475 pro
451 3400 509 3456 τῶν
523 3394 690 3477 legendum
706 3402 815 3458 censet
823 3419 833 3470 3
856 3401 955 3478 atque
970 3394 1003 3457 in
1015 3394 1087 3458 Ma.
1099 3396 1194 3478 Nors.
1212 3416 1272 3457 vox
1288 3392 1373 3458 οὗτοι
1387 3394 1481 3460 omit-

377 3492 467 3556 titur.
500 3493 633 3557 Rufinus
647 3502 738 3558 vetus
753 3495 910 3580 interpres
925 3496 970 3559 sie
985 3496 1092 3571 vertit,
1102 3496 1215 3572 Erant,
1226 3495 1337 3579 inquit,
1350 3495 1481 3559 ὠίοονςιυ

376 3594 528 3657 momine
540 3596 576 3659 in
591 3596 824 3672 circumcisione,
841 3598 877 3660 id
898 3608 951 3674 est,
967 3599 1002 3662 ιἰι
1015 3598 1099 3680 fili-b
1124 3596 1232 3674 Israel,
1257 3619 1326 3681 qaoe
1351 3598 1481 3660 mocimc

378 3695 618 3759 adsocreobaatcr
645 3696 740 3760 tribui
766 3699 872 3774 dada,
899 3722 935 3762 ca
963 3722 1025 3784 qua
1055 3701 1191 3763 cantius
1219 3710 1270 3763 cet.
1320 3699 1480 3763 caeterum

378 3797 479 3861 tradit
493 3797 646 3883 Eulogius
661 3799 693 3861 in
708 3801 895 3884 Deficitimie
909 3801 1053 3864 adversos
1068 3802 1280 3865 Samaritanae
1294 3801 1380 3883 apud
1396 3800 1480 3863 Pho-

378 3897 458 3961 tium
486 3899 557 3962 eod.
579 3922 690 3965 ccxxx.
715 3923 746 3984 p.
768 3902 841 3979 884.
886 3901 1074 3964 Dositheum
1098 3900 1280 3965 haereticum
1302 3907 1398 3984 geute
1423 3900 1480 3964 Sa·

377 4000 582 4077 maritanum,
598 4003 716 4085 dequo
731 4002 935 4087 Hegesippus
951 4024 1076 4085 quoque
1091 4002 1284 4065 mentionem
1307 4001 1389 4062 inter
1410 4000 1480 4066 baeo

377 4101 557 4185 fragmenta
591 4103 668 4165 saoit
704 4126 777 4188 pag.
814 4104 886 4165 216.
922 4102 955 4164 in
989 4101 1050 4165 Dei
1085 4100 1258 4185 prophetas
1292 4100 1480 4164 maledicum

377 4202 482 4278 fuisse,
498 4204 635 4266 maxime
653 4206 774 4268 veroin
789 4207 812 4267 J
815 4206 920 4280 udam,
931 4225 1028 4267 unum
1043 4225 1083 4265 ex
1098 4201 1263 4265 duodecim
1278 4200 1479 4283 patriarchis,

378 4305 454 4367 nihil
470 4306 640 4369 reveritum
657 4306 808 4389 plurimas
823 4308 863 4370 de
879 4306 931 4369 illo
946 4306 979 4368 in
994 4304 1083 4368 libris
1110 4301 1261 4366 Mosaieis
1284 4301 1480 4386 conscriptas

377 4406 497 4469 laudes.
544 4407 637 4486 Quod
654 4408 780 4490 quidem
801 4408 977 4491 proiectum
1000 4406 1125 4469 videtur
1146 4403 1188 4466 ab
1210 4404 1284 4466 odio
1305 4403 1338 4465 in
1360 4403 1481 4469 tribum

377 4506 400 4568 J
403 4509 474 4571 udae
500 4531 521 4571 a
546 4508 703 4570 nonnullis
726 4510 829 4586 sectis,
857 4508 994 4572 maxime
1028 4506 1246 4581 Samaritana,
1272 4526 1344 4580 non,
1371 4513 1409 4569 ut
1433 4508 1481 4572 ait

380 4609 592 4694 Hegesippus,
606 4611 648 4673 ab
672 4610 741 4673 istis
764 4611 918 4687 omnibus,
936 4616 1093 4694 suscepto,
1111 4629 1244 4691 quorum
1270 4608 1406 4693 majores
1426 4631 1481 4693 ap-

378 4710 476 4796 pellat
497 4711 581 4776 Ezra
601 4711 695 4775 Ιιονίος
716 4711 810 4776 Judoe
831 4722 859 4776 ct
872 4712 1049 4795 nonjamin,
1064 4732 1133 4794 oap.
1149 4709 1189 4772 iv.
1205 4731 1317 4773 comm.
1340 4729 1367 4771 1.
1429 4709 1481 4773 Ex
