3809 5650
756 691 804 754 IN
827 688 1146 754 APOLLONIUM.
1439 697 1502 762 475

398 877 469 938 quae
486 857 663 920 Montanus
680 856 893 921 sectatoribus
912 856 978 920 suis
999 864 1154 941 tanquam
1169 856 1356 921 Paracletus
1375 856 1501 923 indixit.

399 956 565 1020 Vetusius.

442 1058 480 1120 P.
496 1061 570 1139 467.
586 1059 606 1119 l.
627 1077 676 1121 10.
698 1061 715 1120 d
732 1058 890 1133 Πέπονζον
905 1060 954 1121 καὶ
967 1060 1082 1136 Τύριον
1095 1057 1294 1139 Ἰερουσαλὴμ
1319 1059 1389 1143 hro]
1414 1058 1502 1124 Huic

397 1158 467 1220 loco
487 1158 589 1221 lucem
611 1159 859 1223 commodabunt
873 1159 961 1223 dicta
981 1158 1047 1222 sive
1063 1158 1224 1235 Priscillae,
1241 1159 1306 1224 eive
1327 1161 1501 1238 Quintillae,

397 1257 529 1321 alterius
549 1281 590 1322 cx
611 1258 762 1322 Montani
782 1258 1000 1343 prophetissis,
1017 1265 1090 1322 utra
1109 1259 1204 1322 fuerit
1222 1259 1348 1323 illarum
1368 1262 1502 1326 nescivit

399 1359 607 1442 Epiphanius,
618 1360 745 1444 prolata
759 1360 800 1423 ab
816 1381 854 1422 eo
869 1360 901 1422 in
910 1359 1000 1422 Hoer.
1011 1357 1087 1423 xlix.
1099 1380 1184 1422 num.
1198 1380 1225 1423 1.
1266 1361 1322 1424 Ἐν
1338 1361 1410 1445 ἰδέα,
1427 1364 1503 1443 φησὶ

400 1460 643 1544 (prophetissa),
667 1461 806 1541 γυναικὸς
832 1459 1089 1542 ἐσχηματισμένος
1112 1461 1146 1522 ἔν
1167 1463 1262 1538 στολῇ
1283 1463 1406 1544 λαμπρᾷ
1428 1461 1504 1540 ἦλθε

398 1562 471 1640 πρός
485 1586 522 1639 με
537 1560 676 1640 Χριστὸς,
694 1561 742 1622 καὶ
757 1559 907 1638 ἐνέβαλεν
923 1561 957 1622 ἔν
973 1559 1039 1638 ἐμοὶ
1053 1559 1107 1636 τὴν
1119 1560 1243 1639 σοφίαν,
1261 1561 1309 1623 καὶ
1324 1559 1504 1643 ἀπεκάλυψέ

397 1686 458 1737 μοι,
475 1662 592 1723 τουτονὶ
610 1660 663 1725 τὸν
683 1663 776 1724 τόπον
797 1660 875 1741 (scil.
895 1659 1070 1744 Pepuzam)
1086 1659 1164 1723 εἶναι
1183 1660 1282 1740 ἅγιον,
1305 1664 1353 1725 καὶ
1373 1664 1430 1725 ὦδε
1449 1662 1504 1740 τὴν

397 1760 598 1840 Ἰερουσαλὴμ
613 1763 645 1824 ἔκ
667 1766 719 1824 τοῦ
734 1762 862 1842 οὐρανοῦ
883 1761 1024 1824 κατιέναι.
1069 1762 1181 1845 Atque
1202 1769 1384 1847 propterea,
1399 1769 1436 1826 ut
1456 1784 1504 1826 re-

399 1860 461 1924 fert
489 1861 699 1946 Epiphanius,
727 1862 886 1925 nonnullae
911 1862 954 1924 ad
982 1882 1083 1944 usque
1107 1861 1185 1924 illud
1209 1868 1335 1946 tempus
1356 1862 1505 1927 mulieres

398 1983 436 2025 ac
451 1961 510 2024 viri
532 1962 643 2024 eodem
663 1962 732 2025 loco
752 1962 872 2026 initiari
894 1962 1049 2038 solebant,
1066 1968 1103 2025 ut
1125 1963 1319 2026 excubantes
1338 1963 1504 2027 Christum

398 2061 700 2144 contemplarentur.
746 2062 867 2125 Tradit
880 2068 995 2124 auctor
1014 2083 1140 2145 quoque
1159 2061 1232 2125 libri
1247 2063 1471 2127 Proedestiaeti
1484 2086 1505 2128 a

399 2161 568 2225 Sirmondo
583 2162 720 2246 primum
738 2163 827 2238 editi,
843 2162 875 2225 in
890 2163 1017 2226 Hercei
1033 2163 1423 2246 Pap-uziancrura—dicere
1437 2164 1506 2230 illos

397 2262 476 2326 lano
490 2263 649 2348 Pepazam
671 2264 779 2328 oillam
794 2265 894 2347 fuisse
907 2265 1053 2328 Montani
1070 2265 1191 2328 Prisca
1212 2274 1240 2328 et
1258 2265 1460 2342 Moeimilla,
1479 2275 1506 2329 et

398 2366 472 2446 quie
487 2364 532 2427 ihi
545 2375 696 2449 ceperam
704 2366 889 2449 prodicere,
905 2377 933 2429 et
947 2365 991 2428 ibt
1005 2368 1155 2441 uicerant,
1167 2367 1232 2430 ideo
1243 2366 1338 2431 locum
1350 2367 1506 2453 appellari

398 2465 602 2528 Hierusalem.
648 2468 694 2529 Et
716 2468 791 2550 quia
811 2466 991 2529 habitatores
1011 2467 1068 2530 leet
1088 2477 1167 2541 aaut,
1184 2468 1250 2529 ideo
1271 2469 1376 2531 cetaria
1396 2490 1427 2531 ae
1448 2489 1506 2532 eece

399 2564 533 2627 meliores
552 2565 738 2628 adscribant.
776 2566 868 2628 Ηατ.
884 2567 980 2628 xxvii.
996 2588 1027 2650 p.
1044 2586 1096 2650 30.
1141 2566 1291 2629 (letarum
1311 2568 1418 2643 verba,
1435 2590 1506 2650 quae

399 2664 544 2747 proximo
565 2672 638 2747 post
658 2672 844 2749 sequuntur,
860 2667 965 2732 πόλεις
985 2668 1018 2728 δὲ
1039 2667 1115 2728 εἰσιν
1135 2666 1220 2728 αὗται
1239 2667 1339 2745 μικραὶ
1359 2671 1410 2744 τῆς
1429 2673 1506 2747 Φρυ-

400 2769 477 2844 γίας,
509 2763 639 2828 Eusebii
673 2765 822 2829 videntur
855 2787 934 2829 esso.
986 2767 1068 2828 Mox
1103 2786 1161 2849 pro
1192 2771 1377 2846 συναγαγεῖν
1407 2765 1506 2830 habet

400 2872 634 2946 οννεισογαγεῖν
648 2866 848 2951 Νἱονρλονιιο,
865 2872 896 2929 et
914 2865 1014 2928 θέλον
1028 2886 1086 2950 pro
1102 2864 1216 2927 ἐθέλων
1231 2865 1305 2927 MS.
1320 2865 1461 2948 Norsolo.

445 2963 527 3027 lbid.
541 2965 561 3026 l.
581 2969 629 3028 16.
647 2968 665 3044 ἡ
680 2968 860 3029 διδασκαλία
875 2971 926 3028 τοῦ
941 2967 1050 3045 λόγου]
1070 2965 1159 3027 αιἰτοΰ
1179 2985 1238 3048 pro
1253 2966 1408 3045 τοῦλόγου
1429 2967 1505 3030 MS.

400 3066 539 3149 Norfolc.
566 3067 651 3149 quod
684 3068 782 3130 etiam
804 3073 896 3129 vetus
921 3065 1079 3148 interpres
1107 3064 1219 3147 legisse
1245 3065 1382 3142 videtur,
1409 3065 1507 3130 vertit

400 3167 483 3230 enim
500 3168 644 3244 Rufinus,
658 3179 692 3231 at
703 3189 760 3254 per
775 3168 838 3231 Ιιινο
855 3167 980 3231 incitati
999 3165 1118 3229 οαιζαίιις
1136 3166 1283 3228 doctrine
1302 3166 1367 3249 ογίιι
1385 3187 1507 3249 operam

395 3267 566 3350 prebeant.

446 3368 485 3430 P.
501 3369 575 3444 468.
591 3368 612 3430 l.
628 3388 659 3447 4.
676 3369 766 3434 αὐτὰς
780 3369 897 3448 πρώτας
916 3372 968 3433 τὰς
988 3365 1171 3446 προφήτιδας
1191 3364 1314 3450 ταύτας]
1331 3366 1465 3430 Abeunt
1487 3388 1508 3430 a

402 3468 500 3531 codice
515 3467 654 3551 Norsok.
670 3490 762 3532 voces
776 3470 893 3548 πρώτας
906 3475 940 3531 et
959 3469 1076 3539 ταύτας,
1092 3488 1113 3530 ιι
1127 3468 1167 3529 N
1164 3466 1298 3551 ιὀφλονο
1318 3468 1436 3540 ταύτας,
1453 3466 1507 3550 qui

401 3590 477 3631 mox
491 3568 590 3632 habet
604 3569 751 3635 λιπούσος
769 3589 828 3652 pro
849 3568 1079 3633 καταλιπούσας.
1096 3567 1181 3651 quod
1201 3567 1234 3629 in
1253 3567 1352 3631 codice
1366 3567 1505 3650 Norsole.

403 3678 454 3731 est
470 3670 719 3733 καταλειπούσας.

446 3768 530 3830 Ibid.
546 3768 567 3830 l.
584 3770 613 3831 6.
631 3748 784 3850 Πρίσκαν]
799 3768 991 3846 Πρισκίλλον
1006 3766 1056 3829 ad.
1072 3765 1183 3850 Steph.
1231 3765 1269 3827 ln
1290 3764 1398 3828 codice
1414 3764 1503 3829 Med.

404 3867 488 3930 Maz.
513 3873 547 3929 ct
570 3866 654 3928 Fuk.
678 3873 711 3929 ct
740 3865 826 3948 apud
853 3863 1068 3946 Nicephorum
1093 3863 1210 3946 legitur
1233 3865 1381 3943 Πρίσκαν,
1409 3885 1508 3946 quam

403 3968 594 4051 scripturam
611 3966 777 4031 confirmat
797 3963 894 4026 etiam
910 3963 1054 4026 Rufinus.
1101 3963 1163 4026 Sed
1185 3970 1219 4026 et
1239 3962 1454 4026 Tertullianus
1475 3970 1508 4026 ot

403 4067 607 4130 Fimnilianus
633 4065 748 4147 aliique
776 4063 919 4126 Priscam
948 4062 1124 4125 nominant.
1156 4062 1322 4125 Vesanus.
1369 4064 1509 4141 Πρίσκαν

402 4168 524 4230 habent
549 4167 651 4228 MSS.
677 4182 801 4246 quoque
827 4162 929 4225 Sacil.
956 4183 1012 4224 seu
1035 4162 1126 4225 Bodl.
1151 4168 1184 4225 et
1205 4161 1344 4245 Norsolc.
1368 4161 1508 4225 Floreat.

396 4269 498 4351 prior.
521 4287 586 4328 uua
607 4284 679 4326 cum
700 4262 763 4325 eod.
787 4260 882 4324 Venet.
907 4262 1002 4324 Lectt.
1028 4269 1061 4325 et
1085 4263 1192 4345 Mara.
1214 4262 1259 4324 ed.
1288 4261 1400 4323 Genea.
1445 4259 1510 4321 Sed

406 4367 599 4447 Πρισκίλλαν
610 4361 833 4425 diminutivum
848 4366 937 4423 extat
949 4360 1106 4424 referente
1119 4383 1201 4425 nunc
1213 4362 1370 4437 Burtono‚
1380 4360 1414 4422 in
1425 4358 1509 4422 codd.

404 4468 508 4549 Rapio,
539 4462 716 4527 Parisieaei
743 4471 874 4544 atroque,
907 4461 1021 4537 Veneto,
1056 4461 1148 4524 Flor.
1171 4460 1359 4545 ροιτονιόνί,ο
1398 4458 1511 4522 itidem

405 4562 663 4648 suprapositum
689 4560 794 4623 estin
821 4560 1005 4623 Sunnrronrs
1028 4560 1232 4645 Fragmentis
1258 4579 1331 4644 pag.
1356 4561 1430 4639 469.
1455 4556 1510 4619 ubi

406 4664 516 4727 AElius
530 4662 665 4726 Publius
682 4660 789 4724 Julius
808 4659 975 4744 episcopus
995 4659 1077 4723 huuc
1099 4659 1314 4724 mulierculam
1329 4656 1512 4722 Priscillam

916 4778 1006 4841 για
