3809 5650
613 700 807 765 ANNOTT.
833 699 880 763 IN
905 702 938 765 S.
963 699 1270 765 SERAPIONEM.
1441 702 1504 761 455

400 870 618 934 eFloraitiais
632 878 666 935 st
681 871 760 935 ader
774 871 934 935 οοτυνιόοοι
949 873 1088 934 secunda
1103 893 1199 935 mauu
1214 876 1385 934 correctus.
1416 869 1502 931 Zim-

400 993 551 1036 merman.
568 974 667 1037 edidit
684 976 790 1051 εἰδῆτε,
805 974 861 1036 sed
876 977 955 1051 ἴδητε
972 972 1197 1037 Heiniehenus.

445 1076 482 1137 P.
497 1094 571 1155 451.
594 1075 614 1137 l.
629 1093 657 1155 7.
675 1075 907 1153 ἐπικαλουμένης
928 1074 997 1141 νέας
1014 1076 1210 1158 προφητείας]
1231 1073 1449 1137 Tertullianus
1464 1072 1505 1135 (le

396 1175 527 1258 jejuniis
551 1175 653 1240 initio.
700 1177 751 1238 Hi
775 1176 931 1239 Paradae
957 1176 1185 1239 controversiam
1202 1175 1352 1258 faciant:
1373 1183 1505 1259 propter

400 1276 453 1340 ἀοο
466 1299 549 1339 aava
557 1277 727 1360 prophetice
739 1287 926 1340 reeasaalar.
958 1276 1002 1341 Et
1014 1277 1047 1339 in
1058 1276 1112 1339 lib.
1123 1277 1167 1341 iii.
1181 1284 1293 1340 eontra
1307 1276 1504 1341 Marcionem

401 1377 461 1439 sub
475 1376 570 1439 tinem
592 1377 631 1439 de
651 1376 769 1440 oaelesti
791 1376 994 1439 Hierusalem
1013 1377 1155 1460 loquens.
1203 1380 1299 1441 Hane
1317 1387 1345 1441 et
1365 1375 1506 1440 Ezechiel

400 1478 492 1554 auoit,
507 1487 534 1540 et
556 1478 704 1562 apostolae
723 1478 857 1540 loannes
871 1478 961 1554 vidit,
977 1488 1004 1541 et
1018 1479 1072 1562 qni
1086 1479 1173 1562 αρυό
1184 1480 1281 1561 fidem
1302 1489 1434 1543 nostram
1453 1489 1503 1554 est,

400 1599 486 1640 aava
494 1578 665 1661 prephetia>
678 1600 774 1641 sermo
789 1588 922 1655 testatur,
937 1589 970 1641 at
984 1579 1076 1642 etiam
1090 1580 1213 1662 ffpiem
1227 1580 1361 1643 civitatis
1374 1589 1443 1643 ante
1456 1600 1502 1642 re-

394 1679 659 1760 praesentationem
685 1678 747 1759 eyia
769 1679 933 1761 conspectui
947 1680 1093 1761 saturam
1114 1679 1147 1741 ia
1165 1680 1283 1762 κόραυνα
1300 1679 1502 1765 predicarit.

401 1778 449 1840 Et
464 1777 496 1839 in
511 1777 592 1840 libro
607 1779 647 1841 iv.
664 1801 732 1863 cap.
747 1798 797 1845 ον.
836 1778 881 1841 Et
895 1779 928 1841 in
942 1778 996 1840 lib.
1013 1778 1053 1840 de
1069 1778 1312 1843 Resurrectione
1327 1781 1431 1843 earnis
1443 1783 1504 1844 sub

401 1878 507 1940 finem.
555 1879 769 1962 Hieronymus
795 1879 827 1940 in
851 1878 1009 1962 Catalogo
1033 1879 1087 1941 ubi
1113 1879 1152 1942 de
1179 1880 1273 1958 Gaio,
1299 1881 1505 1945 Firmilianus

402 2000 525 2062 quoque
548 1979 580 2041 in
602 1979 737 2064 epistola
758 1980 800 2042 ad
815 1979 1018 2064 Cypriauum.
1063 1979 1122 2042 Illi
1141 1982 1194 2064 qai
1213 1980 1427 2065 Οονοράνηραο
1448 2003 1504 2066 ορ-

394 2080 564 2164 pellantur,
579 2087 607 2142 et
620 2102 711 2143 novas
719 2080 898 2164 ρνοράιιὶαο
912 2101 1061 2166 usurpare
1075 2091 1230 2144 ommatar.
1276 2082 1321 2144 Et
1343 2103 1452 2145 mrsus
1472 2083 1503 2144 in

401 2182 512 2245 eadem
528 2180 671 2265 epistola.
717 2181 813 2244 Plane
826 2182 969 2266 quonia-m
984 2182 1109 2265 qnidam
1124 2183 1161 2246 de
1173 2204 1273 2246 eornm
1289 2182 1433 2270 baptismo
1448 2184 1505 2247 da·

403 2281 508 2360 ditant,
524 2284 578 2367 qai
592 2285 645 2346 etsi
660 2306 746 2347 οοοοι
757 2284 919 2369 prophetas
934 2284 1086 2370 recipiant
1102 2285 1155 2358 dfe.
1201 2286 1301 2348 Vetus
1321 2291 1435 2348 auctor
1450 2285 1503 2368 qui

403 2385 554 2448 adversus
570 2385 789 2469 Cataphrygas
803 2386 940 2470 scripsit,
957 2385 990 2448 in
1005 2385 1160 2469 prooemio
1175 2385 1217 2449 ad
1232 2385 1397 2449 Avireium
1414 2388 1505 2449 Mar-

405 2484 517 2546 cellum
539 2487 587 2546 καὶ
609 2487 788 2564 καταλαβὼν
810 2486 863 2561 τὴν
885 2489 959 2547 κατὰ
982 2489 1102 2548 Πόντον
1117 2487 1282 2575 έκκλησίαυ
1292 2486 1350 2550 ὑπὸ
1371 2491 1420 2564 τῆς
1436 2487 1505 2553 νέας

407 2585 520 2660 ταύτης,
537 2585 593 2664 οὐχ
609 2586 647 2649 ὡς
663 2586 748 2647 αὐτοί
761 2594 838 2664 φασι
852 2588 1042 2664 προφητείας,
1060 2588 1115 2648 &a
1162 2586 1284 2649 Eodem
1304 2587 1504 2650 referendum

403 2690 452 2747 est
469 2684 552 2765 quod
568 2684 684 2766 legitur
698 2684 730 2746 in
745 2685 930 2768 praefatione
942 2685 1104 2748 Passionis
1116 2685 1173 2749 SS.
1188 2687 1355 2769 Perpetuae
1371 2694 1404 2748 et
1421 2686 1504 2750 Feli-

403 2783 520 2848 citatis.
568 2787 673 2870 naqa
687 2795 714 2850 et
728 2806 788 2865 eos,
803 2787 856 2871 qai
869 2787 946 2849 sieut
955 2786 1140 2871 ρνηοάινίαυ,
1157 2788 1203 2850 ita
1222 2796 1249 2850 a
1267 2787 1394 2851 eatena
1412 2810 1505 2852 novas

396 2886 518 2969 pariter
538 2889 731 2971 reprmnissas
745 2898 772 2952 et
793 2890 979 2973 αρτιοιοίτους
1001 2899 1027 2951 a
1047 2889 1224 2951 ἀοινοταυιιις
1242 2891 1299 2952 διο.
1322 2911 1418 2972 quam
1438 2891 1504 2975 qui·

403 2987 475 3050 dem
499 2989 717 3073 praelationem
739 3013 760 3053 a
783 2990 984 3053 Montanista
1007 2990 1144 3074 quodam
1168 2991 1319 3074 scriptam
1345 3013 1413 3054 esse
1440 3014 1504 3055 non

403 3090 526 3153 dubito.
574 3093 658 3154 Nam
679 3100 712 3154 et
732 3093 895 3176 superiora
915 3094 947 3155 id
963 3093 1089 3169 docent,
1106 3092 1159 3155 ubi
1175 3092 1267 3155 dieit:
1291 3094 1359 3157 Sed
1371 3094 1504 3157 uiderint

403 3193 457 3276 qai
479 3214 572 3255 νοιοοι
593 3194 734 3266 virtutem
755 3195 882 3278 spiritns
904 3195 1114 3257 uniusmodi
1130 3215 1192 3277 ρτο
1214 3192 1352 3256 oetatides
1365 3194 1506 3275 judicent

403 3303 586 3377 temporum·
616 3316 682 3357 οιιοι
704 3296 823 3378 majora
844 3295 1016 3377 reputanda
1041 3296 1102 3357 sint
1124 3295 1273 3357 novitiora
1300 3317 1423 3380 paceque
1448 3299 1504 3360 διο.

406 3396 576 3479 Psyehieos
591 3395 674 3459 enim
689 3396 869 3480 alloquitur.
895 3396 1058 3459 Vriesrus.
1075 3396 1290 3478 έπιλεγομένης
1311 3397 1384 3461 edit.
1399 3399 1504 3483 Sept.

405 3494 469 3558 Sed
493 3502 583 3559 extat
611 3495 706 3559 lectio
744 3496 906 3560 Vaksiana
936 3496 1169 3575 ἐπικαλουμένης
1196 3496 1282 3579 apud
1311 3497 1441 3581 Nicepd.
1471 3504 1505 3560 et

404 3597 516 3661 codices
538 3619 646 3660 omnes
668 3605 785 3681 praeter
807 3600 936 3684 Εερίιιυι
960 3605 993 3661 et
1020 3598 1190 3674 Parianus,
1215 3608 1252 3661 ut
1277 3597 1397 3662 indicat
1422 3621 1506 3663 nuno

406 3697 578 3762 Burtonus.

444 3800 534 3865 'lbid.
565 3803 585 3866 l.
601 3803 630 3866 8.
654 3808 734 3883 παρὰ
756 3804 837 3882 πόση
863 3807 898 3881 τῇ
922 3806 955 3865 ἐν
976 3803 1076 3884 κόσμῳ
1100 3800 1292 3882 ἀδελφότητι]
1315 3804 1396 3878 παρὰ
1423 3800 1525 3885 πάοῃ.

405 3906 439 3979 τῇ
475 3904 509 3965 έν
538 3906 657 3987 Χριστῷ
688 3908 868 3985 ἀδελφότητι
904 3907 938 3979 τῇ
970 3904 1027 3964 ἀνά
1061 3902 1114 3977 τὴν
1144 3897 1318 3976 οἰκουμένην
1351 3899 1427 3976 όλην
1456 3899 1506 3961 ed.

406 4001 444 4064 R.
463 4002 572 4086 Steph.
620 4003 683 4066 Sed
709 4005 819 4087 scripti
846 4002 970 4065 eodiees
1000 4001 1084 4063 Mar.
1114 3999 1200 4061 Med.
1225 3997 1307 4059 Ful.
1333 4019 1370 4059 ae
1398 3997 1507 4060 Savilii

406 4102 559 4186 seriptum
581 4103 701 4167 habent
723 4108 757 4189 τῇ
781 4107 814 4167 ἐν
837 4105 936 4185 κόσμῳ
960 4088 1150 4181 ἀδελφότητι,
1172 4107 1206 4161 et
1228 4119 1319 4160 voees
1343 4098 1412 4160 illas
1435 4120 1506 4182 quae

406 4205 590 4279 sequuntur,
609 4201 644 4277 τῇ
670 4203 727 4263 ἀυδ
746 4201 800 4277 τὴν
820 4200 994 4277 οἰκουμένην
1014 4199 1099 4274 ὅλην,
1116 4217 1179 4258 non
1197 4201 1395 4279 agnoscunt3
1421 4196 1505 4278 quod

406 4300 574 4363 confimat
599 4299 740 4363 Rufinus.
764 4301 927 4362 Viriasius.
973 4299 1075 4361 Notat
1100 4296 1275 4372 Strothius,
1298 4295 1465 4359 lectionem
1485 4320 1506 4362 a

408 4397 538 4462 Valesio
560 4409 720 4485 receptam
735 4401 845 4466 haberi
866 4402 900 4464 in
914 4401 1024 4464 codicis
1047 4399 1306 4462 Venetianis
1326 4397 1504 4481 Νίοορδονο,

407 4500 521 4582 quibus
536 4500 636 4565 addas
650 4503 712 4566 eod.
728 4505 820 4586 Norf
837 4514 955 4587 praeter
970 4501 1069 4565 Sunii.
1086 4500 1173 4563 illum
1188 4520 1243 4562 seu
1259 4499 1349 4562 Bodl.
1394 4499 1505 4564 Habet

405 4608 515 4664 autem
531 4601 714 4686 Nicephorum
734 4607 767 4667 ἐν
782 4607 821 4688 τῷ
832 4606 941 4688 κόσμῳ.
970 4603 1014 4667 Et
1029 4602 1073 4666 sio
1090 4600 1185 4665 vertit
1202 4602 1341 4683 Rufinus,
1358 4600 1448 4683 quasi
1460 4601 1506 4663 in-

407 4701 553 4777 venisset,
578 4706 657 4783 παρὰ
683 4704 764 4788 πόσῃ
791 4708 825 4790 τῇ
853 4706 911 4767 ἀνὰ
934 4704 988 4782 τὴν
1014 4702 1188 4782 οἰκουμένην
1213 4702 1288 4777 ὅλην
1313 4702 1505 4783 ἀδελφότητι,
