3809 5650
396 697 462 764 366
769 698 1123 764 ANNOTATIONES

387 882 469 967 fidoi
484 901 550 945 ινα
568 879 740 944 reddebant.
786 880 894 944 Possis
914 881 1012 945 etiam
1030 887 1153 945 vertere
1172 880 1306 945 omnihus
1324 903 1354 945 se
1373 904 1503 948 οαοαοα·

397 983 478 1047 όοαν.
525 982 564 1044 Id
590 981 674 1045 enim
699 981 826 1066 proprie
855 989 905 1046 est
934 984 1161 1064 ἀπολογεῖσθαι.
1207 983 1303 1048 Unde
1327 984 1503 1070 Apologioe

396 1085 610 1160 sacerdotum,
626 1084 667 1147 de
687 1084 801 1168 quibus
820 1084 993 1169 Gregorius
1015 1085 1153 1169 Magnus
1172 1084 1206 1148 in
1228 1085 1501 1150 sacramentario.

399 1188 560 1248 Vnnrsrus.
598 1185 696 1250 Suam
707 1187 806 1271 igitur
815 1185 915 1271 ipsius
925 1186 1220 1271 interpretationem
1230 1188 1388 1272 corrigere
1398 1188 1503 1253 voluit

400 1287 561 1362 Valesius3
596 1310 706 1352 errans
735 1295 855 1365 tamen,
881 1295 918 1352 ut
943 1310 1027 1352 nunc
1051 1296 1160 1352 monet
1187 1289 1416 1366 Heinichcnus,
1442 1291 1501 1375 qui

397 1390 694 1474 Christorphorsoni
715 1390 801 1455 illam
820 1390 948 1474 probat,
963 1390 1059 1454 misso
1078 1389 1198 1455 lectore
1216 1392 1259 1455 ad
1275 1390 1405 1455 Eusebii
1423 1391 1500 1458 Lib.

399 1515 438 1555 ιν.
455 1514 524 1576 cap.
543 1509 594 1574 15.

442 1593 481 1657 P.
491 1613 566 1677 321.
579 1593 598 1654 l.
613 1609 662 1676 15.
673 1594 764 1656 ἔλνον
773 1594 830 1672 μέν
841 1592 983 1667 ἅπαντας,
1002 1593 1164 1673 ἐδέσμευον
1174 1596 1208 1656 δέ
1219 1593 1338 1679 οὐδένα]
1351 1595 1431 1675 Quae
1446 1594 1497 1659 fu·

397 1696 481 1761 erint
496 1701 605 1779 partes
618 1701 795 1779 martyrum
810 1694 843 1758 in
857 1695 1095 1759 reconciliandis
1110 1695 1218 1780 lapsis,
1230 1697 1417 1779 caeterisque
1428 1719 1502 1781 pce-

396 1797 560 1863 catoribus
574 1797 758 1861 revocandis
772 1798 814 1861 ad
825 1798 964 1862 ecclesiae
980 1820 1091 1882 pacem
1105 1797 1498 1882 communicationemque,

398 1901 489 1987 plene
504 1899 678 1963 ostendunt
692 1898 835 1983 epistolae
848 1898 1015 1983 Gypriani;
1038 1907 1195 1984 martyres
1213 1899 1296 1962 enim
1311 1899 1501 1985 neutiquam

400 2025 459 2088 pro
479 2001 639 2086 judicibus
657 2000 691 2063 in
710 2000 927 2085 hujuscemodi
948 2001 1062 2078 causis,
1078 2002 1134 2065 sed
1156 2023 1215 2087 pro
1236 2001 1500 2066 intercessoribus

397 2109 527 2167 tantum
540 2109 575 2165 et
590 2101 859 2185 suffragatoribus,
869 2124 981 2188 gerere
992 2125 1025 2167 se
1037 2108 1198 2187 oportere3
1216 2101 1356 2186 quodibi
1371 2124 1414 2166 ex
1424 2105 1499 2188 jure

395 2212 432 2268 et
458 2202 684 2267 consuetudine
710 2203 873 2286 probatur.
919 2204 1077 2270 Omittere
1101 2207 1158 2284 μὲν
1181 2205 1268 2269 cedd.
1292 2206 1364 2290 Καρ.
1388 2207 1497 2271 Paro.

398 2306 493 2388 Norf.
508 2311 543 2367 et
556 2304 757 2382 Florentes,
774 2327 831 2370 nee
844 2308 937 2384 male,
952 2307 1043 2371 addit
1057 2307 1228 2371 Burtonus.

443 2409 481 2468 P.
497 2423 571 2499 332.
588 2405 607 2469 l.
627 2426 655 2470 1.
670 2409 746 2488 ὑπὲρ
760 2411 820 2472 τῶν
834 2410 1016 2484 λιθαζόντων
1031 2406 1144 2493 ἐδέετο]
1158 2410 1233 2489 ὑπὲρ
1244 2411 1304 2472 τῶν
1317 2410 1501 2490 ὑβριζόντων

398 2505 519 2571 ἐδέοντο
536 2506 705 2592 Chrielcplt.
721 2509 816 2573 Lecti.
834 2510 965 2574 Sanora.
1010 2509 1066 2574 Ita
1080 2516 1114 2574 et
1127 2531 1205 2574 νανν
1218 2510 1255 2573 dc
1269 2509 1354 2574 codd.
1370 2511 1501 2575 Floron-

396 2611 483 2686 νότιόν,
500 2610 556 2673 sed
571 2612 709 2675 secunda
723 2634 829 2677 manu.
872 2613 1022 2678 Ceterum
1032 2613 1092 2675 τόν
1105 2613 1286 2693 ὑβριζόντων
1305 2612 1499 2697 interpreta-

397 2720 540 2776 mentum
552 2720 602 2776 cst
616 2713 747 2778 alterius
762 2715 927 2799 scripturae
941 2723 1002 2778 τῶν
1015 2715 1205 2789 λιθοζόντων,
1221 2735 1292 2777 cum
1306 2714 1438 2777 verbum
1452 2724 1499 2778 λι·

396 2813 475 2892 θάζω
498 2816 666 2894 translate,
688 2839 744 2882 seu
766 2839 859 2881 sensu
881 2814 1064 2903 improprio,
1087 2837 1194 2880 οοαονο
1215 2814 1391 2901 significat3
1420 2838 1499 2902 quo·

367 3000 369 3002 Ι
397 2918 491 2981 modo
506 2919 709 3005 participium
721 2918 872 2983 Latinum
886 2918 1044 3003 ἂνρὶόαννι
1057 2936 1116 3002 pro
1131 2926 1253 2981 οοοαννι
1268 2917 1426 2981 interdum
1442 2940 1500 3003 po-

397 3018 496 3083 situm
511 3027 570 3085 est.
615 3022 686 3085 Vid.
709 3022 800 3085 Gesta
818 3019 907 3105 epod
917 3019 1118 3105 Zenoplilem
1137 3041 1169 3103 p.
1189 3037 1258 3102 105.
1273 3019 1344 3082 Vol.
1362 3020 1421 3083 IV.
1437 3021 1500 3082 Iic-

398 3120 451 3206 tq.
465 3124 558 3186 Saer.
603 3123 676 3187 Non
690 3122 787 3187 vertit
801 3130 892 3186 vetus
907 3122 1063 3206 interpres
1078 3119 1221 3183 Rufinus.
1266 3119 1370 3185 Addit
1388 3127 1499 3185 autem

398 3225 447 3286 καὶ
462 3230 538 3288 ante
551 3229 671 3303 μᾶλλον
685 3226 763 3288 MS.
779 3223 920 3307 Nesseis.

443 3323 524 3387 Ibid.
541 3325 561 3388 l.
578 3326 607 3388 8.
619 3325 717 3409 τοῦτο]
740 3331 832 3389 ταῦτα
851 3324 1023 3409 θόήνόνηνέι.
1040 3325 1133 3388 Lecta
1149 3329 1183 3387 et
1203 3322 1280 3387 Cod.
1299 3323 1497 3389 antellinm.

398 3424 531 3488 Srnorn.
579 3424 642 3488 Sed
659 3425 711 3489 vix
731 3448 810 3511 opus
831 3433 891 3503 est,
907 3434 945 3490 ut
968 3425 1043 3511 quid
1066 3431 1216 3489 mutetur.
1264 3423 1303 3487 ln
1317 3426 1395 3489 MS.
1410 3426 1497 3488 Νοτ-

388 3525 466 3609 sok.
482 3534 666 3611 corruptum
681 3549 778 3611 supra
792 3535 841 3591 est
856 3528 1051 3610 ἆτοπνιχθεὶς
1066 3530 1083 3590 ὁ
1098 3527 1152 3608 θὴρ
1168 3526 1199 3590 in
1216 3528 1390 3608 ἀποπνιγεΐι
1409 3529 1427 3590 ό
1447 3532 1498 3606 θη-

397 3628 461 3707 ρὸν,
478 3635 512 3691 et
527 3627 771 3692 καταπεπωκέναι
786 3629 817 3692 in
834 3628 1103 3693 καταπεπτωκέναι.

444 3729 525 3794 Ibid.
547 3731 567 3794 l.
594 3751 642 3796 12.
664 3735 739 3795 κατὰ
764 3732 896 3813 πόντων]
925 3735 1000 3795 κατὰ
1023 3730 1129 3795 πάντα.
1176 3730 1227 3794 Sic
1248 3753 1288 3793 ex
1308 3730 1415 3794 codice
1436 3731 1499 3796 Re-

397 3832 450 3917 gio
472 3831 573 3896 edidit
597 3833 787 3917 Stephanus.
833 3834 958 3917 Reliqui
980 3840 1088 3897 tamen
1110 3832 1233 3895 codices
1258 3832 1342 3895 Maz.
1360 3832 1499 3898 Madet

400 3934 483 3998 Fuk.
500 3934 653 4019 scriptum
668 3935 788 3999 habent
803 3939 877 3998 κατὰ
894 3934 1016 3998 πόντων
1032 3936 1196 4015 νικηφόρα.
1242 3934 1283 3996 Id
1302 3941 1352 3997 est
1372 3935 1413 3997 de
1431 3956 1499 3997 om·

397 4036 490 4099 nibus
505 4036 650 4100 victores.
697 4037 895 4120 Nicephorus
911 4056 986 4099 vero
1001 4035 1048 4098 ita
1066 4035 1150 4097 hunc
1170 4033 1271 4096 locum
1292 4034 1432 4112 refinxit,
1450 4038 1499 4099 καὶ

397 4135 506 4203 πάντες
527 4140 689 4216 νικηφόροι,
713 4140 768 4201 &a
794 4136 959 4200 Vnnrsrus.
1003 4136 1084 4200 Cum
1101 4134 1221 4199 Valesii
1241 4135 1402 4199 codicibus
1421 4135 1500 4200 facit

398 4246 532 4321 uterque
546 4260 643 4302 meus.
690 4238 782 4302 Nune
797 4237 888 4301 addit
903 4238 1031 4301 codicem
1047 4239 1141 4300 γονον.
1154 4244 1187 4300 et
1201 4235 1338 4300 sortasse
1347 4236 1457 4300 Ρανίτ.
1470 4256 1500 4301 1.

398 4341 573 4403 Burtonus.
618 4340 707 4403 Ante
727 4340 811 4403 Θεὸν
829 4339 880 4402 hic
900 4345 933 4401 ct
956 4338 1099 4421 proxime
1120 4345 1194 4424 post
1216 4337 1368 4402 articulus
1390 4338 1445 4401 τὸν
1466 4338 1500 4401 in

397 4440 474 4503 cod.
489 4440 630 4523 Nesseis.
647 4439 769 4524 positus
784 4446 845 4503 cst.

442 4540 526 4602 Ibid.
544 4539 564 4602 l.
584 4561 634 4625 13.
653 4540 771 4620 εἰρήνην
791 4539 1001 4621 ἀγαπήσαντες
1021 4540 1079 4615 ἀεὶ,
1095 4541 1142 4603 καὶ
1163 4540 1281 4620 εἰρήνην
1300 4540 1370 4618 ἡμῖν
1388 4564 1499 4621 παρεγ-

397 4638 577 4723 γνήοοντες]
606 4643 686 4703 Post
712 4641 891 4706 Strothium
917 4641 1045 4725 quidem
1067 4664 1107 4705 ex
1129 4642 1200 4705 edit.
1227 4640 1377 4725 Stephani
1398 4646 1498 4723 atqua

397 4740 570 4824 Niceplcro
583 4761 756 4824 pronomen
770 4744 840 4821 ἡμῖν
855 4764 914 4825 pro
929 4744 976 4805 ἀεὶ
986 4742 1120 4807 lectione
1129 4742 1247 4808 Valesii
1258 4741 1403 4827 reposui;
1420 4742 1499 4806 dum
