3809 5650
394 629 436 690 12
727 626 963 707 RELIQUIAEI
988 626 1159 692 SAORAE.

912 892 980 963 VI.

546 1054 604 1116 Εο
618 1059 737 1117 incerto
753 1054 843 1132 libro,
859 1057 927 1117 sive
942 1055 1046 1130 libris,
1062 1052 1201 1138 ejusdem
1219 1056 1342 1139 Operis.

440 1181 501 1244 Kal
516 1183 533 1243 ὁ
549 1186 601 1244 νῦν
617 1183 649 1244 δέ
663 1182 733 1259 ἡμῖν
747 1182 929 1259 όηλοτίμενος
940 1183 1072 1258 Παπίας,
1096 1187 1204 1264 (inquit
1225 1185 1373 1245 Eusebius
1386 1185 1437 1245 lib.
1452 1186 1494 1244 iii.

397 1304 478 1363 Hier.
494 1305 575 1366 Εοσί.
590 1325 652 1383 oap.
667 1305 736 1370 ult.)
760 1299 828 1364 τοὺς
848 1300 905 1376 μὲν
923 1304 983 1362 τῶν
1004 1299 1182 1361 ἀποστόλων
1203 1299 1313 1380 λόγους
1334 1302 1415 1379 παρά
1436 1304 1495 1362 τῶν

395 1415 494 1483 αὐτοῖς
516 1419 818 1497 παρηκολουθηκότων
840 1419 987 1497 ὁμολογεῖ
1007 1414 1234 1496 παρειληφέναι·
1249 1414 1442 1496 Ἀριστίωνος
1461 1418 1521 1486 ils

396 1535 445 1598 καὶ
469 1539 523 1597 τοῦ
545 1534 750 1615 πρεσβυτέρου
768 1532 920 1610 Ἰωάννου,
945 1531 1089 1610 αὖτήκοον
1113 1531 1219 1595 ἑαυτὸν
1243 1532 1319 1613 φησὶ
1340 1532 1494 1612 γενέσθαι,

396 1650 540 1728 ὀνομαστὶ
562 1654 636 1729 γοῦν
655 1647 802 1715 πολλάκις
823 1650 919 1712 αὐτῶν
938 1649 1153 1728 μνημονεύσας,
1173 1649 1207 1710 έν
1229 1652 1290 1713 τοῖς
1312 1646 1401 1709 αὐτοῦ
1422 1671 1494 1726 συγ-

396 1766 549 1847 γράμμασι
569 1767 685 1844 τίθησιν
700 1766 795 1828 αὖτῶν
810 1768 997 1846 παραδόσεις·
1022 1766 1070 1828 καὶ
1089 1768 1180 1826 ταῦτα
1199 1762 1223 1827 δ’
1239 1764 1308 1841 ἡμῖν
1328 1763 1380 1824 οὐκ
1400 1765 1443 1828 είς
1461 1761 1495 1823 τό

396 1881 548 1962 ἄχρηστον
564 1880 699 1961 εἰρήσθω.
733 1883 818 1960 ἀξιον
832 1885 865 1945 δὲ
879 1889 945 1948 ταῖς
960 1881 1168 1946 ἀποδοθείσαις
1181 1885 1234 1941 τοῦ
1249 1880 1355 1941 Παπία
1369 1883 1495 1960 φωναῖς,

398 2009 477 2079 (quoe
491 2003 634 2081 descripta
648 2016 717 2061 sunt
732 2025 819 2082 supra
836 2025 901 2083 pag.
916 2007 955 2078 7.)
977 1996 1135 2078 προσάψαι
1154 1997 1253 2075 λέξεις
1275 1996 1377 2077 ἑτέρας
1396 1996 1495 2073 αὐτοῦ,
1510 2013 1546 2052 10

397 2110 431 2174 δι’
455 2114 497 2175 ὧν
523 2111 675 2193 παράδοξά
698 2138 765 2176 τινα
789 2116 904 2195 ἱστορεῖ
926 2116 975 2178 καὶ
1001 2116 1093 2190 ἀλλα,
1119 2115 1158 2181 ὥς
1184 2114 1221 2177 ἂν
1245 2117 1279 2178 ἐκ
1303 2115 1497 2195 παραδόσεως

399 2228 440 2292 είς
462 2227 553 2290 αὐτὸν
575 2230 713 2292 έλθόντα.
757 2229 791 2291 τὸ
814 2232 871 2308 μὲν
896 2231 950 2293 οὖν
978 2234 1051 2293 κατά
1073 2230 1128 2308 τὴν
1150 2228 1320 2311 Ἱερόπολιν
1343 2231 1497 2293 Φίλιππον

397 2343 449 2406 τὸν
475 2346 647 2409 ἀπόστολον
669 2343 731 2425 ἅμα
755 2353 820 2413 ταῖς
843 2347 1006 2428 θυγατράσι
1029 2349 1191 2429 διατρῖψαι,
1215 2351 1263 2411 ua
1285 2354 1344 2411 τῶν
1364 2349 1497 2427 πρόσθεν

400 2474 501 2546 (supra
524 2489 586 2548 cap.
604 2489 652 2544 31.
671 2471 759 2546 hujus
781 2470 830 2528 lib.
848 2472 927 2528 Hirr.
946 2470 1066 2547 Euseb.)
1093 2463 1264 2542 δεδήλωται.
1302 2465 1341 2531 ὡς
1366 2465 1398 2526 δὲ
1422 2464 1497 2525 κατὰ

397 2579 464 2645 τοὺς
479 2579 584 2646 αὐτοὺς
597 2583 613 2642 ό
630 2582 751 2647 Παπίας
766 2584 936 2661 γενόμενος,
946 2581 1083 2662 διήγησιν
1094 2580 1313 2663 παρειληφέναι
1328 2582 1496 2660 θαυμασίαν
1509 2593 1544 2653 15

396 2696 453 2758 ὑπὸ
468 2703 527 2759 τῶν
541 2703 593 2759 τοῦ
609 2700 761 2762 Φιλίππου
782 2698 950 2778 θυγατέρων
971 2699 1156 2777 μνημονεύει,
1172 2701 1209 2762 τά
1230 2704 1283 2761 νῦν
1304 2696 1495 2780 σημειωτέον.

398 2820 502 2895 νεκροῦ
517 2818 575 2897 pop
590 2815 760 2881 ἀνάστασιν
774 2819 836 2881 κατ’
852 2817 943 2881 αὐτόν
958 2823 1118 2898 γεγονυῖαν
1134 2819 1255 2898 ἱστορεῖ·
1279 2817 1327 2880 καί
1347 2817 1384 2880 οὗ
1404 2815 1497 2884 πάλιν

399 2933 501 3012 ἕτερον
515 2934 683 3015 παράδοξον
693 2936 760 3015 περὶ
768 2934 903 2998 Ἰοῦστον
914 2935 967 2998 τὸν
978 2935 1176 3011 ἐπικληθέντα
1188 2940 1352 3016 Βαρσοβᾶν
1361 2935 1495 3016 γεγονός·

398 3052 437 3118 ὡς
458 3052 633 3133 δηλητήριον
652 3051 810 3134 φάρμακον
827 3055 992 3131 ἐμπιόντας,
1010 3054 1057 3115 καὶ
1078 3056 1170 3133 μηδὲν
1193 3055 1278 3132 ἀηδὲς
1300 3056 1348 3116 διὰ
1369 3052 1423 3131 τὴν
1445 3055 1497 3114 τοῦ

399 3170 507 3249 Κυρίου
535 3169 624 3251 χάριν
647 3160 1062 3248 ὑπομείναντος.--·Καί
1085 3169 1167 3230 άλλα
1190 3171 1223 3231 δὲ
1245 3171 1261 3230 ό
1287 3169 1375 3235 αὐτὸς
1400 3171 1439 3235 ὡς
1464 3171 1496 3231 έκ
1508 3197 1546 3235 20

433 3407 469 3460 Et
490 3407 584 3477 Papias
621 3408 711 3462 uidem
730 3409 832 3479 dequo
850 3424 922 3462 nuuc
973 3407 1077 3461 filiabus
1103 3407 1239 3476 Hierapoli
1266 3406 1360 3477 degere
1389 3408 1498 3461 solitum

398 3493 547 3530 sermonem
570 3477 606 3530 ha
639 3494 709 3540 mus,
731 3478 921 3547 Apostolorum
973 3478 1095 3546 superius
1126 3477 1276 3531 docuimus.
1324 3477 1406 3530 Nunc
1435 3495 1498 3531 vero

397 3544 475 3607 dicta,
488 3546 522 3598 ab
535 3546 567 3600 iis
579 3546 625 3617 qui
641 3563 703 3599 curn
715 3546 851 3615 Apostolis
864 3563 922 3599 ver·
973 3545 1199 3616 quemadmodum
1218 3546 1321 3615 Papias,
1339 3547 1385 3616 qui
1403 3546 1498 3600 iisdem

397 3615 447 3667 sati
460 3614 573 3679 fuerant,
586 3633 614 3668 se
626 3616 757 3685 accepisse
768 3615 921 3684 profitetur:
972 3616 1137 3683 temporibus
1156 3616 1230 3679 vixit,
1244 3615 1391 3670 mirabilem
1413 3634 1498 3696 quan·

397 3684 540 3737 Aristionis
561 3692 649 3738 sutem
671 3694 697 3738 et
714 3684 827 3738 Joannis
846 3684 922 3737 Pres-
974 3684 1036 3737 dam
1048 3686 1224 3738 narrationem
1236 3702 1252 3737 a
1263 3685 1379 3753 Philippi
1393 3685 1497 3739 fihabus
1509 3692 1544 3752 25

398 3752 416 3807 b
462 3753 484 3806 ri
509 3753 657 3807 auditorem
684 3771 712 3807 se
739 3754 802 3807 dicit
832 3754 922 3807 fuisse.
973 3770 1034 3806 acce
1053 3754 1105 3807 isse
1141 3772 1169 3807 se
1203 3754 1291 3817 refert,
1324 3771 1497 3823 exponamus.

399 3761 488 3875 λέξις
499 3832 568 3876 certe
580 3840 640 3894 quse
653 3822 686 3876 ab
699 3824 730 3882 iis
742 3822 839 3876 tradita
850 3840 923 3876 acce·
974 3772 1072 3876 Senia
1095 3823 1166 3876 enirn
1189 3835 1326 3877 mortuum
1350 3841 1399 3876 sua
1422 3833 1499 3877 aetate

431 3900 480 3954 rat,
490 3892 609 3961 ipsorum
621 3893 777 3946 nominatim
790 3893 923 3945 mentione
972 3891 1006 3945 ad
1018 3893 1099 3945 vitam
1112 3910 1169 3946 esse
1181 3902 1341 3946 revocatum.
1376 3893 1499 3946 Alterum

408 3971 474 4025 aeta,
493 3962 519 4014 iu
538 3962 733 4015 commentariis
751 3962 806 4015 suis
824 3962 921 4015 retulit.
991 3979 1078 4032 uoque
1091 3962 1185 4031 ingens
1200 3963 1358 4015 miraculum
1372 3962 1450 4016 refert
1466 3962 1499 4015 de

397 4032 486 4102 Atque
505 4030 562 4085 hac
583 4030 691 4102 quidem
708 4050 764 4086 non
781 4032 922 4101 superflue,
973 3980 1053 4085 duero
1068 4032 1120 4112 ¹qui
1142 4032 1272 4086 Barrabas
1296 4033 1499 4102 cognominatus
1508 4045 1547 4102 30

397 4110 428 4154 ut
437 4101 669 4164 arbitror,anobis
679 4101 820 4155 dictasint.
840 4101 923 4154 Porro
974 4111 1029 4164 est;
1048 4119 1094 4172 qus
1113 4119 1174 4154 cum
1192 4101 1286 4154 lethale
1337 4103 1427 4155 culum
1444 4102 1499 4154 ebi-

398 4171 600 4239 operaepretium
623 4171 711 4233 fuerit,
733 4189 814 4241 supra
837 4171 923 4224 citatis
973 4170 1064 4234 bisset,
1088 4180 1177 4225 tumen
1202 4171 1253 4223 Dei
1307 4172 1383 4240 jutus
1407 4172 1499 4241 gratia,

398 4238 487 4307 Papiae
511 4239 608 4301 verbis,
629 4241 680 4293 alia
703 4242 781 4293 etism
804 4240 924 4310 ejusdem
974 4242 1078 4293 nullum
1094 4239 1157 4293 inde
1174 4241 1274 4309 accepit
1290 4240 1498 4293 incommodum.

397 4308 549 4361 testimonis
582 4308 735 4378 ad'ungere,
765 4310 793 4362 in
826 4309 923 4379 quibus
973 4310 1124 4363 —ldem
1154 4320 1279 4378 praeterea
1308 4310 1359 4362 scri
1379 4319 1421 4361 tor
1450 4310 1500 4361 alia

397 4376 525 4428 miracula
544 4327 666 4445 quadam
687 4396 719 4430 ex
740 4378 851 4430 aliorum
871 4378 923 4430 fide
974 4381 1102 4431 nonnulla
1120 4377 1200 4431 nudae
1217 4379 1290 4431 vocis
1307 4387 1348 4431 tra
1367 4379 1447 4430 itione
1465 4377 1498 4430 ad
1508 4381 1544 4441 35

398 4460 428 4497 ac
440 4443 581 4497 traditione
593 4456 790 4500 commemorat.
821 4447 922 4516 Philip·
974 4466 1002 4501 se
1020 4449 1170 4517 pervenisse
1187 4456 1308 4509 testatur,
1321 4464 1402 4499 novas
1418 4463 1498 4516 quas·

399 4530 464 4581 pum
483 4513 590 4583 quidem
611 4514 770 4582 Apostolum
789 4533 924 4569 unacum
974 4516 1035 4570 dam
1048 4517 1146 4570 scilicet
1159 4515 1305 4569 Servatoris
1319 4515 1456 4585 parabolas
1469 4532 1498 4568 ac
