3809 5650
397 668 474 725 'xxx
769 642 1075 716 PRAEFATIO.

396 858 417 895 “
435 846 582 928 chano.
631 841 742 923 Nam
762 869 857 923 cum
878 841 922 921 in
943 838 1097 919 Usserii
1123 836 1233 916 notis
1259 836 1311 916 ad
1333 835 1446 915 Mar-

396 990 418 1027 “
437 979 592 1087 tyrium
623 976 673 1056 B.
696 972 922 1083 Polycarpi‚
950 970 1279 1079 manuscriptum
1311 971 1443 1049 Euse-

396 1124 418 1161 “
437 1112 572 1193 bianae
591 1109 773 1190 historiae
790 1107 974 1189 codicem
995 1133 1045 1185 ex
1067 1102 1316 1185 bibliotheca
1335 1103 1448 1183 Savi-

396 1259 418 1294 “
437 1247 548 1328 liaua
562 1245 722 1326 laudari
739 1242 1133 1335 animadvertissem,
1143 1266 1324 1346 eumque
1336 1238 1448 1319 codi-

397 1393 419 1430 “
437 1409 527 1463 cern
556 1380 726 1490 optimae
755 1390 866 1458 notre
889 1404 976 1458 esse
1001 1404 1053 1457 ex
1081 1372 1240 1482 aliquot
1268 1372 1367 1455 locis
1396 1375 1447 1453 ab

398 1527 419 1562 “
439 1515 606 1596 Usserio
633 1510 805 1621 prolatis
835 1509 1213 1618 deprehendissem,
1243 1507 1447 1616 postulavi

399 1660 420 1696 “
439 1651 491 1730 ab
510 1677 560 1731 eo
578 1676 653 1756 per
678 1646 831 1741 literas,
849 1656 899 1725 ut
925 1644 1056 1724 varias
1076 1646 1166 1752 ejus
1186 1642 1337 1724 codicis
1362 1640 1445 1723 lec·

398 1796 420 1833 “
440 1784 574 1866 tiones
595 1785 823 1891 (integrum
851 1780 962 1862 enirn
993 1782 1046 1861 ab
1065 1807 1114 1860 eo
1138 1777 1335 1860 collatum
1363 1806 1449 1860 esse

398 1929 421 1965 “
439 1919 742 2021 existimabam)
782 1916 835 1996 ad
873 1942 941 1996 me
983 1914 1299 1994 transmitteret.
1371 1911 1449 1993 llle

399 2063 422 2100 “
440 2081 537 2134 vero
556 2052 740 2133 codicem
760 2052 931 2158 quidem
951 2050 1087 2160 ipsum
1108 2049 1150 2130 in
1168 2049 1310 2130 charta
1326 2048 1451 2156 scrip

400 2198 422 2234 “
440 2199 532 2269 tum
567 2184 823 2292 bombycina,
857 2183 1122 2265 bibliothecae
1160 2181 1389 2263 Oxoniensi
1426 2211 1450 2263 a

401 2333 422 2369 “
442 2319 593 2402 Savilio
612 2322 814 2402 donatum
835 2320 962 2401 fuisse
982 2319 1085 2400 mihi
1101 2318 1322 2428 rescripsit.
1356 2319 1446 2400 Car·

401 2466 580 2536 “terum
614 2453 841 2535 editionem
871 2454 1046 2535 Roberti
1078 2430 1275 2563 Stephani
1309 2454 1448 2535 statim

401 2590 496 2670 “ad
534 2617 601 2670 me
639 2588 762 2685 misit,
801 2589 844 2669 in
884 2592 1004 2698 cujus
1045 2589 1231 2697 margine
1276 2587 1451 2669 Savilius

402 2733 424 2770 “
443 2721 754 2803 emendationes
769 2750 820 2804 ex
839 2750 915 2804 suo
930 2722 1003 2803 illo
1018 2724 1300 2831 manuscripto
1312 2723 1452 2804 codice

403 2868 424 2905 “
443 2860 709 2966 depromptas
733 2859 1014 2940 adnotaverat.
1074 2860 1290 2949 Quantum
1311 2873 1450 2939 tamen

402 2993 647 3102 “conjicere
676 2993 807 3101 potui,
840 3022 925 3074 non
955 3022 1097 3075 omnes
1130 2994 1271 3102 scripti
1302 2995 1453 3077 codicis

404 3125 642 3208 “lectiones
672 3127 726 3208 ad
755 3125 865 3208 latus
893 3129 1088 3210 editionis
1118 3129 1230 3210 illius
1260 3132 1453 3239 apposuit

404 3270 426 3308 “
444 3260 631 3355 Savilius
650 3260 723 3340 sed
747 3287 815 3339 eas
840 3272 1005 3341 tantum
1026 3289 1129 3370 quas
1153 3265 1281 3343 bonas
1303 3275 1453 3344 certas

405 3402 426 3439 “
444 3420 527 3500 que
553 3420 640 3473 esse
666 3392 938 3473 existimabat.
996 3393 1200 3482 Quaedam
1232 3395 1342 3475 enim
1373 3396 1454 3477 lec-

405 3526 580 3607 “tiones
606 3529 658 3607 ab
682 3526 845 3606 Usserio
868 3554 891 3607 e
915 3527 1069 3637 scripto
1095 3527 1167 3609 ilto
1193 3530 1333 3612 codice
1360 3559 1454 3639 pro-

406 3670 427 3707 “
445 3662 651 3757 feruntur,
681 3688 784 3769 quas
813 3688 837 3741 a
865 3659 1017 3742 Savilio
1048 3664 1338 3772 praetermissas
1368 3694 1454 3747 esse

406 3805 428 3842 “
446 3807 589 3905 postea
607 3794 875 3903 deprehendi.
925 3797 1132 3879 Praeterea
1151 3798 1262 3879 idem
1279 3799 1454 3882 Savilius

406 3931 496 4011 “ad
528 3958 641 4012 oram
677 3928 789 4011 illius
821 3931 1018 4013 editionis
1053 3932 1206 4015 multas
1238 3936 1455 4046 adscripsit

407 4066 758 4148 “emendationes
795 4094 847 4147 ex
881 4067 1021 4147 codice
1055 4067 1229 4150 Joannis
1264 4067 1451 4155 Christo·

407 4210 429 4248 “
447 4201 655 4310 phorsoni,
692 4229 818 4309 quem
856 4200 1013 4283 scilicet
1057 4203 1456 4315 Christophorsonus

406 4346 429 4381 “
447 4363 542 4416 cum
558 4335 719 4446 aliquot
733 4338 1024 4449 manuscriptis
1040 4339 1344 4450 exemplaribus
1359 4370 1456 4424 con-

407 4477 430 4515 “
448 4466 642 4551 tulerat.'’
700 4471 805 4552 Haec
830 4473 893 4552 vir
927 4476 1255 4569 eruditissimus;
1285 4477 1456 4584 quibus-
