3809 5650
587 682 634 745 IN
658 680 879 746 SENIORES
903 679 1033 743 APUD
1057 678 1302 742 IRENAEUM.
1455 679 1498 742 (ia

925 995 972 1066 V.

443 1164 525 1228 lbid.
537 1166 557 1227 l.
577 1185 622 1228 ιο.
633 1163 908 1244 Quemadmodum
923 1163 1029 1226 audivi
1046 1163 1120 1248 dre]
1138 1163 1221 1227 Sunt
1232 1164 1323 1227 bonae
1337 1164 1419 1249 frugi
1433 1165 1500 1227 haec

398 1269 495 1344 dicta,
512 1268 576 1330 sive
599 1267 641 1330 ab
662 1288 717 1329 ore
738 1265 880 1348 alicujus,
897 1264 962 1326 sive
981 1287 1001 1327 a
1021 1265 1141 1349 scripto
1164 1266 1240 1350 ejus,
1257 1277 1407 1349 accepta;
1431 1288 1501 1349 quse

400 1370 425 1433 si
449 1391 511 1430 non
535 1368 641 1430 onmia
664 1366 740 1451 ipsis
756 1365 859 1429 verbis
878 1366 1018 1429 Senioris
1039 1389 1199 1449 expressa,
1216 1390 1254 1430 ea
1280 1377 1388 1431 tamen
1410 1368 1503 1452 hujus

399 1471 578 1555 presbyteri
598 1469 705 1543 fuisse,
722 1490 821 1551 usque
844 1468 919 1529 dum
934 1468 1057 1530 veneris
1077 1468 1119 1530 ad
1138 1469 1230 1531 Pauli
1255 1470 1392 1552 apostoli
1407 1469 1504 1531 verba

401 1573 432 1633 in
463 1571 560 1655 priori
595 1571 637 1633 ad
667 1567 852 1632 Corinthios
886 1568 1031 1652 epistola,
1063 1568 1136 1632 licet
1169 1569 1325 1654 colligere,
1357 1593 1428 1632 cum
1464 1591 1504 1632 ex

401 1680 565 1736 structura
581 1671 744 1746 orationis,
762 1692 832 1753 quse
848 1692 868 1732 a
883 1670 1005 1733 directa
1026 1669 1128 1732 forma
1146 1670 1179 1732 in
1196 1672 1325 1733 modum
1346 1672 1504 1736 infinitum

399 1774 537 1837 subinde
552 1779 708 1849 mutatur,
720 1779 787 1835 tum
801 1793 875 1834 vero
890 1794 929 1834 ex
941 1772 1046 1835 verbis
1061 1771 1133 1847 illis,
1148 1773 1225 1834 sicot
1239 1773 1321 1835 dreit
1332 1773 1506 1856 Presbyter,

402 1883 434 1939 et
449 1875 551 1960 irrqae't
566 1875 619 1939 ile
633 1876 752 1951 Senior,
768 1879 881 1956 postea
897 1873 949 1936 lin.
965 1894 1012 1956 19.
1029 1894 1101 1957 pag.
1113 1892 1165 1956 51.
1183 1887 1216 1936 et
1232 1873 1286 1935 lin.
1303 1895 1348 1937 ιο.
1365 1897 1438 1960 pag.
1452 1893 1504 1958 52.

402 1976 609 2060 interpositis.
666 1976 827 2051 Conferas,
845 1997 916 2058 quae
942 1976 982 2037 do
1006 1975 1066 2037 hac
1091 1974 1178 2055 ῥήσει
1201 1976 1345 2059 superius
1371 1976 1438 2039 dixi
1462 1977 1505 2040 ad

405 2079 542 2153 Parma,
560 2078 690 2162 Fragm.
706 2077 746 2140 iv.
763 2100 794 2161 p.
809 2094 860 2156 24.

448 2178 527 2241 lbid.
546 2179 566 2240 l.
580 2198 629 2242 12.
652 2179 694 2241 ab
710 2198 767 2240 n1s
788 2199 845 2244 orn
869 2177 1107 2262 mmesnnnr]
1131 2176 1312 2240 Dodwellus
1327 2179 1456 2242 Dissert.
1475 2179 1505 2242 1.

404 2281 437 2342 ire
462 2281 614 2342 Irenoerere
638 2284 668 2362 ξ.
683 2283 712 2342 6.
734 2303 765 2363 p.
783 2301 830 2340 ιι.
855 2287 875 2316 “
893 2278 1069 2342 Posteriori
1093 2279 1146 2343 illo
1170 2279 1358 2343 discentium
1382 2280 1508 2344 nomine

405 2391 425 2417 ⁴‘
440 2382 520 2457 illos,
533 2389 571 2444 ut
586 2380 743 2456 existimo,
757 2380 979 2464 complectitur
994 2381 1121 2444 Domini
1138 2381 1316 2466 discipulos,
1329 2382 1383 2467 qui
1399 2391 1508 2447 tamen

407 2491 426 2519 “
442 2506 504 2546 non
520 2484 638 2546 fuerint
650 2482 809 2567 Apostoli,
823 2482 931 2566 quales
946 2490 1039 2546 erant
1057 2484 1167 2567 Papise
1177 2483 1320 2546 Joannes
1337 2484 1509 2569 Presbyter

407 2592 427 2622 “
443 2592 476 2648 et
497 2583 673 2646 Aristion.''
717 2583 793 2645 Vid.
811 2590 844 2646 et
859 2585 988 2647 Dissert.
1001 2584 1041 2646 iv.
1059 2587 1088 2664 ξ.
1101 2605 1133 2668 3.
1148 2606 1179 2666 p.
1195 2603 1266 2668 292.
1314 2584 1380 2647 Ubi
1401 2593 1508 2648 tamen

405 2685 453 2748 vir
468 2686 505 2748 cl.
525 2686 628 2747 minus
642 2707 725 2759 vere,
743 2694 779 2748 ut
794 2686 917 2769 opinor,
935 2707 1037 2767 neque
1060 2685 1120 2746 sibi
1136 2685 1214 2748 satis
1237 2689 1446 2760 consentiens,
1463 2689 1508 2752 s'ic

408 2787 565 2851 Irenaeum
578 2787 810 2870 interpretatus
822 2793 887 2858 est;
902 2786 1078 2850 “Meminit
1089 2787 1310 2871 presbyterum
1322 2790 1508 2872 (Irenaeus),

407 2897 427 2926 “
444 2889 498 2973 qui
511 2911 574 2951 non
586 2888 672 2972 ipsos
686 2888 823 2951 audierit
835 2888 998 2972 apostolos
1013 2902 1070 2952 ant
1086 2890 1256 2974 discipulos
1268 2892 1439 2967 chrosroes,
1452 2893 1509 2955 sed

413 3000 432 3026 “
449 2991 665 3075 apostolorum
681 2990 969 3074 discipulorumque
985 2992 1138 3053 αὐτόπτων
1153 2991 1350 3074 discipulos.''

452 3092 535 3155 lbid.
552 3093 572 3155 l.
588 3111 638 3155 aa.
664 3092 834 3174 Bersabee]
861 3090 1003 3154 Bersabee
1019 3092 1157 3155 Grabius
1180 3100 1254 3177 post
1277 3094 1340 3156 eod.
1357 3094 1508 3160 Aroodel.

407 3205 441 3259 et
456 3195 558 3258 multa
572 3201 631 3257 τῶν
646 3197 663 3257 ό
677 3194 880 3277 exemplaria,
897 3216 968 3277 quae
984 3193 1105 3256 habent
1121 3194 1288 3272 Βεθσαβεέ.

451 3300 490 3359 Ρ.
506 3316 559 3380 50.
583 3296 603 3358 l.
620 3314 668 3358 12.
692 3295 926 3380 operationem]
959 3295 1025 3358 Alii
1049 3296 1241 3378 operationes.
1288 3297 1445 3360 Mnssusr.
1469 3298 1511 3361 ad

410 3400 493 3461 Iron.

454 3499 537 3562 lbid.
553 3500 573 3561 l.
592 3520 638 3579 ¹4·
663 3498 826 3561 Psalmum
842 3498 1135 3582 exhomologoseos]
1162 3499 1257 3563 Hunc
1276 3522 1344 3563 esse
1360 3501 1513 3584 quinqua·

410 3602 565 3686 gesimum
592 3600 690 3663 etiam
716 3600 860 3662 latentur
883 3600 1024 3677 Hebraei,
1051 3602 1230 3684 hujusmodi
1255 3603 1385 3665 titulum
1411 3604 1514 3665 eidem

411 3704 595 3787 affigentes;
621 3701 767 3763 Peolmes
784 3702 903 3777 David,
919 3702 1040 3785 quondo
1055 3704 1134 3765 coeit
1149 3704 1193 3766 ed
1208 3726 1273 3766 eom
1288 3704 1418 3767 Nathan
1433 3707 1514 3767 Pro-

405 3805 509 3888 pheta,
526 3804 648 3887 quoodo
663 3804 793 3866 introvit
807 3803 852 3865 ad
864 3802 1032 3866 Belloebee.
1079 3804 1281 3868 ansnnrnr.
1297 3807 1338 3868 ad
1354 3807 1440 3870 Iron.

455 3906 538 3968 lbid.
555 3905 576 3966 l.
594 3923 640 3985 17.
664 3904 867 3988 sapientiam]
896 3906 1013 3967 Vocem
1028 3906 1091 3968 Dei
1110 3906 1262 3981 revocavi,
1280 3929 1375 3989 quam
1396 3930 1435 3969 ex
1450 3908 1512 3969 cccl.

410 4006 752 4069 Amodel.i1ied.sua
770 4006 885 4068 lrenaei
904 4006 1043 4069 Grabius
1063 4007 1216 4090 adjecisse
1234 4029 1268 4069 se
1288 4007 1423 4079 dixerat,
1440 4007 1514 4090 quia

411 4131 501 4173 sacer
527 4115 647 4182 textus,
674 4131 737 4193 quo
767 4115 893 4191 spectat
921 4108 1070 4183 lrenaeus,
1095 4109 1277 4191 sapientiam
1303 4109 1366 4172 Dei
1395 4131 1512 4172 memo-

411 4219 471 4276 ret.

456 4311 638 4374 lbid.l.18.
663 4317 774 4393 typum
795 4311 860 4373 veri
881 4309 1008 4394 templi]
1034 4309 1213 4373 Salomonis
1230 4311 1384 4394 templum
1404 4317 1517 4395 typum

411 4413 508 4476 fuisse
529 4412 651 4476 Christi
667 4412 806 4489 Domini,
823 4413 922 4495 liquet
938 4434 977 4474 ex
993 4410 1014 4473 J
1017 4432 1089 4474 oan.
1106 4411 1138 4473 ii.
1154 4431 1200 4473 11.
1244 4412 1355 4476 Solvite
1378 4414 1518 4498 templum

412 4513 464 4576 tec
480 4516 536 4577 dte.
553 4514 637 4596 quod
653 4513 816 4597 eleganter
830 4512 969 4597 explicat
983 4513 1181 4576 Athanasius
1196 4511 1350 4577 Oratione
1364 4533 1395 4596 5.
1406 4525 1518 4580 contra

414 4613 566 4677 Arianos.
614 4614 816 4676 Frcsnnsnr.
833 4615 885 4677 ad.
903 4615 989 4677 [reo.

460 4716 543 4777 lbid.
575 4722 608 4777 et
634 4714 753 4798 glorias
783 4717 966 4798 exponebat
998 4718 1068 4797 bc]
1103 4714 1237 4785 Alludit,
1265 4716 1325 4777 nisi
1351 4714 1454 4788 fallor,
1477 4718 1518 4778 ad
