3809 5650
474 666 539 732 466
870 663 1172 729 APOLLONIUS.

472 837 611 907 haeresis
634 834 937 927 Catephrygarum
969 834 1133 905 habuerit
1163 836 1358 905 exordium.
1410 835 1586 905 cTertul-

472 959 586 1029 lianus
608 980 670 1027 sex
696 957 934 1028 voluminibus
960 959 1126 1028 adversus
1152 959 1338 1029 eeclesiam
1365 960 1481 1042 editis,
1501 983 1585 1050 quae

472 1082 610 1172 scripsit
649 1078 724 1175 περῖ
767 1076 961 1163 ἐκστάσεως,
995 1082 1186 1172 septimum
1229 1082 1367 1174 proprie
1407 1083 1583 1151 adversus

472 1203 702 1296 Apollonium
726 1203 928 1285 elaboravit,
952 1206 989 1273 in
1018 1228 1087 1295 quo
1111 1205 1230 1274 omnia
1253 1223 1330 1295 quae
1355 1203 1416 1273 ille
1444 1207 1580 1297 arguit,

473 1336 621 1398 eonatur
660 1328 860 1396 defendere.
931 1327 1068 1397 Floruit
1102 1337 1224 1396 eutem
1257 1326 1470 1419 Apollonius
1509 1329 1580 1397 sub

473 1451 670 1521 Commodo
689 1450 890 1541 Severoque
909 1446 1159 1543 Principibus.d

473 1646 509 1704 de
529 1667 581 1703 suo
595 1657 689 1710 vocat.
704 1666 763 1703 non
779 1646 900 1704 Eusebii
919 1657 1034 1703 tantum
1051 1646 1145 1704 verbis
1163 1666 1243 1704 more
1262 1666 1316 1704 auo
1333 1665 1412 1703 usus.
1456 1644 1581 1703 Interea

473 1749 548 1807 illud
563 1750 711 1828 Anonymi
726 1770 800 1828 opus
814 1771 830 1807 a
842 1749 976 1808 Fabricio
990 1749 1159 1817 indicatum,
1172 1750 1256 1827 cujus
1272 1749 1447 1826 Fragmenta
1460 1768 1494 1806 ex
1512 1751 1578 1806 Eu·

473 1855 553 1913 sebio
568 1855 645 1911 infra
659 1855 792 1932 prestiti,
809 1854 955 1922 Rhodoni,
971 1874 1029 1911 non
1043 1854 1209 1932 Apollonio,
1224 1853 1359 1912 attribuit
1375 1852 1582 1931 Hieronymus

474 1960 505 2017 in
520 1981 603 2038 capp.
619 1976 657 2034 37
673 1971 703 2018 et
718 1961 756 2034 38
771 1960 858 2036 hujus
876 1960 959 2017 Libri
975 1959 1022 2016 De
1040 1959 1116 2017 Viris
1131 1959 1182 2017 [tl.

515 2076 528 2107 θ
543 2065 589 2122 De
607 2064 685 2121 hisce
704 2075 814 2141 septem
830 2063 1005 2121 Tertulliani
1025 2063 1116 2130 libris,
1131 2065 1181 2140 qui
1201 2063 1288 2121 hodie
1307 2082 1365 2120 non
1382 2073 1495 2128 extant,
1513 2083 1578 2121 me-

473 2168 559 2225 minit
573 2167 659 2225 etiam
676 2164 875 2244 Hieronymus
889 2187 951 2244 cap.
970 2185 1016 2240 24.
1029 2177 1059 2224 et
1071 2185 1086 2242 5
1091 2185 1118 2241 3.
1143 2167 1328 2227 Fannrcrua.
1373 2165 1523 2225 Pamelius
1537 2188 1577 2226 ex

473 2291 573 2329 eorum
589 2271 692 2326 Graeco
706 2268 794 2326 titulo
809 2269 910 2327 Graeee
924 2269 994 2326 olim
1008 2271 1132 2348 scriptos
1142 2269 1275 2347 judicat;
1298 2281 1328 2328 at
1342 2270 1454 2328 variant
1468 2270 1524 2329 hac
1543 2272 1578 2329 in

473 2387 555 2453 parte
570 2373 662 2431 MSS·
674 2373 751 2437 libri,
762 2372 878 2449 duoque
893 2393 930 2431 ex
945 2375 1052 2433 nostris
1065 2375 1172 2433 Latine
1186 2375 1294 2434 habent
1308 2375 1344 2432 de
1357 2374 1472 2433 ecstasi.
1484 2374 1576 2434 Van-

476 2499 618 2538 nanetus.

515 2582 721 2643 dCommodus
739 2584 807 2643 iniit
827 2604 947 2662 regnum
973 2605 1049 2642 anno
1071 2583 1180 2642 Christi
1210 2584 1276 2652 180,
1299 2582 1423 2641 absolvit
1447 2582 1580 2644 Severus

475 2710 559 2749 tuum
574 2709 621 2748 an.
638 2707 706 2747 arr.
