3809 5650
477 691 543 755 242
851 689 1204 756 ANNOTATIONES

477 855 677 920 bibliothecae
693 855 856 921 Leidensis
870 878 1048 943 anonymus
1063 858 1192 942 quidam
1209 858 1361 942 reposuit.
1407 858 1499 921 Idem
1520 857 1581 921 hoe

477 964 612 1042 praestat
641 958 790 1041 Georyim
819 961 950 1044 Syncell
977 967 1012 1024 et
1040 957 1109 1022 ἀλλ’
1134 959 1303 1039 ἀναβάντες
1332 980 1389 1043 per
1418 959 1582 1023 elisionem

476 1058 643 1143 Heqesippi
657 1079 782 1143 quoque
796 1061 991 1145 Εαοοψιονα.

523 1162 560 1223 P.
575 1179 647 1224 211.
664 1160 683 1224 l.
697 1160 727 1223 8.
750 1162 774 1225 ὣ
789 1162 825 1247 ὣ]
847 1162 1066 1228 Exclamantis
1081 1184 1143 1227 vox
1157 1162 1190 1225 in
1205 1161 1469 1247 interpretatione
1484 1165 1543 1224 τῶν
1556 1159 1582 1223 α’

478 1261 548 1346 plus
564 1261 661 1325 semel
677 1262 816 1328 inventa.

523 1363 606 1427 Ibid.
623 1364 644 1426 l.
658 1386 688 1449 9.
712 1367 746 1428 ἐν
760 1366 801 1449 τῷ
813 1363 940 1450 Ἡσαΐᾳ]
965 1365 1125 1428 Memoria
1139 1365 1261 1449 lapsum
1277 1384 1346 1426 esse
1362 1363 1582 1447 Hegesippum

478 1465 618 1530 affinuat
644 1465 797 1551 Scaliger.
843 1468 956 1550 Neque
982 1466 1067 1530 enim
1093 1466 1178 1529 hune
1206 1465 1310 1527 loeum
1335 1465 1420 1549 apud
1451 1464 1583 1528 Esaiam

478 1575 618 1643 exstare,
636 1567 692 1630 sed
714 1568 747 1630 in
770 1567 823 1632 lib.
841 1568 895 1652 qui
918 1568 1102 1632 inscribitur
1124 1567 1289 1652 Sapientia
1312 1566 1490 1630 Salomonis
1511 1589 1582 1651 oap.

478 1669 509 1734 ii.
555 1668 619 1732 Sed
647 1668 768 1732 fallitur
796 1668 930 1753 ipsemet
961 1669 1103 1755 Scaliger
1131 1669 1186 1753 qui
1212 1667 1432 1753 Hegesippum
1462 1673 1584 1731 temere

479 1771 693 1856 reprehendit.
739 1770 863 1835 Revera
880 1771 965 1834 enim
985 1770 1037 1833 hio
1057 1770 1145 1833 loeus
1159 1769 1276 1854 legitur
1291 1769 1323 1831 in
1339 1769 1438 1832 Esaia
1453 1791 1521 1853 eap.
1537 1769 1581 1831 iii.

478 1874 616 1953 δήσωμεν
627 1872 680 1936 τὸν
691 1874 814 1950 δίκαιον,
827 1875 874 1936 ὅτι
885 1874 1071 1956 δύσχρηστος
1082 1872 1150 1951 ἡμῖν
1162 1872 1236 1934 ἐστι’·
1248 1872 1349 1934 τοίνυν
1360 1875 1397 1934 τὰ
1411 1871 1583 1953 γεννήματα

478 1981 537 2039 τῶν
563 1977 659 2057 ἔργων
683 1975 778 2039 αὐτῶν
802 1974 962 2056 φάγονται.
1010 1975 1065 2037 lta
1089 1973 1216 2057 quidem
1242 1972 1359 2056 legitur
1384 1973 1416 2035 in
1443 1972 1584 2035 editione

478 2076 633 2141 Romana.
679 2076 801 2140 Verum
824 2076 975 2140 Justinus
997 2076 1030 2138 in
1054 2075 1181 2160 dialogo
1204 2077 1356 2139 adversus
1379 2074 1582 2159 Tryphonem

477 2177 597 2242 diserte
619 2185 761 2242 testatur
774 2178 806 2241 in
822 2178 962 2242 editione
975 2178 1077 2241 LXX
1089 2179 1308 2262 Interpretum
1320 2178 1474 2261 seriptum
1485 2176 1583 2239 fuisse

478 2280 595 2360 ἄρομεν
609 2278 663 2342 τὸν
686 2282 801 2343 δίκαιον
821 2301 879 2364 pro
895 2302 958 2364 quo
973 2280 997 2343 J
999 2280 1104 2344 udaiei
1119 2280 1310 2364 interpretes
1329 2279 1466 2358 δήσωμεν
1481 2283 1583 2341 verte-

477 2386 562 2446 rant.
607 2380 731 2445 Justini
753 2381 921 2445 leetionem
942 2382 1111 2446 eonfirmat
1131 2383 1229 2446 etiam
1245 2380 1459 2446 Tertullianus
1478 2379 1510 2442 in
1525 2379 1580 2442 lib.

476 2480 520 2544 iii.
536 2487 649 2545 eontra
664 2481 821 2546 Mareion.
837 2505 864 2546 ο.
882 2502 932 2546 22.
974 2483 1086 2561 Venite,
1100 2483 1252 2568 inquiant,
1267 2484 1446 2566 evaseramus
1451 2481 1582 2564 jasium,

476 2582 552 2667 qaia
571 2582 692 2647 ineditis
710 2594 751 2648 est
770 2582 862 2648 aelia.
908 2587 972 2650 Sed
987 2593 1021 2651 et
1035 2586 1070 2649 in
1087 2607 1126 2649 eo
1146 2584 1277 2661 fallitur,
1293 2584 1378 2668 quod
1394 2583 1479 2667 apud
1495 2582 1582 2645 Rufi-

477 2705 555 2747 num
578 2706 636 2769 pre
657 2685 756 2751 Esaia
779 2686 977 2752 Hieremiam
1001 2687 1096 2751 soribi
1120 2687 1207 2751 dieit.
1253 2687 1356 2750 Porro
1381 2685 1583 2770 Hegesippus

477 2785 562 2852 huno
577 2787 684 2853 Esaioe
703 2789 807 2854 loeum
830 2812 926 2876 quern
947 2791 1026 2869 dixi,
1041 2791 1074 2856 in
1095 2798 1203 2856 mente
1223 2789 1336 2855 habuit
1358 2789 1452 2874 paulo
1475 2809 1581 2872 supra,

478 2912 551 2955 eum
573 2891 703 2969 dieemt,
719 2892 879 2957 Jaeobum
900 2915 921 2957 a
942 2894 1109 2978 prophetis
1131 2894 1256 2979 justum
1281 2914 1350 2956 esse
1374 2889 1581 2976 appellatum.

479 2994 617 3057 ἐκαλεῖτο
639 2996 751 3061 δίκαιον
773 2996 812 3061 ὡς
833 2997 863 3058 οἱ
884 3000 1034 3077 προφῆται
1054 3001 1179 3076 δηλοῦσι
1200 2998 1266 3077 περὶ
1291 2996 1390 3058 αὐτοῦ.
1415 2993 1581 3055 Venustus.

473 3091 614 3176 Ἀρωμεν
628 3095 681 3159 τὸν
698 3099 812 3160 δίκαιον
828 3098 884 3161 &a
943 3099 999 3161 Ita
1013 3097 1098 3161 hune
1112 3096 1215 3161 laeum
1230 3119 1251 3161 a
1267 3096 1374 3159 LXX
1391 3094 1466 3159 olim
1481 3094 1580 3178 serip-

478 3202 547 3260 tum
570 3197 666 3261 iuisse
689 3206 830 3263 testatur
842 3199 866 3261 J
868 3198 993 3262 ustinus
1014 3200 1145 3282 Martyr
1164 3198 1300 3282 Dialogo
1320 3219 1392 3261 oum
1413 3196 1584 3281 Tryphone

478 3319 509 3382 p.
520 3301 594 3382 367.
610 3298 670 3362 etsi
686 3299 767 3362 idem
784 3300 858 3364 alibi
873 3322 905 3383 p.
921 3314 991 3383 235.
1005 3305 1038 3362 et
1052 3320 1082 3381 p.
1095 3300 1169 3381 362.
1182 3299 1250 3383 ipse
1264 3298 1364 3363 habet
1378 3298 1515 3378 δήσομεν
1528 3297 1584 3360 τὸν

479 3400 602 3474 δίκαιον,
621 3402 779 3481 quomodo
801 3400 834 3462 in
853 3399 991 3484 vulgatis
1014 3398 1189 3462 Bibliorum
1212 3401 1398 3463 Graeeorum
1421 3399 1583 3463 codicibus

479 3498 574 3562 hodie
588 3498 715 3584 legitur,
731 3508 765 3563 et
786 3499 909 3584 pridem
924 3499 1003 3583 legit
1020 3501 1186 3564 Barnabas
1201 3501 1233 3563 in
1249 3501 1385 3586 epistola
1398 3522 1465 3584 eap.
1482 3501 1512 3561 6.
1528 3499 1582 3583 qui

479 3621 542 3663 non
569 3601 609 3663 de
634 3600 759 3664 Jaeobo
785 3601 841 3664 sed
868 3600 996 3664 Christo
1023 3601 1185 3686 prophetae
1212 3603 1309 3667 verba
1338 3604 1581 3684 interpretatur,

480 3702 565 3785 quod
579 3702 656 3766 lacit
671 3702 834 3766 universus
848 3711 977 3787 patrum
993 3702 1108 3766 chorus
1120 3704 1303 3767 Graeeorum
1320 3702 1582 3786 Latinommque.

475 3800 615 3884 Ἀρομεν
634 3804 732 3868 habet
753 3804 850 3868 etiam
871 3803 1017 3868 Clemens
1038 3802 1133 3868 Alex.
1149 3826 1178 3868 v.
1190 3804 1309 3868 Strom.
1325 3826 1355 3888 p.
1369 3805 1442 3867 601.
1456 3810 1490 3867 et
1505 3803 1583 3867 Ten

479 3904 630 3970 tullianus
649 3906 693 3969 iii.
711 3925 761 3987 27.
777 3913 890 3970 eontra
909 3905 1118 3983 Mareionem‚
1134 3907 1318 3989 auferemus.
1365 3905 1419 3969 Ad
1435 3907 1582 3970 Groeoam

479 4004 585 4070 Esaiae
601 4007 775 4071 versionem
794 4007 908 4071 alludit
930 4007 1005 4092 Sap.
1024 4007 1056 4070 ii.
1072 4026 1123 4071 η.
1141 4010 1362 4089 ἑνεδρεύσωμεν
1384 4006 1437 4070 τὸν
1457 4008 1580 4079 δίκαιον,

479 4109 563 4173 unde
578 4109 692 4172 librum
708 4110 795 4173 illum
807 4111 918 4174 Groeoe
933 4130 996 4172 non
1009 4108 1144 4173 Ebraiee
1159 4110 1312 4194 seriptum
1327 4131 1397 4172 esse
1413 4107 1582 4192 colligebat

482 4211 651 4276 Lemonius
667 4213 761 4277 Notis
781 4213 823 4276 ad
839 4213 942 4276 Varia
962 4212 1062 4276 Saera
1076 4234 1107 4295 p.
1119 4228 1194 4296 595.
1240 4214 1343 4275 Porro
1357 4210 1533 4273 Ruinartus
1548 4208 1582 4271 in

480 4314 574 4378 Aetis
604 4313 735 4377 Seleetis
767 4315 948 4398 Mart-yrum
974 4337 1005 4398 p.
1027 4333 1057 4394 7.
1078 4314 1227 4377 observat
1245 4336 1315 4377 non
1340 4321 1469 4377 tantum
1494 4311 1581 4395 apud

481 4414 655 4477 Baronium
680 4416 721 4479 ad
744 4415 783 4478 A.
800 4416 835 4479 0.
851 4416 926 4479 lxiii.
944 4439 975 4480 n.
988 4417 1017 4479 6.
1034 4416 1090 4478 sed
1114 4423 1147 4480 et
1172 4416 1204 4479 in
1225 4416 1319 4478 oodd.
1337 4414 1433 4477 MSS.
1450 4412 1581 4476 Eusebii

480 4514 564 4578 hune
586 4515 759 4601 Scriptura
776 4516 879 4580 locum
899 4518 1010 4581 referri
1032 4540 1095 4580 non
1118 4519 1160 4581 ad
1183 4518 1321 4594 Esaiam,
1338 4518 1394 4580 sed
1409 4517 1450 4579 ad
1465 4516 1581 4578 librum

480 4615 661 4701 Sapientiae.
686 4618 865 4681 Fanaroms.
897 4621 1087 4704 Quanquam
1103 4619 1236 4683 Rufinus
1251 4641 1322 4683 eum
1337 4618 1494 4703 vulgat-us,
1511 4624 1581 4680 tum

478 4717 511 4784 in
526 4718 657 4804 collegio
671 4727 782 4783 nostro
798 4721 924 4799 MStus,
940 4722 1040 4787 habet
1055 4723 1090 4787 ia
1104 4723 1204 4796 Ιοοίο,
1220 4729 1329 4787 tamen
1348 4721 1454 4786 editor
1473 4741 1580 4783 reeen-
