3809 5650
404 709 469 770 414
777 706 1128 772 ANNOTATIONES

404 883 513 938 tamen
527 873 617 949 liber,
632 875 673 937 ab
688 875 827 938 ecclesiis
843 876 943 961 Lugd.
961 883 995 940 et
1011 876 1193 953 Viennensi,
1210 884 1308 962 atquc
1320 881 1510 965 Polycrate,

404 985 437 1040 et
460 976 501 1039 ab
525 981 667 1037 Auctore
689 976 839 1040 adversus
863 977 1091 1062 Gataphrygas,
1110 986 1143 1042 et
1167 978 1361 1057 Firmiliauo,
1385 992 1420 1046 et
1444 984 1511 1068 Cy·

403 1076 527 1161 priane,
538 1076 717 1159 Pontioque
729 1078 862 1141 diacono
874 1079 951 1162 ejus,
961 1079 1002 1142 ab
1016 1079 1157 1142 Auctore
1171 1082 1310 1164 Compasi
1319 1083 1357 1145 dc
1367 1084 1510 1161 Pascha,

404 1185 438 1241 et
453 1177 620 1240 Victorino
636 1187 669 1241 et
683 1178 855 1244 Lactantio
868 1209 875 1252 ;
901 1181 985 1244 idam
1000 1184 1034 1244 ἐν
1048 1188 1109 1247 τοῖς
1124 1183 1376 1263 ὁμολογουμένοις
1395 1186 1510 1268 posuit

405 1277 571 1342 Eusebius.

449 1381 488 1443 P.
498 1399 573 1463 395.
588 1380 610 1442 l.
626 1383 673 1444 16.
690 1380 772 1444 sicut
788 1389 821 1446 et
834 1389 955 1446 semote
971 1382 1149 1466 passionem
1165 1383 1255 1447 Petri
1270 1383 1434 1448 evidenter
1449 1386 1509 1449 de·

404 1480 512 1556 clarat,
536 1482 591 1543 sed
613 1480 838 1564 prosectionem
863 1483 954 1545 Pauli
979 1483 1048 1566 tre]
1072 1486 1121 1547 At
1142 1506 1217 1547 vero
1238 1485 1406 1567 quomodo,
1433 1508 1508 1569 quae

404 1594 616 1664 sequunture
640 1582 781 1665 vestigio,
804 1581 990 1666 explicanda
1015 1586 1110 1647 suntl
1139 1584 1184 1647 Et
1206 1595 1310 1647 senate
1330 1587 1508 1669 pusionem

404 1683 494 1745 Petri
515 1683 665 1746 mansor
686 1684 832 1747 declarat.
877 1686 1046 1748 Carcerem
1064 1685 1198 1748 forsitan
1221 1685 1319 1760 Petri,
1339 1686 1505 1770 prodigio·

404 1805 534 1867 samque
557 1784 775 1847 liberationem
801 1784 875 1848 Act.
892 1785 945 1847 xii.
966 1784 1016 1848 his
1038 1786 1142 1848 verbis
1167 1786 1322 1857 inuuuut;
1350 1794 1506 1869 poterant

404 1885 488 1948 enim
509 1884 573 1949 ista
594 1886 790 1962 omnimodis,
806 1885 999 1949 imminentis
1022 1886 1121 1949 Petro
1140 1886 1296 1969 martyrii,
1311 1888 1400 1969 quasi
1423 1909 1507 1970 praa-

402 1986 490 2049 ludia
504 1986 775 2050 aestimari-Sed
786 1996 813 2049 et
820 1988 1035 2071 prosectionem
1050 1986 1148 2049 Pauli
1158 1985 1196 2048 ab
1208 1985 1280 2050 orte
1294 1986 1339 2049 cd
1347 1989 1507 2071 Spaniam

397 2086 625 2171 prffieiseeatb.
671 2087 785 2151 Altum
812 2087 937 2170 quidem
963 2087 1049 2151 Acta
1072 2087 1105 2149 in
1128 2083 1244 2150 uostris
1270 2087 1381 2150 Bibliis
1408 2088 1505 2152 Pauli

403 2187 463 2250 hoc
478 2188 540 2251 iter
555 2188 658 2252 Roma
675 2189 716 2251 ad
738 2188 902 2271 Hispanos
921 2189 1065 2251 reticent.
1112 2189 1229 2250 Verum
1243 2194 1410 2251 truncatus
1429 2211 1504 2273 pro-

404 2287 551 2351 culdubio
572 2289 659 2352 locus
680 2288 761 2352 scire
780 2310 838 2352 nos
858 2289 1000 2373 impedit,
1016 2311 1058 2353 au
1073 2289 1167 2372 hujus
1186 2289 1306 2352 mentio
1320 2289 1436 2351 ibidem
1454 2290 1503 2352 in-

398 2389 496 2473 jecta,
511 2390 554 2452 ad
568 2392 656 2453 Acta
670 2390 910 2474 Apostolorum,
926 2413 968 2454 an
984 2390 1089 2474 potius
1103 2389 1145 2452 ad
1164 2389 1260 2453 alium
1275 2388 1389 2452 librum
1403 2391 1503 2473 perti·

403 2496 488 2553 neat.
533 2491 689 2555 Attamen
712 2492 791 2556 certi
811 2492 861 2554 his
884 2491 1054 2567 reddimur,
1080 2491 1215 2554 Paulum
1234 2490 1276 2554 ab
1299 2490 1377 2554 urbe
1397 2490 1504 2556 Roma

402 2590 436 2654 in
462 2592 653 2676 Hispaniam
679 2592 918 2678 commigrasse:
957 2591 1096 2669 indubie,
1125 2599 1295 2676 postquam
1323 2613 1344 2656 a
1374 2591 1502 2656 Nerone

402 2694 567 2757 absolutus
582 2702 640 2771 est,
657 2717 677 2758 a
691 2694 794 2778 prima
807 2694 926 2757 scilicet
938 2693 1133 2777 captivitate,
1145 2695 1185 2757 de
1197 2716 1260 2777 qua
1270 2693 1376 2777 capite
1386 2692 1502 2757 ultimo

402 2798 546 2860 Actuum
562 2795 789 2881 Apostolorum
808 2795 942 2859 historia
964 2794 1090 2880 legitur.
1136 2794 1255 2859 Utrum
1275 2795 1382 2860 forsan
1402 2795 1501 2860 veluti

401 2920 432 2961 eo
445 2899 533 2980 fonto
547 2898 630 2961 {iniri
653 2898 767 2961 librum
786 2899 956 2971 Actorum,
972 2898 1237 2980 quemadmodum
1256 2898 1353 2960 ordiri
1371 2897 1498 2973 verbis;

404 3000 523 3083 Optime
552 2998 728 3082 lleephile!
761 2998 956 3082 designandi,
979 2998 1205 3082 fragmentario
1230 3006 1341 3062 nostro
1362 2998 1500 3062 intentio

402 3100 482 3164 fuit?
505 3100 732 3164 Fanmnrmnsn
779 3099 931 3162 Fortasse
945 3098 1111 3183 legendum
1127 3121 1185 3183 pro
1198 3109 1300 3163 semote
1313 3108 1432 3175 acnwta,
1448 3100 1501 3163 vel

401 3202 517 3287 potius,
533 3212 657 3278 remota,
674 3202 778 3286 posito
792 3202 888 3265 verbo
902 3223 961 3286 pro
976 3202 1211 3265 narrationibus
1224 3222 1354 3266 οιονιιιπι
1367 3210 1400 3264 et
1413 3223 1501 3286 sepc-

400 3300 495 3362 rotim
510 3299 590 3377 sitis,
604 3300 633 3362 h.
645 3322 673 3363 e.
689 3300 764 3363 alibi
777 3322 872 3384 quam
886 3300 919 3363 in
933 3297 1061 3363 Actibus
1069 3299 1299 3383 Apostobnoa3
1317 3320 1354 3361 ac
1366 3299 1500 3381 proinde

400 3400 488 3462 locus
503 3400 550 3464 ita
564 3400 761 3477 restituatur,
780 3402 869 3464 Sicco
882 3409 910 3464 ot
929 3409 1040 3463 τοιιιοία
1052 3401 1223 3484 pacatorum
1240 3399 1329 3463 Patri
1347 3398 1501 3463 eadm

400 3498 570 3575 declarant,
584 3498 663 3578 (scil.
681 3499 816 3562 &loca
833 3521 902 3584 cap.
917 3519 969 3565 21.
985 3521 1099 3563 comm.
1116 3502 1165 3563 18.
1181 3507 1214 3564 et
1232 3499 1298 3580 ¹9·)
1313 3498 1365 3562 sed
1382 3507 1410 3562 et
1422 3520 1500 3583 pro-

391 3599 553 3683 fietionam
576 3598 671 3661 Pauli
693 3597 732 3661 ab
755 3598 827 3662 arbe
849 3600 896 3662 ad
916 3601 1068 3685 Βρομίοιο
1084 3598 1313 3686 proficiscentis.
1359 3598 1409 3662 De
1434 3622 1499 3683 quo

400 3700 526 3784 quidem
548 3700 661 3764 itinere
683 3722 740 3763 suo
761 3702 924 3784 apostolus
952 3702 986 3764 in
1018 3702 1077 3785 ap.
1109 3701 1154 3763 cd
1177 3701 1337 3776 Romanos,
1361 3721 1431 3783 cap.
1445 3722 1498 3765 xv.

400 3824 513 3867 oomm.
525 3821 577 3881 24.
594 3801 662 3865 haeo
676 3801 795 3880 scribit,
811 3803 859 3875 ὡς,
876 3804 930 3864 ἐὰν
944 3803 1111 3881 πορεύωμαι
1127 3803 1170 3866 είς
1182 3800 1237 3878 τὴν
1251 3802 1396 3876 Σπανίαν,
1413 3802 1498 3864 ἐλεύ-

399 3932 490 3985 σομαι
504 3908 577 3987 πρὸς
591 3909 674 3986 ὑμᾶς,
690 3905 865 3989 iterumque
880 3925 992 3967 comm.
1006 3905 1057 3966 28.
1072 3906 1158 3965 τοῦτο
1173 3902 1227 3964 οὖν
1246 3900 1432 3973 ἐπιτελέσας,
1450 3902 1499 3964 καί

399 4006 644 4089 σφραγισάμενος
660 4007 757 4072 αὐτοῖς
771 4006 824 4068 τὸν
839 4003 952 4084 καρπὸν
967 4008 1081 4075 τοῦτον,
1098 4003 1302 4079 ἀπελεύσομαι
1317 3999 1351 4062 δι’
1363 4002 1444 4078 ὑμῶν
1456 4003 1499 4068 είς

397 4110 452 4187 τὴν
474 4110 618 4172 Σπανίαν.
665 4106 742 4168 Ηοο
763 4111 871 4169 autem
893 4103 1033 4188 pertinet
1055 4102 1215 4165 Scholium
1237 4101 1397 4185 quoddam
1416 4121 1438 4164 a
1457 4101 1496 4164 cl.

399 4210 549 4275 Matthaei
571 4209 612 4271 ad
634 4228 702 4290 cap.
718 4206 776 4270 ult.
794 4208 860 4268 Act.
882 4208 988 4288 Apost.
1013 4203 1089 4267 edit.
1114 4224 1179 4267 suae
1201 4203 1369 4286 prolatum.
1408 4204 1497 4265 Μετὰ

396 4309 451 4385 τὴν
473 4309 584 4371 διετίαν
601 4306 727 4389 (comm.
737 4326 790 4390 30.
811 4307 1105 4384 commemoratam)
1131 4306 1173 4369 είς
1195 4305 1332 4366 Σπανίαν
1355 4304 1497 4366 ἀπελθὸν

397 4408 516 4488 ἐκήρυξε
531 4407 690 4492 (Paulus),
708 4409 756 4470 καὶ
774 4405 969 4486 ὑποστρέψας
990 4408 1031 4470 είς
1044 4403 1159 4482 Ῥώμην
1175 4404 1386 4483 ἐμαρτύρησεν.
1407 4402 1497 4469 αὐτὸς

395 4505 548 4584 Ῥωμαίοις
568 4509 713 4589 ἔγραψεν,
731 4510 772 4573 είς
791 4507 927 4570 Σπανίαν
947 4507 1113 4586 ἐπείγομαι,
1129 4504 1177 4566 καί
1196 4505 1304 4579 ἐλπίζω
1325 4504 1496 4582 διαπορενό»

395 4631 484 4684 μενος
498 4613 666 4670 θεάσασθαι
680 4609 762 4684 ὑμᾶς.
785 4608 832 4669 καὶ
848 4603 922 4685 πρὸς
935 4606 1093 4683 Τιμόθεον,
1109 4602 1165 4667 Ἐν
1180 4606 1214 4683 τῇ
1230 4606 1328 4684 πρώτῃ
1346 4628 1403 4681 μον
1418 4603 1493 4689 ἆτο-

394 4705 485 4787 λογίιρ
512 4707 608 4772 οὐδείς
629 4731 680 4784 μοι
705 4705 957 4786 σνμπαρεγίνετο,
996 4704 1113 4767 ’ἰστέον
1141 4705 1174 4767 δὲ
1199 4706 1244 4766 ὅτι
1272 4702 1361 4785 μέχρι
1390 4704 1495 4766 τούτου
