<?xml version="1.0" encoding="UTF-8"?>
<!DOCTYPE html PUBLIC "-//W3C//DTD XHTML 1.0 Transitional//EN"
    "http://www.w3.org/TR/xhtml1/DTD/xhtml1-transitional.dtd">
<html xmlns="http://www.w3.org/1999/xhtml" xml:lang="en" lang="en">
 <head>
  <title>
</title>
<meta http-equiv="Content-Type" content="text/html;charset=utf-8" />
  <meta name='ocr-system' content='tesseract 3.04.00' />
  <meta name='ocr-capabilities' content='ocr_page ocr_carea ocr_par ocr_line ocrx_word'/>
</head>
<body>
  <div class='ocr_page' id='page_1' title='image "./reliquiaesacrae07routgoog_0216.png"; bbox 0 0 3809 5650; ppageno 0'>
   <div class='ocr_carea' id='block_1_1' title="bbox 496 677 1236 745">
    <p class='ocr_par' dir='ltr' id='par_1_1' title="bbox 496 677 1236 745">
     <span class='ocr_line' id='line_1_1' title="bbox 496 677 1236 745; baseline 0.014 -10"><span class='ocrx_word' id='word_1_1' title='bbox 496 677 559 741; x_wconf 78' lang='lat'><strong>170</strong></span> <span class='ocrx_word' id='word_1_2' title='bbox 708 683 710 687; x_wconf 83' lang='lat'>&#39;</span> <span class='ocrx_word' id='word_1_3' title='bbox 856 679 1236 745; x_wconf 79' lang='lat' dir='ltr'>ANNOTATIONES</span> 
     </span>
    </p>
   </div>
   <div class='ocr_carea' id='block_1_2' title="bbox 495 828 1608 4634">
    <p class='ocr_par' dir='ltr' id='par_1_2' title="bbox 495 828 1600 1012">
     <span class='ocr_line' id='line_1_2' title="bbox 495 828 1600 897; baseline 0.005 -7"><span class='ocrx_word' id='word_1_4' title='bbox 495 828 567 890; x_wconf 84' lang='lat' dir='ltr'><strong>cdv.</strong></span> <span class='ocrx_word' id='word_1_5' title='bbox 584 828 738 890; x_wconf 80' lang='lat' dir='ltr'><strong>Marcion.</strong></span> <span class='ocrx_word' id='word_1_6' title='bbox 755 850 781 889; x_wconf 91' lang='lat' dir='ltr'><strong>c.</strong></span> <span class='ocrx_word' id='word_1_7' title='bbox 800 828 846 889; x_wconf 85' lang='lat'>18.</span> <span class='ocrx_word' id='word_1_8' title='bbox 862 835 896 891; x_wconf 88' lang='lat' dir='ltr'><strong>et</strong></span> <span class='ocrx_word' id='word_1_9' title='bbox 910 829 981 890; x_wconf 72' lang='lat' dir='ltr'><strong>ado.</strong></span> <span class='ocrx_word' id='word_1_10' title='bbox 999 829 1125 893; x_wconf 68' lang='lat' dir='ltr'><strong>Jctdoeos</strong></span> <span class='ocrx_word' id='word_1_11' title='bbox 1140 854 1165 894; x_wconf 90' lang='lat' dir='ltr'><strong>o.</strong></span> <span class='ocrx_word' id='word_1_12' title='bbox 1183 852 1231 894; x_wconf 80' lang='grc' dir='ltr'><strong>ιο.</strong></span> <span class='ocrx_word' id='word_1_13' title='bbox 1253 831 1275 894; x_wconf 88' lang='lat' dir='ltr'>J</span> <span class='ocrx_word' id='word_1_14' title='bbox 1279 832 1417 895; x_wconf 89' lang='lat' dir='ltr'><strong>ustinum</strong></span> <span class='ocrx_word' id='word_1_15' title='bbox 1438 833 1600 897; x_wconf 84' lang='lat' dir='ltr'><strong>imitatum</strong></span> 
     </span>
     <span class='ocr_line' id='line_1_3' title="bbox 497 928 1102 1012; baseline 0.002 -21"><span class='ocrx_word' id='word_1_16' title='bbox 497 928 637 1012; x_wconf 87' lang='lat' dir='ltr'><strong>typicum</strong></span> <span class='ocrx_word' id='word_1_17' title='bbox 653 929 736 990; x_wconf 92' lang='lat' dir='ltr'><strong>hunc</strong></span> <span class='ocrx_word' id='word_1_18' title='bbox 751 928 932 991; x_wconf 80' lang='lat' dir='ltr'><strong>unicornem</strong></span> <span class='ocrx_word' id='word_1_19' title='bbox 948 936 1102 1012; x_wconf 79' lang='lat' dir='ltr'><strong>spectare.</strong></span> 
     </span>
    </p>

    <p class='ocr_par' dir='ltr' id='par_1_3' title="bbox 498 1029 1608 4634">
     <span class='ocr_line' id='line_1_4' title="bbox 544 1029 1601 1116; baseline 0.004 -26"><span class='ocrx_word' id='word_1_20' title='bbox 544 1029 580 1092; x_wconf 90' lang='lat' dir='ltr'><strong>P.</strong></span> <span class='ocrx_word' id='word_1_21' title='bbox 603 1047 672 1111; x_wconf 78' lang='lat'>151.</span> <span class='ocrx_word' id='word_1_22' title='bbox 688 1029 707 1090; x_wconf 92' lang='lat' dir='ltr'><strong>l.</strong></span> <span class='ocrx_word' id='word_1_23' title='bbox 724 1049 754 1112; x_wconf 84' lang='lat'>3.</span> <span class='ocrx_word' id='word_1_24' title='bbox 770 1031 845 1106; x_wconf 78' lang='grc' dir='ltr'><strong>ὕδωρ</strong></span> <span class='ocrx_word' id='word_1_25' title='bbox 862 1031 909 1091; x_wconf 86' lang='grc' dir='ltr'><strong>καὶ</strong></span> <span class='ocrx_word' id='word_1_26' title='bbox 927 1031 1000 1108; x_wconf 74' lang='grc' dir='ltr'>αἷμα</span> <span class='ocrx_word' id='word_1_27' title='bbox 1021 1031 1116 1111; x_wconf 82' lang='grc' dir='ltr'>λόγον</span> <span class='ocrx_word' id='word_1_28' title='bbox 1137 1032 1184 1092; x_wconf 75' lang='grc' dir='ltr'><strong>καὶ</strong></span> <span class='ocrx_word' id='word_1_29' title='bbox 1207 1032 1337 1116; x_wconf 85' lang='grc' dir='ltr'>πνεῦμα]</span> <span class='ocrx_word' id='word_1_30' title='bbox 1384 1031 1601 1094; x_wconf 75' lang='lat' dir='ltr'><strong>Tertullianus</strong></span> 
     </span>
     <span class='ocr_line' id='line_1_5' title="bbox 498 1130 1600 1216; baseline 0.003 -24"><span class='ocrx_word' id='word_1_31' title='bbox 498 1131 624 1215; x_wconf 88' lang='lat' dir='ltr'><strong>quidem</strong></span> <span class='ocrx_word' id='word_1_32' title='bbox 644 1132 690 1193; x_wconf 81' lang='lat' dir='ltr'><strong>De</strong></span> <span class='ocrx_word' id='word_1_33' title='bbox 704 1130 863 1212; x_wconf 63' lang='lat' dir='ltr'><strong>Baptismo</strong></span> <span class='ocrx_word' id='word_1_34' title='bbox 877 1152 946 1213; x_wconf 83' lang='lat' dir='ltr'><strong>cup.</strong></span> <span class='ocrx_word' id='word_1_35' title='bbox 967 1133 1014 1192; x_wconf 90' lang='lat'><strong>16.</strong></span> <span class='ocrx_word' id='word_1_36' title='bbox 1030 1140 1064 1193; x_wconf 89' lang='lat' dir='ltr'><strong>ot</strong></span> <span class='ocrx_word' id='word_1_37' title='bbox 1078 1131 1128 1192; x_wconf 79' lang='lat' dir='ltr'><strong>Do</strong></span> <span class='ocrx_word' id='word_1_38' title='bbox 1142 1131 1308 1194; x_wconf 70' lang='lat' dir='ltr'><strong><em>Pudicitia</em></strong></span> <span class='ocrx_word' id='word_1_39' title='bbox 1322 1154 1392 1215; x_wconf 88' lang='lat' dir='ltr'><strong>cnp.</strong></span> <span class='ocrx_word' id='word_1_40' title='bbox 1408 1132 1465 1195; x_wconf 92' lang='lat' dir='ltr'><strong>ult.</strong></span> <span class='ocrx_word' id='word_1_41' title='bbox 1482 1154 1600 1216; x_wconf 84' lang='lat' dir='ltr'><strong>nquam</strong></span> 
     </span>
     <span class='ocr_line' id='line_1_6' title="bbox 499 1230 1600 1317; baseline 0.001 -21"><span class='ocrx_word' id='word_1_42' title='bbox 499 1241 533 1297; x_wconf 88' lang='lat' dir='ltr'><strong>et</strong></span> <span class='ocrx_word' id='word_1_43' title='bbox 548 1231 732 1314; x_wconf 80' lang='lat' dir='ltr'><strong>sanguinem</strong></span> <span class='ocrx_word' id='word_1_44' title='bbox 755 1252 795 1293; x_wconf 83' lang='lat' dir='ltr'><strong>ex</strong></span> <span class='ocrx_word' id='word_1_45' title='bbox 813 1230 914 1293; x_wconf 82' lang='lat' dir='ltr'><strong>latere</strong></span> <span class='ocrx_word' id='word_1_46' title='bbox 929 1230 1049 1294; x_wconf 84' lang='lat' dir='ltr'><strong>Ohristi</strong></span> <span class='ocrx_word' id='word_1_47' title='bbox 1072 1231 1220 1294; x_wconf 90' lang='lat' dir='ltr'><strong>emissum</strong></span> <span class='ocrx_word' id='word_1_48' title='bbox 1236 1233 1276 1294; x_wconf 95' lang='lat' dir='ltr'><strong>de</strong></span> <span class='ocrx_word' id='word_1_49' title='bbox 1292 1233 1417 1296; x_wconf 92' lang='lat' dir='ltr'><strong>duobus</strong></span> <span class='ocrx_word' id='word_1_50' title='bbox 1433 1233 1600 1317; x_wconf 79' lang='lat' dir='ltr'>baptismis</span> 
     </span>
     <span class='ocr_line' id='line_1_7' title="bbox 500 1331 1600 1417; baseline -0.001 -21"><span class='ocrx_word' id='word_1_51' title='bbox 500 1333 615 1417; x_wconf 88' lang='lat' dir='ltr'><strong>posuit,</strong></span> <span class='ocrx_word' id='word_1_52' title='bbox 632 1332 685 1394; x_wconf 92' lang='lat' dir='ltr'><strong>illo</strong></span> <span class='ocrx_word' id='word_1_53' title='bbox 708 1353 765 1415; x_wconf 89' lang='lat' dir='ltr'><strong>per</strong></span> <span class='ocrx_word' id='word_1_54' title='bbox 779 1353 895 1414; x_wconf 76' lang='lat' dir='ltr'><strong>aquom</strong></span> <span class='ocrx_word' id='word_1_55' title='bbox 911 1332 1010 1406; x_wconf 84' lang='lat' dir='ltr'><strong>fecte,</strong></span> <span class='ocrx_word' id='word_1_56' title='bbox 1026 1331 1086 1394; x_wconf 92' lang='lat' dir='ltr'><strong>hoo</strong></span> <span class='ocrx_word' id='word_1_57' title='bbox 1110 1353 1168 1415; x_wconf 91' lang='lat' dir='ltr'><strong>per</strong></span> <span class='ocrx_word' id='word_1_58' title='bbox 1190 1333 1385 1416; x_wconf 80' lang='lat' dir='ltr'><strong>sanguinem,</strong></span> <span class='ocrx_word' id='word_1_59' title='bbox 1402 1356 1494 1397; x_wconf 82' lang='lat' dir='ltr'><strong>sacro</strong></span> <span class='ocrx_word' id='word_1_60' title='bbox 1516 1335 1600 1397; x_wconf 84' lang='lat' dir='ltr'><strong>vide-</strong></span> 
     </span>
     <span class='ocr_line' id='line_1_8' title="bbox 499 1431 1600 1518; baseline 0.002 -22"><span class='ocrx_word' id='word_1_61' title='bbox 499 1434 573 1499; x_wconf 92' lang='lat' dir='ltr'><strong>licet</strong></span> <span class='ocrx_word' id='word_1_62' title='bbox 595 1434 720 1497; x_wconf 82' lang='lat' dir='ltr'><strong>lavucro</strong></span> <span class='ocrx_word' id='word_1_63' title='bbox 744 1441 778 1495; x_wconf 91' lang='lat' dir='ltr'><strong>et</strong></span> <span class='ocrx_word' id='word_1_64' title='bbox 803 1433 967 1514; x_wconf 83' lang='lat' dir='ltr'><strong>martyrio.</strong></span> <span class='ocrx_word' id='word_1_65' title='bbox 1022 1431 1145 1494; x_wconf 91' lang='lat' dir='ltr'><strong>Eodem</strong></span> <span class='ocrx_word' id='word_1_66' title='bbox 1170 1433 1265 1496; x_wconf 91' lang='lat' dir='ltr'><strong>modo</strong></span> <span class='ocrx_word' id='word_1_67' title='bbox 1288 1433 1373 1496; x_wconf 91' lang='lat' dir='ltr'><strong>istud</strong></span> <span class='ocrx_word' id='word_1_68' title='bbox 1397 1435 1600 1518; x_wconf 80' lang='lat' dir='ltr'><strong>interpretati</strong></span> 
     </span>
     <span class='ocr_line' id='line_1_9' title="bbox 499 1535 1600 1618; baseline 0 -19"><span class='ocrx_word' id='word_1_69' title='bbox 499 1546 575 1599; x_wconf 87' lang='lat' dir='ltr'><strong>sunt</strong></span> <span class='ocrx_word' id='word_1_70' title='bbox 598 1539 722 1599; x_wconf 87' lang='lat' dir='ltr'><strong>Auctor</strong></span> <span class='ocrx_word' id='word_1_71' title='bbox 750 1536 908 1597; x_wconf 61' lang='lat' dir='ltr'><strong>ficamus</strong></span> <span class='ocrx_word' id='word_1_72' title='bbox 926 1535 975 1595; x_wconf 82' lang='lat' dir='ltr'><strong>De</strong></span> <span class='ocrx_word' id='word_1_73' title='bbox 996 1535 1156 1618; x_wconf 71' lang='lat' dir='ltr'><strong>Baptisruo</strong></span> <span class='ocrx_word' id='word_1_74' title='bbox 1171 1535 1391 1598; x_wconf 69' lang='lat' dir='ltr'><strong>Haeraimmurr</strong></span> <span class='ocrx_word' id='word_1_75' title='bbox 1417 1537 1460 1599; x_wconf 84' lang='lat' dir='ltr'><strong>sd</strong></span> <span class='ocrx_word' id='word_1_76' title='bbox 1483 1537 1600 1599; x_wconf 82' lang='lat' dir='ltr'><strong>onlnem</strong></span> 
     </span>
     <span class='ocr_line' id='line_1_10' title="bbox 503 1634 1602 1722; baseline -0.001 -20"><span class='ocrx_word' id='word_1_77' title='bbox 503 1638 658 1722; x_wconf 76' lang='lat' dir='ltr'><strong>Cypriaci</strong></span> <span class='ocrx_word' id='word_1_78' title='bbox 671 1659 702 1720; x_wconf 89' lang='lat' dir='ltr'><strong>p.</strong></span> <span class='ocrx_word' id='word_1_79' title='bbox 719 1655 769 1719; x_wconf 88' lang='lat'><strong>29.</strong></span> <span class='ocrx_word' id='word_1_80' title='bbox 785 1635 835 1698; x_wconf 89' lang='lat' dir='ltr'><strong>ed.</strong></span> <span class='ocrx_word' id='word_1_81' title='bbox 852 1635 942 1709; x_wconf 65' lang='lat' dir='ltr'><strong>Falli,</strong></span> <span class='ocrx_word' id='word_1_82' title='bbox 960 1634 1236 1719; x_wconf 85' lang='lat' dir='ltr'><strong>Hieronyrnusque</strong></span> <span class='ocrx_word' id='word_1_83' title='bbox 1258 1637 1290 1699; x_wconf 93' lang='lat' dir='ltr'><strong>in</strong></span> <span class='ocrx_word' id='word_1_84' title='bbox 1310 1639 1373 1722; x_wconf 76' lang='lat' dir='ltr'>Ep.</span> <span class='ocrx_word' id='word_1_85' title='bbox 1391 1639 1436 1701; x_wconf 83' lang='lat' dir='ltr'><strong>cd</strong></span> <span class='ocrx_word' id='word_1_86' title='bbox 1452 1639 1602 1701; x_wconf 78' lang='lat' dir='ltr'><strong>Oceanum</strong></span> 
     </span>
     <span class='ocr_line' id='line_1_11' title="bbox 501 1732 1601 1820; baseline 0.002 -21"><span class='ocrx_word' id='word_1_87' title='bbox 501 1757 531 1818; x_wconf 93' lang='lat' dir='ltr'><strong>p.</strong></span> <span class='ocrx_word' id='word_1_88' title='bbox 547 1754 621 1817; x_wconf 87' lang='lat'>327.</span> <span class='ocrx_word' id='word_1_89' title='bbox 638 1734 688 1797; x_wconf 86' lang='lat' dir='ltr'><strong>ed.</strong></span> <span class='ocrx_word' id='word_1_90' title='bbox 707 1733 868 1795; x_wconf 87' lang='lat' dir='ltr'><strong>Frobenii.</strong></span> <span class='ocrx_word' id='word_1_91' title='bbox 915 1732 1077 1796; x_wconf 88' lang='lat' dir='ltr'><strong>Usitntior</strong></span> <span class='ocrx_word' id='word_1_92' title='bbox 1091 1743 1199 1797; x_wconf 82' lang='lat' dir='ltr'><strong>autem</strong></span> <span class='ocrx_word' id='word_1_93' title='bbox 1222 1744 1273 1798; x_wconf 90' lang='lat' dir='ltr'><strong>est</strong></span> <span class='ocrx_word' id='word_1_94' title='bbox 1288 1737 1455 1819; x_wconf 76' lang='lat' dir='ltr'>expositio,</span> <span class='ocrx_word' id='word_1_95' title='bbox 1473 1760 1543 1820; x_wconf 89' lang='lat' dir='ltr'><strong>quae</strong></span> <span class='ocrx_word' id='word_1_96' title='bbox 1558 1738 1601 1800; x_wconf 82' lang='lat' dir='ltr'><strong>nd</strong></span> 
     </span>
     <span class='ocr_line' id='line_1_12' title="bbox 501 1834 1601 1921; baseline 0.002 -22"><span class='ocrx_word' id='word_1_97' title='bbox 501 1838 565 1900; x_wconf 93' lang='lat' dir='ltr'><strong>duo</strong></span> <span class='ocrx_word' id='word_1_98' title='bbox 580 1845 780 1900; x_wconf 76' lang='lat' dir='ltr'><strong>sacramento</strong></span> <span class='ocrx_word' id='word_1_99' title='bbox 791 1834 940 1910; x_wconf 88' lang='lat' dir='ltr'><strong>ecclesiae,</strong></span> <span class='ocrx_word' id='word_1_100' title='bbox 956 1834 1150 1918; x_wconf 83' lang='lat' dir='ltr'><strong>baptismum</strong></span> <span class='ocrx_word' id='word_1_101' title='bbox 1162 1858 1264 1920; x_wconf 82' lang='lat' dir='ltr'><strong>nquae,</strong></span> <span class='ocrx_word' id='word_1_102' title='bbox 1274 1845 1308 1901; x_wconf 91' lang='lat' dir='ltr'><strong>et</strong></span> <span class='ocrx_word' id='word_1_103' title='bbox 1322 1839 1470 1921; x_wconf 92' lang='lat' dir='ltr'><strong>poculum</strong></span> <span class='ocrx_word' id='word_1_104' title='bbox 1485 1839 1601 1902; x_wconf 82' lang='lat' dir='ltr'><strong>seucti-</strong></span> 
     </span>
     <span class='ocr_line' id='line_1_13' title="bbox 501 1936 1601 2020; baseline 0.001 -19"><span class='ocrx_word' id='word_1_105' title='bbox 501 1939 668 2009; x_wconf 86' lang='lat' dir='ltr'><strong>ficctionis,</strong></span> <span class='ocrx_word' id='word_1_106' title='bbox 696 1959 767 2020; x_wconf 88' lang='lat' dir='ltr'><strong>quae</strong></span> <span class='ocrx_word' id='word_1_107' title='bbox 790 1936 1034 1999; x_wconf 78' lang='lat' dir='ltr'><strong>communicatio</strong></span> <span class='ocrx_word' id='word_1_108' title='bbox 1060 1936 1221 2020; x_wconf 80' lang='lat' dir='ltr'><strong>sanguinis</strong></span> <span class='ocrx_word' id='word_1_109' title='bbox 1247 1945 1297 2001; x_wconf 88' lang='lat' dir='ltr'><strong>est</strong></span> <span class='ocrx_word' id='word_1_110' title='bbox 1323 1939 1453 2015; x_wconf 81' lang='lat' dir='ltr'><strong>Christi,</strong></span> <span class='ocrx_word' id='word_1_111' title='bbox 1478 1961 1601 2004; x_wconf 81' lang='lat' dir='ltr'><strong>sucrum</strong></span> 
     </span>
     <span class='ocr_line' id='line_1_14' title="bbox 501 2036 1600 2125; baseline 0.003 -23"><span class='ocrx_word' id='word_1_112' title='bbox 501 2039 588 2102; x_wconf 86' lang='lat' dir='ltr'><strong>illem</strong></span> <span class='ocrx_word' id='word_1_113' title='bbox 611 2038 794 2101; x_wconf 85' lang='lat' dir='ltr'><strong>effusionem</strong></span> <span class='ocrx_word' id='word_1_114' title='bbox 820 2037 927 2099; x_wconf 76' lang='lat' dir='ltr'><strong>refert.</strong></span> <span class='ocrx_word' id='word_1_115' title='bbox 975 2036 1054 2099; x_wconf 88' lang='lat' dir='ltr'><strong>Vide</strong></span> <span class='ocrx_word' id='word_1_116' title='bbox 1078 2036 1241 2120; x_wconf 68' lang='lat' dir='ltr'><strong>chrysost.</strong></span> <span class='ocrx_word' id='word_1_117' title='bbox 1265 2039 1300 2101; x_wconf 81' lang='lat' dir='ltr'><strong>in</strong></span> <span class='ocrx_word' id='word_1_118' title='bbox 1325 2039 1458 2103; x_wconf 74' lang='lat' dir='ltr'><strong>loannis</strong></span> <span class='ocrx_word' id='word_1_119' title='bbox 1480 2043 1600 2125; x_wconf 72' lang='lat' dir='ltr'><strong>ancq.</strong></span> 
     </span>
     <span class='ocr_line' id='line_1_15' title="bbox 502 2138 1600 2225; baseline 0.002 -23"><span class='ocrx_word' id='word_1_120' title='bbox 502 2165 532 2225; x_wconf 91' lang='lat' dir='ltr'><strong>p.</strong></span> <span class='ocrx_word' id='word_1_121' title='bbox 549 2162 623 2223; x_wconf 87' lang='lat'>914.</span> <span class='ocrx_word' id='word_1_122' title='bbox 648 2150 723 2203; x_wconf 89' lang='lat' dir='ltr'><strong>tom.</strong></span> <span class='ocrx_word' id='word_1_123' title='bbox 740 2140 783 2201; x_wconf 93' lang='lat' dir='ltr'><strong>iii.</strong></span> <span class='ocrx_word' id='word_1_124' title='bbox 804 2139 855 2202; x_wconf 83' lang='lat' dir='ltr'><strong>od.</strong></span> <span class='ocrx_word' id='word_1_125' title='bbox 871 2138 990 2213; x_wconf 80' lang='lat' dir='ltr'><strong>Savilii,</strong></span> <span class='ocrx_word' id='word_1_126' title='bbox 1015 2149 1049 2202; x_wconf 87' lang='lat' dir='ltr'><strong>et</strong></span> <span class='ocrx_word' id='word_1_127' title='bbox 1074 2141 1291 2224; x_wconf 87' lang='lat' dir='ltr'><strong>Augustiuum</strong></span> <span class='ocrx_word' id='word_1_128' title='bbox 1318 2141 1353 2202; x_wconf 79' lang='lat' dir='ltr'><strong>ic</strong></span> <span class='ocrx_word' id='word_1_129' title='bbox 1372 2141 1454 2204; x_wconf 76' lang='lat' dir='ltr'><strong>idem</strong></span> <span class='ocrx_word' id='word_1_130' title='bbox 1480 2164 1509 2225; x_wconf 90' lang='lat' dir='ltr'><strong>p.</strong></span> <span class='ocrx_word' id='word_1_131' title='bbox 1525 2160 1600 2225; x_wconf 85' lang='lat'>554.</span> 
     </span>
     <span class='ocr_line' id='line_1_16' title="bbox 502 2240 1602 2326; baseline 0 -20"><span class='ocrx_word' id='word_1_132' title='bbox 502 2251 580 2306; x_wconf 89' lang='lat' dir='ltr'><strong>tom.</strong></span> <span class='ocrx_word' id='word_1_133' title='bbox 596 2242 639 2303; x_wconf 89' lang='lat' dir='ltr'><strong>ix.</strong></span> <span class='ocrx_word' id='word_1_134' title='bbox 654 2241 704 2304; x_wconf 91' lang='lat' dir='ltr'><strong>od.</strong></span> <span class='ocrx_word' id='word_1_135' title='bbox 723 2240 859 2302; x_wconf 83' lang='lat' dir='ltr'><strong>Froben.</strong></span> <span class='ocrx_word' id='word_1_136' title='bbox 876 2261 969 2323; x_wconf 89' lang='lat' dir='ltr'><strong>quem</strong></span> <span class='ocrx_word' id='word_1_137' title='bbox 990 2240 1116 2323; x_wconf 92' lang='lat' dir='ltr'><strong>quidem</strong></span> <span class='ocrx_word' id='word_1_138' title='bbox 1137 2241 1208 2324; x_wconf 90' lang='lat' dir='ltr'><strong>plus</strong></span> <span class='ocrx_word' id='word_1_139' title='bbox 1231 2241 1326 2304; x_wconf 85' lang='lat' dir='ltr'><strong>semel</strong></span> <span class='ocrx_word' id='word_1_140' title='bbox 1350 2241 1383 2302; x_wconf 92' lang='lat' dir='ltr'><strong>in</strong></span> <span class='ocrx_word' id='word_1_141' title='bbox 1408 2241 1461 2304; x_wconf 88' lang='lat' dir='ltr'><strong>lib.</strong></span> <span class='ocrx_word' id='word_1_142' title='bbox 1477 2265 1602 2326; x_wconf 89' lang='lat' dir='ltr'><strong>quoque</strong></span> 
     </span>
     <span class='ocr_line' id='line_1_17' title="bbox 503 2340 1601 2406; baseline -0.001 0"><span class='ocrx_word' id='word_1_143' title='bbox 503 2344 554 2406; x_wconf 85' lang='lat' dir='ltr'><strong>De</strong></span> <span class='ocrx_word' id='word_1_144' title='bbox 571 2343 700 2405; x_wconf 75' lang='lat' dir='ltr'><strong>Ciuitate</strong></span> <span class='ocrx_word' id='word_1_145' title='bbox 713 2340 779 2404; x_wconf 81' lang='lat' dir='ltr'><strong>Dei</strong></span> <span class='ocrx_word' id='word_1_146' title='bbox 796 2340 880 2403; x_wconf 90' lang='lat' dir='ltr'><strong>idem</strong></span> <span class='ocrx_word' id='word_1_147' title='bbox 901 2340 1046 2404; x_wconf 78' lang='lat' dir='ltr'><strong>docuisse</strong></span> <span class='ocrx_word' id='word_1_148' title='bbox 1066 2341 1202 2403; x_wconf 89' lang='lat' dir='ltr'><strong>memini.</strong></span> <span class='ocrx_word' id='word_1_149' title='bbox 1248 2343 1344 2403; x_wconf 91' lang='lat' dir='ltr'><strong>Cons.</strong></span> <span class='ocrx_word' id='word_1_150' title='bbox 1361 2349 1394 2404; x_wconf 91' lang='lat' dir='ltr'><strong>et</strong></span> <span class='ocrx_word' id='word_1_151' title='bbox 1410 2342 1601 2405; x_wconf 85' lang='lat' dir='ltr'><strong>Rhcbcnum</strong></span> 
     </span>
     <span class='ocr_line' id='line_1_18' title="bbox 504 2442 1601 2525; baseline -0.003 -17"><span class='ocrx_word' id='word_1_152' title='bbox 504 2444 655 2508; x_wconf 82' lang='lat' dir='ltr'><strong>Maurum</strong></span> <span class='ocrx_word' id='word_1_153' title='bbox 671 2442 808 2505; x_wconf 75' lang='lat' dir='ltr'><strong>Irutitct.</strong></span> <span class='ocrx_word' id='word_1_154' title='bbox 822 2442 1019 2517; x_wconf 57' lang='lat' dir='ltr'><strong>cesorum,</strong></span> <span class='ocrx_word' id='word_1_155' title='bbox 1040 2463 1108 2524; x_wconf 84' lang='lat' dir='ltr'><strong>ocp.</strong></span> <span class='ocrx_word' id='word_1_156' title='bbox 1126 2459 1176 2503; x_wconf 83' lang='lat'>22.</span> <span class='ocrx_word' id='word_1_157' title='bbox 1222 2443 1286 2504; x_wconf 90' lang='lat' dir='ltr'><strong>Per</strong></span> <span class='ocrx_word' id='word_1_158' title='bbox 1306 2461 1423 2525; x_wconf 83' lang='lat' dir='ltr'><strong>aquam</strong></span> <span class='ocrx_word' id='word_1_159' title='bbox 1444 2450 1552 2504; x_wconf 84' lang='lat' dir='ltr'><strong>eutcm</strong></span> <span class='ocrx_word' id='word_1_160' title='bbox 1568 2449 1601 2505; x_wconf 92' lang='lat' dir='ltr'><strong>et</strong></span> 
     </span>
     <span class='ocr_line' id='line_1_19' title="bbox 504 2540 1601 2628; baseline -0.004 -21"><span class='ocrx_word' id='word_1_161' title='bbox 504 2543 687 2628; x_wconf 80' lang='lat' dir='ltr'><strong>sanguinem</strong></span> <span class='ocrx_word' id='word_1_162' title='bbox 709 2542 903 2627; x_wconf 82' lang='lat' dir='ltr'><strong>Apollinaris</strong></span> <span class='ocrx_word' id='word_1_163' title='bbox 926 2543 993 2606; x_wconf 88' lang='lat' dir='ltr'><strong>vult</strong></span> <span class='ocrx_word' id='word_1_164' title='bbox 1016 2540 1195 2626; x_wconf 81' lang='lat' dir='ltr'><strong>significari,</strong></span> <span class='ocrx_word' id='word_1_165' title='bbox 1215 2541 1247 2603; x_wconf 91' lang='lat' dir='ltr'><strong>ni</strong></span> <span class='ocrx_word' id='word_1_166' title='bbox 1269 2540 1371 2612; x_wconf 82' lang='lat' dir='ltr'><strong>fallor,</strong></span> <span class='ocrx_word' id='word_1_167' title='bbox 1395 2540 1481 2604; x_wconf 83' lang='lat' dir='ltr'><strong>verbi</strong></span> <span class='ocrx_word' id='word_1_168' title='bbox 1503 2541 1601 2604; x_wconf 89' lang='lat' dir='ltr'><strong>divini</strong></span> 
     </span>
     <span class='ocr_line' id='line_1_20' title="bbox 503 2641 1603 2730; baseline -0.003 -21"><span class='ocrx_word' id='word_1_169' title='bbox 503 2644 761 2730; x_wconf 85' lang='lat' dir='ltr'><strong>praediontionem</strong></span> <span class='ocrx_word' id='word_1_170' title='bbox 779 2652 813 2707; x_wconf 86' lang='lat' dir='ltr'><strong>et</strong></span> <span class='ocrx_word' id='word_1_171' title='bbox 836 2643 974 2728; x_wconf 83' lang='lat' dir='ltr'><strong>Spiritus</strong></span> <span class='ocrx_word' id='word_1_172' title='bbox 996 2641 1288 2718; x_wconf 76' lang='lat' dir='ltr'><strong>sanctificationem,</strong></span> <span class='ocrx_word' id='word_1_173' title='bbox 1308 2643 1383 2705; x_wconf 90' lang='lat' dir='ltr'><strong>dum</strong></span> <span class='ocrx_word' id='word_1_174' title='bbox 1403 2642 1488 2719; x_wconf 83' lang='lat' dir='ltr'><strong>illud,</strong></span> <span class='ocrx_word' id='word_1_175' title='bbox 1510 2642 1603 2706; x_wconf 74' lang='grc' dir='ltr'>πάλιν</span> 
     </span>
     <span class='ocr_line' id='line_1_21' title="bbox 505 2743 1603 2831; baseline -0.003 -22"><span class='ocrx_word' id='word_1_176' title='bbox 505 2748 660 2829; x_wconf 83' lang='grc' dir='ltr'>καθάρσια,</span> <span class='ocrx_word' id='word_1_177' title='bbox 677 2746 718 2809; x_wconf 84' lang='lat' dir='ltr'><strong>nd</strong></span> <span class='ocrx_word' id='word_1_178' title='bbox 734 2746 904 2831; x_wconf 82' lang='lat' dir='ltr'><strong>figuratum</strong></span> <span class='ocrx_word' id='word_1_179' title='bbox 920 2745 979 2808; x_wconf 90' lang='lat' dir='ltr'><strong>sub</strong></span> <span class='ocrx_word' id='word_1_180' title='bbox 994 2766 1076 2807; x_wconf 88' lang='lat' dir='ltr'><strong>novo</strong></span> <span class='ocrx_word' id='word_1_181' title='bbox 1087 2744 1206 2808; x_wconf 82' lang='lat' dir='ltr'><strong>foedere</strong></span> <span class='ocrx_word' id='word_1_182' title='bbox 1221 2750 1362 2807; x_wconf 84' lang='lat' dir='ltr'><strong>veterum</strong></span> <span class='ocrx_word' id='word_1_183' title='bbox 1377 2743 1496 2807; x_wconf 90' lang='lat' dir='ltr'><strong>rituum</strong></span> <span class='ocrx_word' id='word_1_184' title='bbox 1512 2766 1603 2807; x_wconf 90' lang='lat' dir='ltr'><strong>reno-</strong></span> 
     </span>
     <span class='ocr_line' id='line_1_22' title="bbox 504 2846 1602 2932; baseline -0.002 -21"><span class='ocrx_word' id='word_1_185' title='bbox 504 2849 663 2913; x_wconf 81' lang='lat' dir='ltr'><strong>vationem</strong></span> <span class='ocrx_word' id='word_1_186' title='bbox 673 2847 957 2932; x_wconf 79' lang='lat' dir='ltr'><strong>spectarevidetur.</strong></span> <span class='ocrx_word' id='word_1_187' title='bbox 975 2846 1036 2909; x_wconf 85' lang='lat' dir='ltr'><strong>Est</strong></span> <span class='ocrx_word' id='word_1_188' title='bbox 1045 2854 1153 2910; x_wconf 84' lang='lat' dir='ltr'><strong>temen</strong></span> <span class='ocrx_word' id='word_1_189' title='bbox 1163 2846 1299 2910; x_wconf 81' lang='lat' dir='ltr'><strong>fortusse</strong></span> <span class='ocrx_word' id='word_1_190' title='bbox 1310 2846 1532 2920; x_wconf 85' lang='lat' dir='ltr'><strong>dubium‚utra</strong></span> <span class='ocrx_word' id='word_1_191' title='bbox 1540 2869 1602 2924; x_wconf 89' lang='lat' dir='ltr'><strong>res,</strong></span> 
     </span>
     <span class='ocr_line' id='line_1_23' title="bbox 503 2946 1600 3034; baseline -0.003 -21"><span class='ocrx_word' id='word_1_192' title='bbox 503 2973 588 3034; x_wconf 85' lang='lat' dir='ltr'><strong>nque</strong></span> <span class='ocrx_word' id='word_1_193' title='bbox 603 2972 645 3013; x_wconf 84' lang='lat' dir='ltr'><strong>nn</strong></span> <span class='ocrx_word' id='word_1_194' title='bbox 663 2950 800 3033; x_wconf 80' lang='lat' dir='ltr'><strong>sanguis,</strong></span> <span class='ocrx_word' id='word_1_195' title='bbox 819 2948 929 3011; x_wconf 86' lang='lat' dir='ltr'><strong>rescrri</strong></span> <span class='ocrx_word' id='word_1_196' title='bbox 945 2947 1062 3010; x_wconf 82' lang='lat' dir='ltr'><strong>debent</strong></span> <span class='ocrx_word' id='word_1_197' title='bbox 1077 2947 1119 3010; x_wconf 85' lang='lat' dir='ltr'><strong>nd</strong></span> <span class='ocrx_word' id='word_1_198' title='bbox 1138 2946 1269 3022; x_wconf 68' lang='lat' dir='ltr'><strong>wenc,</strong></span> <span class='ocrx_word' id='word_1_199' title='bbox 1282 2956 1356 3011; x_wconf 83' lang='lat' dir='ltr'><strong>utre</strong></span> <span class='ocrx_word' id='word_1_200' title='bbox 1370 2948 1412 3010; x_wconf 87' lang='lat' dir='ltr'><strong>ud</strong></span> <span class='ocrx_word' id='word_1_201' title='bbox 1436 2948 1600 3032; x_wconf 53' lang='lat' dir='ltr'><strong>spirituum</strong></span> 
     </span>
     <span class='ocr_line' id='line_1_24' title="bbox 505 3048 1602 3135; baseline -0.002 -21"><span class='ocrx_word' id='word_1_202' title='bbox 505 3074 579 3115; x_wconf 85' lang='lat' dir='ltr'><strong>nam</strong></span> <span class='ocrx_word' id='word_1_203' title='bbox 605 3050 803 3135; x_wconf 79' lang='lat' dir='ltr'><strong>Augustinus</strong></span> <span class='ocrx_word' id='word_1_204' title='bbox 834 3049 888 3111; x_wconf 90' lang='lat' dir='ltr'><strong>lib.</strong></span> <span class='ocrx_word' id='word_1_205' title='bbox 904 3048 947 3110; x_wconf 93' lang='lat' dir='ltr'><strong>iii.</strong></span> <span class='ocrx_word' id='word_1_206' title='bbox 984 3049 1095 3110; x_wconf 71' lang='lat' dir='ltr'><strong>Contra</strong></span> <span class='ocrx_word' id='word_1_207' title='bbox 1122 3048 1332 3110; x_wconf 79' lang='lat' dir='ltr'><strong>Macimiuum</strong></span> <span class='ocrx_word' id='word_1_208' title='bbox 1361 3070 1392 3132; x_wconf 91' lang='lat' dir='ltr'><strong>p.</strong></span> <span class='ocrx_word' id='word_1_209' title='bbox 1416 3067 1493 3131; x_wconf 82' lang='lat'>522.</span> <span class='ocrx_word' id='word_1_210' title='bbox 1525 3057 1602 3113; x_wconf 88' lang='lat' dir='ltr'><strong>tom.</strong></span> 
     </span>
     <span class='ocr_line' id='line_1_25' title="bbox 506 3148 1603 3234; baseline -0.001 -19"><span class='ocrx_word' id='word_1_211' title='bbox 506 3154 544 3215; x_wconf 91' lang='lat' dir='ltr'><strong>vi.</strong></span> <span class='ocrx_word' id='word_1_212' title='bbox 575 3152 700 3214; x_wconf 89' lang='lat' dir='ltr'><strong>nomine</strong></span> <span class='ocrx_word' id='word_1_213' title='bbox 715 3172 803 3234; x_wconf 83' lang='lat' dir='ltr'><strong>aquoe</strong></span> <span class='ocrx_word' id='word_1_214' title='bbox 822 3150 856 3212; x_wconf 91' lang='lat' dir='ltr'><strong>in</strong></span> <span class='ocrx_word' id='word_1_215' title='bbox 875 3148 1037 3232; x_wconf 83' lang='lat' dir='ltr'><strong>cvangelio</strong></span> <span class='ocrx_word' id='word_1_216' title='bbox 1053 3157 1309 3212; x_wconf 83' lang='lat' dir='ltr'><strong>commemoratae</strong></span> <span class='ocrx_word' id='word_1_217' title='bbox 1331 3157 1427 3233; x_wconf 82' lang='lat' dir='ltr'><strong>putot</strong></span> <span class='ocrx_word' id='word_1_218' title='bbox 1451 3149 1603 3234; x_wconf 90' lang='lat' dir='ltr'><strong>Spiritum</strong></span> 
     </span>
     <span class='ocr_line' id='line_1_26' title="bbox 507 3249 1604 3334; baseline -0.001 -19"><span class='ocrx_word' id='word_1_219' title='bbox 507 3252 660 3315; x_wconf 83' lang='lat' dir='ltr'><strong>Sanctum</strong></span> <span class='ocrx_word' id='word_1_220' title='bbox 690 3250 870 3334; x_wconf 82' lang='lat' dir='ltr'><strong>significari,</strong></span> <span class='ocrx_word' id='word_1_221' title='bbox 899 3249 974 3332; x_wconf 85' lang='lat' dir='ltr'><strong>quic</strong></span> <span class='ocrx_word' id='word_1_222' title='bbox 1002 3249 1029 3310; x_wconf 92' lang='lat' dir='ltr'><strong>is</strong></span> <span class='ocrx_word' id='word_1_223' title='bbox 1053 3255 1102 3312; x_wconf 87' lang='lat' dir='ltr'><strong>ost</strong></span> <span class='ocrx_word' id='word_1_224' title='bbox 1128 3270 1223 3332; x_wconf 77' lang='lat' dir='ltr'><strong>nque,</strong></span> <span class='ocrx_word' id='word_1_225' title='bbox 1248 3270 1344 3332; x_wconf 84' lang='lat' dir='ltr'><strong>quum</strong></span> <span class='ocrx_word' id='word_1_226' title='bbox 1373 3250 1508 3314; x_wconf 77' lang='lat' dir='ltr'><strong>daturus</strong></span> <span class='ocrx_word' id='word_1_227' title='bbox 1533 3258 1604 3314; x_wconf 83' lang='lat' dir='ltr'><strong>erat</strong></span> 
     </span>
     <span class='ocr_line' id='line_1_27' title="bbox 507 3348 1602 3436; baseline -0.001 -21"><span class='ocrx_word' id='word_1_228' title='bbox 507 3353 527 3414; x_wconf 89' lang='lat' dir='ltr'>J</span> <span class='ocrx_word' id='word_1_229' title='bbox 529 3376 601 3415; x_wconf 85' lang='lat' dir='ltr'><strong>esus</strong></span> <span class='ocrx_word' id='word_1_230' title='bbox 616 3352 805 3423; x_wconf 78' lang='lat' dir='ltr'><strong>sitientibus,</strong></span> <span class='ocrx_word' id='word_1_231' title='bbox 823 3348 1051 3432; x_wconf 87' lang='lat' dir='ltr'><strong>(credentibus,</strong></span> <span class='ocrx_word' id='word_1_232' title='bbox 1068 3356 1104 3412; x_wconf 92' lang='lat' dir='ltr'><strong>ut</strong></span> <span class='ocrx_word' id='word_1_233' title='bbox 1120 3349 1263 3432; x_wconf 91' lang='lat' dir='ltr'><strong>loquitur</strong></span> <span class='ocrx_word' id='word_1_234' title='bbox 1275 3349 1307 3413; x_wconf 91' lang='lat' dir='ltr'><strong>S.</strong></span> <span class='ocrx_word' id='word_1_235' title='bbox 1317 3350 1340 3411; x_wconf 92' lang='lat' dir='ltr'><strong>J</strong></span> <span class='ocrx_word' id='word_1_236' title='bbox 1342 3372 1459 3414; x_wconf 78' lang='lat' dir='ltr'><strong>oannes</strong></span> <span class='ocrx_word' id='word_1_237' title='bbox 1471 3352 1542 3415; x_wconf 86' lang='lat' dir='ltr'><strong>xvii.</strong></span> <span class='ocrx_word' id='word_1_238' title='bbox 1550 3353 1602 3436; x_wconf 79' lang='lat'><strong>38,</strong></span> 
     </span>
     <span class='ocr_line' id='line_1_28' title="bbox 506 3447 1605 3533; baseline 0.003 -21"><span class='ocrx_word' id='word_1_239' title='bbox 506 3459 574 3533; x_wconf 77' lang='lat'>39),</span> <span class='ocrx_word' id='word_1_240' title='bbox 591 3452 715 3513; x_wconf 88' lang='lat' dir='ltr'><strong>nomino</strong></span> <span class='ocrx_word' id='word_1_241' title='bbox 725 3460 832 3514; x_wconf 82' lang='lat' dir='ltr'><strong>autom</strong></span> <span class='ocrx_word' id='word_1_242' title='bbox 846 3449 1005 3532; x_wconf 67' lang='lat' dir='ltr'><strong>conquiris</strong></span> <span class='ocrx_word' id='word_1_243' title='bbox 1015 3447 1140 3523; x_wconf 89' lang='lat' dir='ltr'><strong>Filium,</strong></span> <span class='ocrx_word' id='word_1_244' title='bbox 1154 3449 1229 3531; x_wconf 85' lang='lat' dir='ltr'><strong>quin</strong></span> <span class='ocrx_word' id='word_1_245' title='bbox 1240 3449 1385 3514; x_wconf 88' lang='lat' dir='ltr'><strong>Verbum</strong></span> <span class='ocrx_word' id='word_1_246' title='bbox 1400 3473 1474 3515; x_wconf 83' lang='lat' dir='ltr'><strong>caro</strong></span> <span class='ocrx_word' id='word_1_247' title='bbox 1484 3454 1605 3515; x_wconf 84' lang='lat' dir='ltr'><strong>fectum</strong></span> 
     </span>
     <span class='ocr_line' id='line_1_29' title="bbox 507 3549 1603 3636; baseline 0.002 -23"><span class='ocrx_word' id='word_1_248' title='bbox 507 3560 556 3613; x_wconf 83' lang='lat' dir='ltr'><strong>est</strong></span> <span class='ocrx_word' id='word_1_249' title='bbox 566 3576 575 3624; x_wconf 96' lang='lat'>;</span> <span class='ocrx_word' id='word_1_250' title='bbox 599 3555 631 3613; x_wconf 77' lang='grc' dir='ltr'><strong>ἐκ</strong></span> <span class='ocrx_word' id='word_1_251' title='bbox 655 3556 839 3629; x_wconf 82' lang='grc' dir='ltr'>παρθενικῶν</span> <span class='ocrx_word' id='word_1_252' title='bbox 859 3549 1002 3628; x_wconf 81' lang='grc' dir='ltr'><strong>αἱμάτων,</strong></span> <span class='ocrx_word' id='word_1_253' title='bbox 1023 3550 1071 3613; x_wconf 81' lang='lat' dir='ltr'><strong>cit</strong></span> <span class='ocrx_word' id='word_1_254' title='bbox 1092 3551 1236 3612; x_wconf 83' lang='lat' dir='ltr'><strong>Jounues</strong></span> <span class='ocrx_word' id='word_1_255' title='bbox 1255 3550 1472 3615; x_wconf 77' lang='lat' dir='ltr'><strong>Damascenus</strong></span> <span class='ocrx_word' id='word_1_256' title='bbox 1489 3554 1603 3636; x_wconf 77' lang='lat' dir='ltr'><strong>Ecpos.</strong></span> 
     </span>
     <span class='ocr_line' id='line_1_30' title="bbox 507 3649 1605 3735; baseline 0 -20"><span class='ocrx_word' id='word_1_257' title='bbox 507 3653 747 3735; x_wconf 72' lang='lat' dir='ltr'><strong>Fidei,p.141.</strong></span> <span class='ocrx_word' id='word_1_258' title='bbox 793 3649 837 3714; x_wconf 84' lang='lat' dir='ltr'><strong>Et</strong></span> <span class='ocrx_word' id='word_1_259' title='bbox 863 3651 917 3713; x_wconf 89' lang='lat' dir='ltr'><strong>diu</strong></span> <span class='ocrx_word' id='word_1_260' title='bbox 939 3660 1016 3714; x_wconf 83' lang='lat' dir='ltr'><strong>ante</strong></span> <span class='ocrx_word' id='word_1_261' title='bbox 1038 3650 1251 3734; x_wconf 80' lang='lat' dir='ltr'><strong>Augustinum</strong></span> <span class='ocrx_word' id='word_1_262' title='bbox 1283 3653 1421 3715; x_wconf 86' lang='lat' dir='ltr'><strong>Irenaeus</strong></span> <span class='ocrx_word' id='word_1_263' title='bbox 1450 3652 1605 3735; x_wconf 88' lang='lat' dir='ltr'><strong>Spiritum</strong></span> 
     </span>
     <span class='ocr_line' id='line_1_31' title="bbox 506 3750 1603 3835; baseline 0.001 -19"><span class='ocrx_word' id='word_1_264' title='bbox 506 3753 661 3817; x_wconf 83' lang='lat' dir='ltr'><strong>Sanctum</strong></span> <span class='ocrx_word' id='word_1_265' title='bbox 675 3751 810 3815; x_wconf 84' lang='lat' dir='ltr'><strong>voonbet</strong></span> <span class='ocrx_word' id='word_1_266' title='bbox 825 3772 947 3835; x_wconf 68' lang='lat' dir='ltr'><strong>apicum,</strong></span> <span class='ocrx_word' id='word_1_267' title='bbox 963 3773 1030 3834; x_wconf 80' lang='lat' dir='ltr'><strong>quoe</strong></span> <span class='ocrx_word' id='word_1_268' title='bbox 1046 3751 1083 3813; x_wconf 81' lang='lat' dir='ltr'><strong>dc</strong></span> <span class='ocrx_word' id='word_1_269' title='bbox 1098 3750 1167 3813; x_wconf 75' lang='lat' dir='ltr'><strong>coeb</strong></span> <span class='ocrx_word' id='word_1_270' title='bbox 1181 3760 1232 3813; x_wconf 82' lang='lat' dir='ltr'><strong>est.</strong></span> <span class='ocrx_word' id='word_1_271' title='bbox 1258 3750 1327 3814; x_wconf 91' lang='lat' dir='ltr'><strong>Lib.</strong></span> <span class='ocrx_word' id='word_1_272' title='bbox 1343 3750 1386 3813; x_wconf 91' lang='lat' dir='ltr'><strong>iii.</strong></span> <span class='ocrx_word' id='word_1_273' title='bbox 1404 3773 1430 3814; x_wconf 89' lang='lat' dir='ltr'><strong>c.</strong></span> <span class='ocrx_word' id='word_1_274' title='bbox 1452 3771 1498 3832; x_wconf 88' lang='lat'><strong>17.</strong></span> <span class='ocrx_word' id='word_1_275' title='bbox 1524 3755 1553 3834; x_wconf 64' lang='grc' dir='ltr'><strong>ξ.</strong></span> <span class='ocrx_word' id='word_1_276' title='bbox 1574 3772 1603 3817; x_wconf 83' lang='lat'>2.</span> 
     </span>
     <span class='ocr_line' id='line_1_32' title="bbox 507 3850 1605 3934; baseline 0 -18"><span class='ocrx_word' id='word_1_277' title='bbox 507 3855 557 3916; x_wconf 89' lang='lat' dir='ltr'><strong>ed.</strong></span> <span class='ocrx_word' id='word_1_278' title='bbox 576 3853 744 3917; x_wconf 85' lang='lat' dir='ltr'><strong>Mussueti.</strong></span> <span class='ocrx_word' id='word_1_279' title='bbox 789 3850 1018 3934; x_wconf 83' lang='lat' dir='ltr'><strong>Porvulgntum</strong></span> <span class='ocrx_word' id='word_1_280' title='bbox 1033 3852 1161 3933; x_wconf 87' lang='lat' dir='ltr'><strong>insuper</strong></span> <span class='ocrx_word' id='word_1_281' title='bbox 1183 3851 1216 3913; x_wconf 94' lang='lat' dir='ltr'><strong>id</strong></span> <span class='ocrx_word' id='word_1_282' title='bbox 1238 3858 1298 3927; x_wconf 88' lang='lat' dir='ltr'><strong>est,</strong></span> <span class='ocrx_word' id='word_1_283' title='bbox 1316 3851 1503 3914; x_wconf 82' lang='lat' dir='ltr'><strong>Fecundum</strong></span> <span class='ocrx_word' id='word_1_284' title='bbox 1522 3853 1605 3916; x_wconf 89' lang='lat' dir='ltr'><strong>Her·</strong></span> 
     </span>
     <span class='ocr_line' id='line_1_33' title="bbox 506 3951 1606 4037; baseline 0 -20"><span class='ocrx_word' id='word_1_285' title='bbox 506 3956 700 4018; x_wconf 75' lang='lat' dir='ltr'><strong>misnensem</strong></span> <span class='ocrx_word' id='word_1_286' title='bbox 715 3954 747 4015; x_wconf 92' lang='lat' dir='ltr'><strong>in</strong></span> <span class='ocrx_word' id='word_1_287' title='bbox 764 3954 888 4034; x_wconf 70' lang='lat' dir='ltr'><strong>Deseror.</strong></span> <span class='ocrx_word' id='word_1_288' title='bbox 910 3953 1021 4015; x_wconf 79' lang='lat' dir='ltr'><strong>Trium</strong></span> <span class='ocrx_word' id='word_1_289' title='bbox 1045 3952 1147 4034; x_wconf 73' lang='lat' dir='ltr'><strong>capit.</strong></span> <span class='ocrx_word' id='word_1_290' title='bbox 1162 3951 1215 4013; x_wconf 94' lang='lat' dir='ltr'><strong>lib.</strong></span> <span class='ocrx_word' id='word_1_291' title='bbox 1234 3952 1260 4014; x_wconf 91' lang='lat'>1.</span> <span class='ocrx_word' id='word_1_292' title='bbox 1278 3973 1347 4036; x_wconf 84' lang='lat' dir='ltr'><strong>oep.</strong></span> <span class='ocrx_word' id='word_1_293' title='bbox 1363 3973 1394 4037; x_wconf 86' lang='lat'>3.</span> <span class='ocrx_word' id='word_1_294' title='bbox 1415 3953 1469 4036; x_wconf 93' lang='lat' dir='ltr'><strong>qui</strong></span> <span class='ocrx_word' id='word_1_295' title='bbox 1491 3955 1606 4017; x_wconf 86' lang='lat' dir='ltr'><strong>saeculo</strong></span> 
     </span>
     <span class='ocr_line' id='line_1_34' title="bbox 508 4052 1606 4138; baseline -0.001 -20"><span class='ocrx_word' id='word_1_296' title='bbox 508 4055 633 4138; x_wconf 87' lang='lat' dir='ltr'><strong>scripsit</strong></span> <span class='ocrx_word' id='word_1_297' title='bbox 658 4063 760 4128; x_wconf 88' lang='lat' dir='ltr'><strong>sexto,</strong></span> <span class='ocrx_word' id='word_1_298' title='bbox 789 4052 933 4137; x_wconf 65' lang='lat' dir='ltr'><strong>spriritum</strong></span> <span class='ocrx_word' id='word_1_299' title='bbox 962 4052 1002 4114; x_wconf 89' lang='lat' dir='ltr'><strong>de</strong></span> <span class='ocrx_word' id='word_1_300' title='bbox 1034 4054 1143 4125; x_wconf 83' lang='lat' dir='ltr'><strong>Putre,</strong></span> <span class='ocrx_word' id='word_1_301' title='bbox 1170 4053 1345 4135; x_wconf 74' lang='lat' dir='ltr'><strong>sccpcicem</strong></span> <span class='ocrx_word' id='word_1_302' title='bbox 1374 4053 1414 4116; x_wconf 87' lang='lat' dir='ltr'><strong>de</strong></span> <span class='ocrx_word' id='word_1_303' title='bbox 1439 4053 1522 4116; x_wconf 88' lang='lat' dir='ltr'><strong>Filio</strong></span> <span class='ocrx_word' id='word_1_304' title='bbox 1550 4075 1606 4118; x_wconf 85' lang='lat' dir='ltr'><strong>seu</strong></span> 
     </span>
     <span class='ocr_line' id='line_1_35' title="bbox 509 4151 1605 4238; baseline 0.004 -23"><span class='ocrx_word' id='word_1_305' title='bbox 509 4156 628 4227; x_wconf 85' lang='lat' dir='ltr'><strong>Verbo,</strong></span> <span class='ocrx_word' id='word_1_306' title='bbox 655 4175 767 4237; x_wconf 80' lang='lat' dir='ltr'><strong>aquom</strong></span> <span class='ocrx_word' id='word_1_307' title='bbox 793 4174 866 4215; x_wconf 85' lang='lat' dir='ltr'><strong>vero</strong></span> <span class='ocrx_word' id='word_1_308' title='bbox 891 4153 931 4215; x_wconf 89' lang='lat' dir='ltr'><strong>de</strong></span> <span class='ocrx_word' id='word_1_309' title='bbox 956 4152 1078 4235; x_wconf 82' lang='lat' dir='ltr'><strong>Spiritu</strong></span> <span class='ocrx_word' id='word_1_310' title='bbox 1105 4152 1136 4213; x_wconf 93' lang='lat' dir='ltr'><strong>S.</strong></span> <span class='ocrx_word' id='word_1_311' title='bbox 1158 4151 1190 4213; x_wconf 92' lang='lat' dir='ltr'><strong>in</strong></span> <span class='ocrx_word' id='word_1_312' title='bbox 1216 4172 1328 4215; x_wconf 90' lang='lat' dir='ltr'><strong>comm.</strong></span> <span class='ocrx_word' id='word_1_313' title='bbox 1346 4153 1376 4214; x_wconf 91' lang='lat'><strong>8.</strong></span> <span class='ocrx_word' id='word_1_314' title='bbox 1392 4175 1462 4237; x_wconf 82' lang='lat' dir='ltr'><strong>cup.</strong></span> <span class='ocrx_word' id='word_1_315' title='bbox 1478 4177 1506 4217; x_wconf 87' lang='lat' dir='ltr'>v.</span> <span class='ocrx_word' id='word_1_316' title='bbox 1521 4155 1605 4238; x_wconf 66' lang='lat' dir='ltr'><strong>epist.</strong></span> 
     </span>
     <span class='ocr_line' id='line_1_36' title="bbox 502 4251 1604 4340; baseline 0 -22"><span class='ocrx_word' id='word_1_317' title='bbox 502 4258 617 4340; x_wconf 81' lang='lat' dir='ltr'><strong>primoe</strong></span> <span class='ocrx_word' id='word_1_318' title='bbox 643 4257 677 4317; x_wconf 75' lang='lat' dir='ltr'>S.</span> <span class='ocrx_word' id='word_1_319' title='bbox 690 4256 787 4316; x_wconf 69' lang='lat' dir='ltr'><strong>douc.</strong></span> <span class='ocrx_word' id='word_1_320' title='bbox 811 4254 1058 4335; x_wconf 82' lang='lat' dir='ltr'><strong>interpretatum</strong></span> <span class='ocrx_word' id='word_1_321' title='bbox 1082 4251 1234 4334; x_wconf 88' lang='lat' dir='ltr'><strong>posuisse.</strong></span> <span class='ocrx_word' id='word_1_322' title='bbox 1280 4254 1357 4315; x_wconf 86' lang='lat' dir='ltr'><strong>Jcm</strong></span> <span class='ocrx_word' id='word_1_323' title='bbox 1378 4275 1464 4329; x_wconf 85' lang='lat' dir='ltr'><strong>ver0,</strong></span> <span class='ocrx_word' id='word_1_324' title='bbox 1486 4254 1513 4317; x_wconf 90' lang='lat' dir='ltr'><strong>si</strong></span> <span class='ocrx_word' id='word_1_325' title='bbox 1538 4254 1604 4318; x_wconf 93' lang='lat' dir='ltr'><strong>lon·</strong></span> 
     </span>
     <span class='ocr_line' id='line_1_37' title="bbox 507 4352 1603 4440; baseline 0.001 -22"><span class='ocrx_word' id='word_1_326' title='bbox 507 4358 577 4440; x_wconf 83' lang='lat' dir='ltr'><strong>gius</strong></span> <span class='ocrx_word' id='word_1_327' title='bbox 603 4356 697 4417; x_wconf 89' lang='lat' dir='ltr'><strong>solito</strong></span> <span class='ocrx_word' id='word_1_328' title='bbox 721 4375 887 4416; x_wconf 87' lang='lat' dir='ltr'><strong>excurrere</strong></span> <span class='ocrx_word' id='word_1_329' title='bbox 914 4352 1041 4427; x_wconf 82' lang='lat' dir='ltr'><strong>ineest,</strong></span> <span class='ocrx_word' id='word_1_330' title='bbox 1070 4352 1129 4415; x_wconf 90' lang='lat' dir='ltr'><strong>hoo</strong></span> <span class='ocrx_word' id='word_1_331' title='bbox 1156 4352 1394 4437; x_wconf 87' lang='lat' dir='ltr'><strong>disquirendum</strong></span> <span class='ocrx_word' id='word_1_332' title='bbox 1417 4376 1603 4438; x_wconf 80' lang='lat' dir='ltr'><strong>proponam,</strong></span> 
     </span>
     <span class='ocr_line' id='line_1_38' title="bbox 507 4452 1608 4536; baseline 0.003 -17"><span class='ocrx_word' id='word_1_333' title='bbox 507 4477 613 4520; x_wconf 82' lang='lat' dir='ltr'><strong>onnon</strong></span> <span class='ocrx_word' id='word_1_334' title='bbox 644 4454 697 4517; x_wconf 89' lang='lat' dir='ltr'><strong>illc</strong></span> <span class='ocrx_word' id='word_1_335' title='bbox 726 4454 869 4536; x_wconf 86' lang='lat' dir='ltr'><strong>proxime</strong></span> <span class='ocrx_word' id='word_1_336' title='bbox 904 4461 980 4517; x_wconf 83' lang='lat' dir='ltr'><strong>unte</strong></span> <span class='ocrx_word' id='word_1_337' title='bbox 1009 4453 1051 4515; x_wconf 89' lang='lat' dir='ltr'><strong>ub</strong></span> <span class='ocrx_word' id='word_1_338' title='bbox 1080 4452 1225 4535; x_wconf 81' lang='lat' dir='ltr'><strong>apostolo</strong></span> <span class='ocrx_word' id='word_1_339' title='bbox 1256 4455 1370 4536; x_wconf 82' lang='lat' dir='ltr'><strong>positu,</strong></span> <span class='ocrx_word' id='word_1_340' title='bbox 1398 4457 1495 4523; x_wconf 78' lang='grc' dir='ltr'>Οὗτός</span> <span class='ocrx_word' id='word_1_341' title='bbox 1521 4459 1608 4522; x_wconf 76' lang='grc' dir='ltr'>ἐστιν</span> 
     </span>
     <span class='ocr_line' id='line_1_39' title="bbox 508 4551 1607 4634; baseline 0.004 -17"><span class='ocrx_word' id='word_1_342' title='bbox 508 4560 524 4617; x_wconf 83' lang='grc' dir='ltr'><strong>ὁ</strong></span> <span class='ocrx_word' id='word_1_343' title='bbox 558 4557 655 4617; x_wconf 78' lang='grc' dir='ltr'>ἐλθὼν</span> <span class='ocrx_word' id='word_1_344' title='bbox 689 4552 724 4614; x_wconf 88' lang='grc' dir='ltr'><strong>δι’</strong></span> <span class='ocrx_word' id='word_1_345' title='bbox 754 4556 859 4618; x_wconf 80' lang='grc' dir='ltr'>ὕδατος</span> <span class='ocrx_word' id='word_1_346' title='bbox 891 4556 937 4616; x_wconf 78' lang='grc' dir='ltr'><strong>καὶ</strong></span> <span class='ocrx_word' id='word_1_347' title='bbox 971 4556 1094 4631; x_wconf 80' lang='grc' dir='ltr'>αἵματος</span> <span class='ocrx_word' id='word_1_348' title='bbox 1123 4551 1239 4631; x_wconf 79' lang='grc' dir='ltr'>Ἰησοῦς</span> <span class='ocrx_word' id='word_1_349' title='bbox 1269 4557 1285 4616; x_wconf 87' lang='grc' dir='ltr'>ὁ</span> <span class='ocrx_word' id='word_1_350' title='bbox 1317 4557 1457 4634; x_wconf 80' lang='grc' dir='ltr'>Χριστὸς,</span> <span class='ocrx_word' id='word_1_351' title='bbox 1488 4557 1607 4621; x_wconf 83' lang='lat' dir='ltr'><strong>dixerit</strong></span> 
     </span>
    </p>
   </div>
   <div class='ocr_carea' id='block_1_3' title="bbox 508 4653 1601 4743">
    <p class='ocr_par' dir='ltr' id='par_1_4' title="bbox 508 4653 1601 4743">
     <span class='ocr_line' id='line_1_40' title="bbox 508 4653 1601 4743; baseline 0.005 -26"><span class='ocrx_word' id='word_1_352' title='bbox 508 4656 558 4718; x_wconf 78' lang='lat' dir='ltr'><strong>ille</strong></span> <span class='ocrx_word' id='word_1_353' title='bbox 594 4656 633 4715; x_wconf 84' lang='lat' dir='ltr'><strong>de</strong></span> <span class='ocrx_word' id='word_1_354' title='bbox 668 4664 803 4736; x_wconf 87' lang='lat' dir='ltr'><strong>utruquo</strong></span> <span class='ocrx_word' id='word_1_355' title='bbox 837 4661 952 4717; x_wconf 82' lang='lat' dir='ltr'><strong>nutura</strong></span> <span class='ocrx_word' id='word_1_356' title='bbox 993 4653 1171 4716; x_wconf 84' lang='lat' dir='ltr'><strong>Servatoris</strong></span> <span class='ocrx_word' id='word_1_357' title='bbox 1208 4653 1321 4728; x_wconf 91' lang='lat' dir='ltr'><strong>nostri,</strong></span> <span class='ocrx_word' id='word_1_358' title='bbox 1355 4654 1470 4718; x_wconf 82' lang='lat' dir='ltr'><strong>Divina</strong></span> <span class='ocrx_word' id='word_1_359' title='bbox 1502 4666 1601 4743; x_wconf 80' lang='lat' dir='ltr'><strong>atque</strong></span> 
     </span>
    </p>
   </div>
   <div class='ocr_carea' id='block_1_4' title="bbox 0 0 1927 5650">
    <p class='ocr_par' dir='ltr' id='par_1_5' title="bbox 0 0 1927 5650">
     <span class='ocr_line' id='line_1_41' title="bbox 0 0 1927 5650; baseline 0 0"><span class='ocrx_word' id='word_1_360' title='bbox 0 0 1927 5650; x_wconf 95' lang='lat' dir='ltr'><strong> </strong></span> 
     </span>
    </p>
   </div>
  </div>
 </body>
</html>
