3809 5650
503 709 727 775 EPISTOLA
752 707 1075 774 VlENNENSIUM
1100 708 1158 773 ΕΤ
1183 707 1320 772 Lucu.
1406 711 1471 772 305

371 873 443 956 ἀπὸ
462 881 563 955 τοῦδε
587 875 809 977 Χριστιανὴν
831 874 959 973 ἑαυτὸν
985 874 1173 976 ὡμολόγει,
1193 878 1251 954 καὶ
1278 880 1329 980 τῷ
1348 873 1471 981 κλήρῳ

371 1016 443 1089 τῶν
460 1008 650 1111 μαρτύρων
666 1007 880 1110 προσετέθη.

427 1142 473 1241 η’.
507 1142 814 1244 Καταργηθέντων
833 1142 870 1220 δέ
891 1148 964 1221 τῶν
982 1149 1199 1243 τυραννικῶν
1218 1144 1471 1244 κολαστηρίων

374 1277 443 1356 ὑπὸ
474 1284 537 1355 τοῦ
569 1282 735 1378 Χριστοῦ
768 1275 826 1355 διὰ
857 1280 921 1374 τῆς
959 1283 1032 1354 τῶν
1063 1277 1246 1377 μακαρίων
1282 1279 1473 1375 ὑπομονῆς,

348 1411 494 1510 5ἑτέρας
530 1408 694 1512 μηχανὰς
731 1410 751 1486 ὁ
788 1407 960 1504 διάβολος
996 1407 1138 1504 ἐπενόει,
1176 1408 1240 1491 τὰς
1277 1407 1368 1486 κατὰ
1409 1408 1475 1507 τὴν

376 1544 516 1646 εἱρκτὴν
534 1547 571 1622 ἐν
589 1551 641 1650 τῷ
659 1542 780 1622 σκύτει
806 1547 864 1621 καὶ
891 1549 943 1649 τῷ
968 1544 1213 1651 χαλεπωτάτῳ
1240 1546 1359 1651 χωρίῳ
1385 1578 1479 1644 συγ-

377 1679 544 1762 κλείσεις·
587 1682 645 1758 καὶ
673 1678 737 1761 τὰς
763 1679 801 1756 ε’ν
828 1684 880 1784 τῷ
907 1677 1009 1783 ξύλῳ
1037 1674 1217 1759 διατάσεις
1245 1684 1317 1756 τῶν
1344 1681 1479 1773 ποδῶν,

377 1814 435 1891 ἐπὶ
462 1811 626 1908 πέμπτον
654 1809 918 1906 διατεινομένων
946 1806 1125 1911 τρύπημα·
1164 1813 1224 1887 καὶ
1251 1807 1315 1891 τὰς
1347 1807 1478 1892 λοιπὰς

378 1947 502 2042 αἰκίας,
522 1943 613 2028 ὅσας
640 1943 809 2023 εἰώθασιν
837 1941 1055 2045 ὀργιζόμενοι
1081 1945 1262 2044 ὑπουργοὶ,
1285 1946 1343 2020 καὶ
1366 1951 1479 2021 ταῦτα

335 2076 552 2174 ιοδιαβόλου
576 2076 738 2180 πλήρεις,
757 2076 946 2156 διατιθέναι
965 2076 1047 2159 τούς
1071 2075 1353 2176 ἐγκλειομένονς·
1384 2073 1479 2154 ὥστε

378 2216 618 2314 ἀποπνιγῆναι
650 2209 733 2294 τοὺς
763 2212 960 2294 πλείστους
991 2213 1028 2290 ε’ν
1058 2216 1103 2313 τῇ
1136 2217 1266 2314 εἱρκτῇ,
1297 2210 1407 2293 ὅσους
1436 2243 1479 2311 γε

381 2350 401 2425 ὁ
437 2347 568 2449 Κύριος
601 2346 712 2428 οὕτως
744 2346 903 2451 ἐξελθεῖν
939 2345 1130 2444 ἠθέλησεν,
1160 2345 1384 2425 ἐπιδεικνύων
1417 2345 1483 2444 τὴν

381 2482 491 2559 αὐτοῦ
518 2479 641 2585 δόξαν.
673 2485 706 2557 οὶ
730 2478 795 2576 μὲν
820 2477 892 2580 γὰρ
914 2477 1199 2573 βασανισθέντες
1223 2486 1368 2581 πικρῶς,
1387 2475 1483 2557 ὥστε

384 2618 498 2692 δοκεῖν
525 2611 615 2709 μηδὲ
641 2617 705 2710 τῆς
732 2610 855 2710 πάσης
883 2613 1069 2711 θεραπείας
1095 2611 1268 2714 τυχόντας
1298 2613 1348 2691 ἔτι
1374 2612 1486 2714 ζῆσαι

341 2782 373 2838 15
386 2745 570 2842 δύνασθαι,
603 2746 801 2847 παρέμενον
838 2747 875 2822 ε’ν
906 2749 952 2847 τῇ
985 2748 1117 2848 εἱρκτῇ·
1162 2743 1284 2845 ἔρημοι
1321 2742 1388 2842 μὲν
1420 2749 1485 2845 τῆς

385 2878 485 2981 παρὰ
522 2877 721 2980 ἀνθρώπων
752 2878 964 2975 ἐπιμελείας·
1009 2876 1314 2979 ἀναῤῥωννύμενοι
1347 2876 1386 2956 δέ
1419 2877 1488 2957 ὑπὸ

386 3026 450 3096 τοῦ
471 3017 605 3117 Κυρίου
631 3018 689 3093 καὶ
711 3013 1004 3110 ἐνδυναμούμενοι
1029 3014 1088 3091 καὶ
1112 3010 1255 3110 σῶματι
1283 3012 1342 3088 καὶ
1370 3016 1487 3116 ψυχῇ,

387 3153 445 3229 καὶ
481 3147 564 3232 τούς
599 3147 749 3230 λοιπούς
780 3154 1032 3251 παρορμῶντες
1065 3150 1123 3225 καὶ
1159 3145 1485 3247 παραμυθούμενοι.

388 3447 496 3504 tianam
517 3465 547 3503 se
562 3465 624 3503 esse
638 3446 779 3516 confessa,
795 3446 825 3503 in
846 3465 914 3504 oon-
965 3444 1173 3523 quamplurimi
1201 3444 1231 3501 in
1260 3464 1374 3503 carcere
1403 3445 1492 3503 suffo-

343 3550 380 3587 20
390 3526 511 3584 sortium
527 3536 687 3603 martyrum
702 3524 793 3584 relata
807 3537 862 3584 cst.
967 3526 1023 3583 cati
1059 3524 1234 3594 interierint,
1271 3544 1345 3602 quos
1383 3525 1493 3584 scilicet

430 3606 459 3662 8.
481 3607 571 3663 Porro
585 3624 651 3662 cum
666 3605 801 3665 universa
816 3616 916 3684 tyran.
968 3605 1060 3672 Deus,
1075 3606 1125 3680 qui
1140 3624 1220 3661 suam
1235 3606 1266 3662 in
1280 3606 1416 3664 omnibus
1429 3605 1492 3683 glo·

390 3706 494 3743 norum
515 3694 661 3742 tormenta
682 3705 734 3761 per
755 3695 916 3763 martyrum
967 3685 1039 3743 riam
1054 3683 1192 3749 ostendit,
1203 3685 1257 3742 hoc
1271 3686 1373 3742 mortis
1387 3704 1493 3763 genere

391 3765 583 3822 constantiam
618 3784 635 3821 a
669 3764 788 3823 Christo
819 3774 917 3823 essent
968 3763 1090 3840 defungi
1100 3764 1241 3821 voluerat.
1272 3763 1334 3821 Alii
1350 3763 1492 3840 siquidem

390 3844 527 3902 hebetata
554 3864 587 3901 ac
613 3856 722 3909 retusa,
751 3843 821 3901 alias
853 3864 914 3902 ma·
967 3844 1018 3919 qui
1041 3842 1224 3900 acerbissime
1246 3844 1403 3900 excruciati
1427 3842 1493 3899 fue-

344 3947 380 4005 ²5
392 3924 491 3981 chinus
504 3922 646 3981 Diabolus
665 3923 859 3999 excogitavit:
883 3934 917 3980 ut
968 3933 1044 3987 rant,
1067 3923 1109 3979 ita
1138 3932 1172 3978 ut
1194 3941 1231 3978 ne
1254 3922 1351 3980 vivere
1375 3920 1493 3996 quidem

392 4002 501 4061 scilicet
515 4003 545 4059 in
561 4003 794 4060 obscurissimum
809 4023 842 4060 ac
855 4022 918 4059 mo·
970 4001 1082 4058 diutius
1097 4020 1181 4080 posse
1195 3999 1382 4058 crederentur
1393 4019 1494 4076 quam-

393 4082 579 4140 lestissimum
595 4082 716 4139 carceris
733 4080 828 4138 locum
849 4100 919 4138 con·
969 4081 1014 4137 vis
1037 4082 1117 4138 omni
1140 4080 1299 4137 curationis
1323 4098 1428 4156 genere
1449 4098 1495 4137 re-

390 4162 562 4237 jicerentur,
574 4171 666 4235 utque
680 4160 769 4237 pedes
783 4161 814 4216 in
827 4180 919 4217 nervo
970 4159 1091 4218 focillati
1105 4160 1250 4228 fuissent;
1274 4169 1496 4235 permanserunt

394 4240 431 4298 ad
445 4241 582 4316 quintum
597 4258 689 4314 usque
709 4240 839 4297 foramen
859 4240 918 4296 dis·
970 4240 1002 4296 in
1023 4239 1172 4297 custodia:
1201 4239 1351 4295 hominum
1377 4236 1494 4313 quidem

345 4346 383 4401 30
394 4332 492 4379 tensos
513 4319 663 4385 haberent,
678 4340 711 4377 ac
732 4318 844 4395 reliqua
862 4320 918 4376 hu·
970 4319 1081 4376 auxilio
1095 4318 1241 4384 destituti,
1252 4337 1353 4374 verum
1368 4317 1495 4374 roborati

391 4398 520 4476 jusmodi
535 4400 716 4456 cruciatuum
733 4418 841 4475 genera
854 4419 921 4477 per.
972 4401 1008 4459 ab
1023 4399 1088 4455 Deo
1103 4410 1132 4456 et
1147 4410 1205 4456 tam
1222 4396 1310 4454 animi
1331 4415 1418 4471 quam
1433 4416 1495 4453 cor·

395 4481 515 4545 ferrent,
536 4479 642 4555 quibus
663 4478 797 4544 ministri,
817 4489 922 4556 utpote
972 4479 1051 4558 poris
1065 4479 1164 4555 vigore
1178 4477 1302 4545 firmati;
1317 4477 1367 4553 qui
1379 4474 1497 4552 quidem

395 4560 502 4618 infensi
530 4569 560 4617 et
589 4579 606 4616 a
631 4558 771 4617 Daemone
795 4559 921 4626 incitati,
973 4557 1168 4617 accendebant
1189 4567 1300 4615 ceteros
1318 4568 1349 4614 et
1368 4555 1496 4614 consola-

395 4659 501 4697 vexare
535 4639 662 4698 inclusos
696 4649 920 4699 consueverunt.
973 4640 1089 4697 bantur.
1133 4638 1194 4696 Alii
1224 4657 1290 4695 vero
1314 4634 1420 4694 novelli
1447 4636 1498 4711 qui

349 4732 385 4790 35
397 4718 482 4778 Adeo
520 4730 555 4777 ut
592 4739 628 4779 ex
664 4739 765 4777 eorum
800 4738 922 4778 numero
973 4737 1073 4778 recens
1081 4717 1280 4797 comprehensi
1288 4718 1416 4784 fueraut,
1425 4734 1499 4791 quo.

441 4842 510 4886 vot.
528 4844 546 4883 Ι.
1067 4844 1088 4883 u
1101 4842 1119 4883 Γ
