3809 5650
550 708 609 771 ·IN
633 706 892 770 HEGESIPPI
918 706 1239 770 FRAGMENTA.
1384 707 1449 769 243

294 916 298 921 -
346 871 410 937 tior
425 873 544 937 Petrus
558 872 699 937 Oacciari
716 895 756 937 ex
771 873 895 938 duobus
908 874 1011 938 Vatic.
1029 874 1126 938 MSS.
1139 875 1173 937 io
1188 873 1343 938 Solornom
1356 872 1448 937 resti·

346 973 420 1051 tuit,
446 974 567 1059 aitque,
593 975 765 1039 Baronium
792 976 976 1040 observasse
1002 976 1105 1040 locum
1133 976 1221 1040 illum
1246 977 1278 1039 in
1304 975 1447 1060 pluribus

345 1077 569 1162 manuscriptis
583 1078 653 1140 dari
671 1076 746 1141 libro
764 1080 944 1163 Sapiestioe.
990 1078 1108 1142 Iisdem
1123 1101 1248 1162 quoque
1268 1078 1446 1143 consentire

346 1178 595 1242 vetustissimum
609 1177 716 1241 Rufini
732 1179 882 1257 codicem,
897 1181 951 1265 qui
966 1203 1063 1265 penes
1077 1203 1128 1245 me
1142 1189 1201 1258 est,
1218 1181 1318 1245 video.
1372 1180 1447 1244 Soa·

345 1279 425 1364 liger
439 1280 562 1345 interea
577 1281 609 1343 in
624 1281 793 1365 posteriori
808 1304 866 1346 sua
879 1281 1050 1346 Eusebium
1067 1283 1208 1346 Chronioi
1227 1283 1366 1347 editione
1387 1282 1448 1347 etsi

347 1380 408 1444 hoc
428 1404 553 1445 comma
574 1383 659 1467 apud
677 1384 809 1447 Esaiam
831 1391 942 1447 extare
961 1385 1141 1460 confitetur,
1162 1384 1194 1446 id
1218 1392 1326 1448 tamea
1352 1390 1447 1470 putat

347 1483 521 1565 περιέργους
544 1486 698 1569 quosdam
727 1485 884 1549 infulsisse
913 1508 954 1549 ex
983 1486 1258 1571 pseudepigrapha
1287 1484 1448 1570 Sapientis

347 1585 525 1650 menam
567 1586 670 1672 Ἰσαίῳ
694 1609 753 1671 pro
773 1586 890 1672 ‘Hoste
918 1587 993 1653 Cod.
1019 1588 1110 1652 Bodl.
1136 1610 1191 1652 seu
1217 1588 1320 1653 Sooil.
1367 1588 1447 1651 Mox

347 1689 412 1752 ἐπεὶ
432 1691 465 1752 δὲ
479 1710 538 1772 pro
553 1691 618 1752 έπεὶ
632 1691 672 1752 N
669 1690 834 1772 coeptam.

391 1791 429 1855 P.
443 1811 515 1854 211.
531 1791 551 1853 l.
567 1812 616 1855 11.
632 1791 800 1869 ἀναβάντες
815 1789 868 1855 οὖν
881 1791 949 1876 lte]
974 1791 1073 1855 Haud
1088 1791 1180 1854 valde
1192 1790 1318 1854 differre
1332 1790 1375 1854 ab
1390 1790 1446 1853 im·

345 1891 468 1976 pietate
481 1891 505 1953 J
506 1893 668 1956 udaeorum
684 1893 717 1955 in
731 1894 894 1958 Christum
903 1893 1029 1957 videtur
1042 1894 1178 1956 istorum
1192 1891 1356 1955 hominum
1370 1891 1445 1956 feri·

346 1999 398 2057 tss
409 1993 442 2056 in
452 1993 621 2057 Jacobum.
655 1993 883 2073 Ἐπλήσθησαν,
894 1994 941 2058 ait
957 1994 989 2058 S.
1006 1995 1114 2057 Lucas
1128 1994 1171 2057 iv.
1189 1992 1239 2058 28.
1255 1997 1348 2072 θυμοῦ
1363 1995 1446 2073 έντῇ

346 2100 507 2180 συναγωγῇ
522 2098 679 2163 ἀκούοντες
693 2101 795 2159 ταῦτα.
843 2096 901 2159 Καὶ
915 2095 1099 2161 ἀναστάντες
1116 2093 1265 2174 ἐξέβαλον
1283 2094 1373 2157 αὐτὸν
1391 2094 1446 2172 ἔξω

346 2201 397 2276 τῆς
414 2199 540 2274 πόλεως,
562 2199 611 2262 καὶ
627 2199 744 2280 ἤγαγον
762 2197 853 2261 αὐτὸν
874 2199 929 2265 ἕως
947 2202 999 2275 τῆς
1020 2199 1132 2277 ὀφρύος
1152 2201 1205 2260 τοῦ
1227 2198 1314 2278 ὄρους
1328 2198 1378 2276 ἐφ’
1394 2194 1447 2281 ᾖν)

347 2301 434 2365 πόλις
448 2300 544 2363 αὐτῶν
558 2299 737 2384 ᾠκοδόμητο,
755 2302 797 2367 εἰς
810 2298 844 2362 τὸ
861 2299 1103 2379 κατακρήμνααοι
1118 2299 1217 2362 αὐτόν.

389 2400 472 2464 Ibid.
488 2400 508 2464 l.
525 2416 573 2485 15.
597 2404 660 2465 Θεέ
675 2399 783 2485 πατέρ]
807 2403 824 2463 d
840 2398 907 2467 θεὸς
924 2401 973 2463 καὶ
987 2399 1083 2480 πατὴρ
1098 2400 1174 2463 MS.
1189 2399 1330 2483 Norsolo.
1365 2399 1446 2462 Mox

346 2503 687 2582 κατολιθοβολησάντων
700 2503 863 2587 Heyessppi
877 2503 1024 2586 Except.
1036 2501 1128 2565 Bodl.

389 2605 474 2669 Ibid.
493 2604 514 2668 l.
534 2625 581 2686 17.
611 2606 654 2671 εἶς
676 2611 735 2668 τῶν
762 2604 973 2685 ἱερέων-υἱοῦ
989 2603 1171 2687 Ῥαχαβεὶμ]
1207 2604 1328 2669 Merito
1354 2604 1447 2669 Nice-

344 2707 463 2792 phorus
484 2707 552 2772 haee
572 2709 636 2772 duo
656 2708 810 2772 vocabula
835 2711 914 2793 (υἱοῦ
928 2707 1111 2790 Ῥαχαβεὶμ)
1127 2708 1292 2792 expunxit,
1308 2715 1345 2772 ut
1363 2709 1445 2793 jam·

344 2809 467 2895 pridem
481 2811 606 2877 notavit
618 2811 768 2897 Scaliger,
780 2818 850 2876 tum
861 2810 893 2874 in
905 2808 1231 2875 animadversionibus
1243 2809 1444 2887 Eusebianis,

344 2916 414 2976 tum
435 2913 469 2976 in
491 2914 633 2979 Elenoho
654 2913 836 2978 Trihaeresii
862 2934 931 2997 cap.
949 2932 999 2995 25.
1045 2911 1108 2974 Sed
1131 2918 1333 2974 tamencum
1358 2913 1445 2995 apud

344 3012 495 3077 Rufinum
509 3014 666 3101 legantur,
682 3024 715 3080 et
729 3017 762 3079 in
778 3014 924 3079 omnibus
937 3012 1056 3077 nostris
1071 3012 1304 3096 exemplaribus
1318 3020 1443 3092 extent,

343 3115 419 3179 ferri
441 3118 605 3180 commode
627 3124 771 3201 possunt.
816 3118 869 3178 Ac
894 3115 922 3178 si
944 3135 1011 3177 rem
1035 3112 1193 3177 attentius
1216 3115 1443 3197 expendamus,

345 3239 409 3281 non
429 3225 503 3283 sunt
520 3219 568 3283 ita
587 3220 697 3303 inepta
715 3226 813 3303 atque
827 3217 947 3282 insulsa
963 3224 999 3281 ut
1014 3216 1140 3301 putavit
1155 3215 1305 3300 Scaliger.
1329 3218 1370 3284 εἶς
1385 3225 1444 3282 τῶν

346 3318 450 3399 ἱερέων
464 3326 522 3382 τῶν
535 3322 607 3383 υἱῶν
617 3318 734 3402 Ῥηχᾶβ
753 3323 818 3384 υἱοῦ
832 3320 1011 3403 Ῥαχαβείμ.
1058 3319 1151 3381 Unus
1168 3341 1208 3381 ex
1226 3320 1444 3384 sacerdotibus

345 3420 387 3482 de
401 3419 474 3484 filiis
488 3420 618 3484 Reohab
633 3421 690 3483 filii
705 3422 890 3487 Rechabim.
936 3423 1029 3485 Idem
1044 3421 1128 3484 enim
1142 3428 1192 3484 est
1207 3442 1245 3484 ac
1260 3420 1287 3484 si
1302 3421 1422 3485 diceret
1434 3445 1444 3497 ;

345 3540 426 3583 unus
441 3542 481 3584 ex
496 3521 723 3599 sacerdotibus,
738 3523 820 3586 filius
842 3524 974 3587 Reohab
995 3524 1035 3586 de
1053 3544 1168 3607 genere
1183 3521 1442 3587 Reohabitarum.

345 3643 415 3706 quae
438 3630 600 3707 postrema
621 3625 718 3688 verba
742 3626 885 3689 consulte
910 3626 999 3689 edita
1024 3632 1107 3701 sunt,
1131 3631 1168 3689 ut
1194 3625 1325 3688 Reohab
1351 3631 1449 3708 pater

344 3723 426 3788 illius
440 3725 625 3802 sacerdotis,
640 3726 683 3790 ab
697 3727 768 3790 aliis
783 3726 913 3791 Reohab
928 3727 1186 3811 distingueretur.
1232 3725 1345 3788 Plures
1359 3725 1444 3788 enim

344 3826 455 3890 eodem
481 3826 606 3891 nomine
631 3829 875 3913 appellabantur
904 3828 1060 3891 Reohab:
1096 3848 1205 3891 verum
1233 3826 1284 3889 hie
1314 3828 1354 3890 de
1380 3849 1448 3912 quo

343 3927 484 4013 loquitur
499 3928 710 4014 Hegesippus‚
726 3938 797 3994 erat
813 3952 852 3994 ex
873 3931 975 4016 stirpe
990 3929 1239 3993 Rechabitarum
1254 3928 1387 4007 illorum,
1403 3929 1449 3993 de

344 4030 458 4113 quibus
472 4029 597 4094 locutus
612 4038 661 4094 est
677 4031 866 4095 Hieremias.
890 4031 1057 4093 Vsnmrus.
1103 4029 1247 4093 Valesius
1261 4028 1442 4113 νὶοΰῬηχα·

342 4134 416 4209 βεὶμ
436 4131 567 4215 exponit
585 4133 625 4195 de
641 4153 745 4216 persero
757 4131 1003 4206 Reotolitenan,
1019 4138 1056 4194 ut
1075 4131 1205 4195 Reohab
1228 4130 1290 4194 iste
1313 4151 1376 4213 quo
1397 4130 1442 4192 ab

342 4231 412 4295 aliis
434 4232 575 4316 ejusdem
597 4232 732 4295 nominis
754 4233 978 4317 distinguetur,
995 4232 1109 4297 audiat
1121 4232 1213 4315 filias
1233 4231 1326 4294 unius
1346 4253 1362 4292 e
1381 4231 1441 4293 Ite-

340 4333 475 4398 clobitis.
520 4334 584 4398 Sed
614 4335 772 4417 quomodo
797 4334 984 4410 Reohabita,
1009 4341 1107 4417 atque
1136 4333 1217 4396 adeo
1242 4331 1436 4409 Madianita,

342 4434 448 4519 potuit
472 4456 541 4497 esse
564 4435 734 4498 sacerdos?
777 4435 846 4497 Nisi
875 4435 958 4498 forte
982 4435 1101 4497 dixeris
1126 4455 1165 4497 ex
1193 4432 1318 4496 Judaeis
1343 4432 1442 4496 etiem

340 4536 463 4619 aliquos
492 4536 655 4622 amplexos
684 4535 867 4600 institutum
893 4559 930 4600 ac
956 4537 1030 4601 vitae
1054 4557 1154 4620 genus
1180 4534 1441 4612 Reohabitarum,

339 4658 410 4722 quoe
425 4638 609 4722 conjectura
622 4645 672 4701 est
687 4637 878 4701 Tillemontii
894 4646 971 4702 tom.
985 4639 1015 4701 I.
1034 4638 1170 4700 Memor.
1187 4634 1234 4698 H.
1249 4635 1288 4698 Ε.
1304 4657 1333 4719 p.
1348 4651 1440 4717 1147·

338 4736 390 4802 cui
412 4738 606 4823 suffragatur
626 4737 747 4801 clariss.
772 4737 897 4815 Gavius,
918 4739 971 4822 qui
994 4738 1027 4801 in
1049 4736 1206 4802 Simeonis
1227 4735 1294 4800 vita
1316 4743 1390 4799 tom.
1410 4736 1438 4800 l.

859 4858 931 4901 ινα
