3809 5650
396 625 439 688 36
768 620 1121 685 ANNOTATIONES

396 787 491 872 paulo
504 793 602 848 autea
616 784 648 845 in
663 783 723 846 hoo
738 784 843 867 eapite
857 782 960 846 dixit:
983 782 1003 845 δ
1023 783 1072 845 καὶ
1085 782 1212 861 ἡγοῦμαι
1226 783 1279 847 τδς
1293 782 1498 847 &romaniae

396 884 653 968 παρεκδεξόμενον
677 884 839 965 διηγήσεις.
893 882 1047 966 Origenes
1068 882 1101 945 in
1122 881 1175 945 lib.
1192 881 1232 945 iv.
1256 882 1297 945 de
1321 881 1496 965 prineipiis.

396 991 445 1051 διδ
459 992 546 1049 τοῦτο
560 987 643 1064 ἡμεῖς
659 985 754 1047 καὶτὸ
770 987 804 1047 ἔν
818 986 859 1068 τῷ
869 986 928 1047 ὑπό
941 1007 1031 1046 τινων
1042 981 1309 1066 κατοφρονονμένῳ
1323 984 1438 1065 βιβλίῳ
1453 987 1495 1066 τᾷ

396 1086 525 1165 ποιμένι,
541 1088 616 1149 οἴσω
631 1087 819 1165 διηγούμεθα.
866 1084 945 1147 Vide
960 1104 1031 1166 quae
1052 1082 1159 1145 notavi
1174 1082 1216 1144 nd
1231 1103 1301 1165 esp.
1316 1082 1378 1145 xiv.
1393 1082 1449 1147 lib.
1466 1086 1496 1147 6.

398 1187 465 1268 (ubi
481 1194 589 1267 tamen
604 1185 755 1265 διηγήσεις
770 1185 854 1247 idem
868 1206 937 1247 esse
957 1184 1052 1246 ‹loeet
1069 1182 1220 1255 Valesius,
1237 1181 1322 1265 quod
1340 1183 1497 1264 ἐξηγήσεις

397 1287 445 1352 vel
461 1287 668 1371 διεξηγήσεις.)
694 1288 856 1350 Vatrenus.
901 1287 976 1348 Hoo
989 1306 1090 1369 genus
1104 1283 1323 1347 enarrationes
1337 1284 1497 1369 exoerpsit

399 1388 551 1450 Irenaeus.
1173 1423 1176 1429 ι

441 1488 524 1551 Ibid.
540 1488 561 1550 l.
577 1494 606 1550 8.
628 1487 878 1574 ἀναπέμψαντες]
901 1488 1157 1567 παραπέμψαντες
1171 1485 1320 1549 editionis
1334 1486 1376 1548 n.
1392 1485 1495 1568 &opt

344 1671 346 1673 ‚
396 1589 620 1673 Nicoplon‘qao
634 1588 801 1652 lectionem
816 1588 958 1671 reposuit
975 1585 1105 1650 editioni
1126 1607 1191 1648 suae
1209 1585 1382 1657 Strothius,
1398 1607 1496 1669 quum

397 1691 630 1770 δναπέμψαντες
659 1710 700 1752 ex
727 1696 880 1772 sequente
908 1710 985 1752 vooe
1014 1694 1121 1750 ortum
1149 1693 1288 1770 putaret.
1343 1690 1392 1749 At
1421 1708 1498 1750 vero

396 1797 528 1854 tuentur
550 1790 663 1853 Valasii
677 1789 845 1852 lectionem
859 1788 1060 1872 ιααααςοιόρόὲ
1079 1787 1165 1850 Bodl.
1181 1795 1214 1849 et
1229 1786 1369 1869 Norfolo.
1380 1786 1497 1870 repeti-

397 1890 578 1973 tionemque
592 1889 826 1973 praepositionis
839 1893 920 1970 παρδ
934 1897 1008 1972 post
1023 1911 1114 1951 voees
1135 1890 1337 1967 παραδίδωσιν
1352 1893 1385 1949 et
1402 1912 1497 1966 παρα·

398 1995 498 2057 δόσεις
523 2012 616 2052 aures
645 1997 763 2052 nostrae
789 1990 897 2052 forsan
921 2011 1013 2073 aeque
1036 2010 1121 2072 aegre
1151 1988 1325 2071 patiuntur.
1373 1987 1496 2064 Addua,

397 2113 480 2154 nuno
495 2098 636 2155 testante
652 2092 808 2166 Burtono,
819 2090 903 2153 αοόό.
919 2091 1006 2153 Mod.
1023 2091 1111 2153 Μαι.
1126 2089 1236 2151 Μαι.
1255 2088 1354 2151 Vena.
1367 2087 1497 2153 Flam

397 2195 538 2278 tinuoque.

442 2294 523 2358 lbid.
539 2295 719 2376 ἀναγκαίως]
746 2295 802 2357 Ita
815 2293 940 2356 loeutus
960 2292 1057 2355 luisse
1078 2291 1235 2354 Eusebius
1251 2291 1386 2364 videtur,
1400 2311 1497 2374 prop-

397 2402 487 2458 terea
513 2395 597 2479 quod
623 2416 663 2457 ex
688 2394 837 2457 instituto
862 2393 1047 2456 testimonia
1070 2393 1110 2455 de
1135 2393 1281 2455 omnibus
1306 2400 1340 2456 et
1365 2391 1497 2475 siugulis

399 2495 481 2559 Novi
493 2496 638 2560 Foederis
652 2496 741 2558 libris
755 2495 902 2579 colligere
916 2494 1102 2567 statuisset;
1119 2497 1287 2574 ὑπόσχεσιν
1299 2492 1494 2570 πεποιήμεθα,

397 2595 501 2680 inquit
527 2596 694 2672 Eusebius,
720 2595 774 2658 lib.
790 2618 818 2659 v.
842 2595 926 2658 Hae.
942 2617 971 2657 e.
989 2598 1019 2657 8.
1041 2593 1269 2674 παραθήσεσθαι
1293 2596 1369 2656 κατὰ
1394 2591 1497 2672 καιρὸν

398 2699 531 2763 εἰπόντες
553 2701 606 2764 ras
627 2705 687 2761 τῶν
708 2698 842 2778 ἀρχαίων
867 2699 1130 2773 ἐκκλησιαστικῶν,
1154 2692 1366 2774 πρεσβυτέρων
1388 2719 1421 2756 τε
1447 2695 1497 2757 καὶ

374 2790 378 2799 ¹
398 2800 611 2880 συγγραφέων,
626 2803 737 2880 φωνὰς,
754 2801 789 2862 ἓν
804 2800 851 2864 αἶς
870 2800 922 2863 τὰς
942 2798 1010 2875 περὶ
1032 2801 1091 2859 τῶν
1113 2795 1293 2872 ἐνδιαθήκων
1307 2801 1433 2876 γραφῶν
1453 2797 1497 2861 εἰς

397 2900 504 2967 αὐτοὺς
530 2903 732 2967 κατελθοόσας
757 2901 936 2979 παραδόσεις
961 2898 1062 2977 γραφῇ
1092 2898 1328 2976 παραδεδώκασι.
1374 2895 1496 2959 Voeem

397 3023 461 3064 non
477 3001 745 3074 vortitValesiu33
770 3000 826 3063 sed
846 3000 899 3061 ubi
919 2995 1076 3061 Eusebius
1094 2996 1248 3059 librorum
1263 2996 1295 3058 S.
1309 2996 1496 3079 Scripturas,

397 3126 477 3188 quos
496 3112 597 3167 testes
620 3103 776 3166 citaverat
798 3100 926 3183 Papias,
943 3098 1135 3162 mentionem
1156 3097 1243 3172 lauit,
1258 3097 1301 3160 ibi
1323 3119 1380 3181 pro
1404 3099 1494 3178 ἄναγ-

398 3207 486 3268 καίως
505 3225 564 3265 σοιι
582 3204 648 3265 σι’-αα
667 3224 760 3265 causo
777 3201 891 3263 Latine
910 3200 1027 3282 posuit.
1073 3199 1177 3279 Quum
1192 3221 1266 3263 vero
1280 3219 1496 3282 saepenumero

397 3324 489 3365 voees
504 3304 672 3382 ἀναγκαίως
686 3307 720 3364 et
735 3299 901 3379 ἀναγκαῖον
916 3299 956 3363 de
967 3300 1028 3363 hoo
1039 3323 1096 3363 suo
1106 3299 1191 3363 eirea
1202 3320 1355 3363 canonem
1370 3320 1497 3362 suorum

397 3402 504 3467 studio
527 3409 641 3464 auctor
659 3400 853 3474 adhibuerit,
867 3410 955 3464 reote
969 3402 1066 3465 vertit
1088 3402 1148 3464 hoo
1172 3401 1242 3464 loeo
1264 3400 1427 3463 Museulus
1445 3421 1496 3463 ιιι-

395 3504 532 3579 maaria,
549 3502 652 3565 minus
666 3511 775 3565 autem
788 3509 940 3565 aoaurate
956 3502 1266 3586 Christophorsonus
1281 3501 1437 3564 αοιινιιοόο.

443 3606 479 3665 Ρ.
496 3622 542 3686 13.
558 3602 578 3666 l.
595 3624 640 3665 10.
663 3605 720 3667 Kal
735 3603 812 3665 τοῦθ’
829 3606 845 3665 ό
861 3606 1064 3682 πρεσβύτερος
1080 3605 1184 3689 ἔλεγε]
1201 3603 1304 3665 Addit
1318 3611 1392 3686 post
1407 3603 1497 3683 ἔλεγε

398 3704 589 3789 Νιῗοορδοιιιο
609 3703 760 3783 Ἰωάννης.
794 3704 925 3767 Sraoru.
980 3704 1059 3784 Quis
1084 3704 1135 3767 ille
1161 3703 1257 3766 fuerit
1285 3703 1407 3779 Senior,
1432 3725 1497 3766 non

396 3805 521 3868 addidit
545 3805 711 3877 Eusebius,
736 3805 792 3867 sed
817 3813 926 3868 tamen
952 3826 993 3867 ox
1021 3804 1059 3866 iis
1085 3826 1156 3887 quae
1186 3804 1302 3867 ibidem
1332 3803 1496 3887 praemisit,

396 3907 521 3970 videtur
546 3929 638 3992 posse
668 3906 783 3990 colligi,
814 3906 847 3968 S.
874 3904 1008 3989 Papiam
1038 3926 1095 3987 per
1125 3904 1289 3967 Seniorem
1319 3904 1497 3989 intelligere

396 4006 555 4070 Joannem
585 4009 814 4091 presbyterum.
861 4007 1057 4066 lisanoixius
1079 4004 1140 4068 Va.
1165 4007 1201 4069 S.
1224 4007 1348 4090 Ρορίοο,
1373 4028 1403 4090 p.
1420 4008 1497 4068 661.

405 4108 478 4170 Via.
503 4108 578 4170 ΡΡ.
605 4107 751 4170 Oriaual.
778 4106 830 4190 qui
853 4107 910 4177 ait,
937 4105 1022 4168 huno
1048 4107 1070 4167 J
1075 4127 1209 4169 oannem
1235 4128 1331 4169 unum
1357 4106 1453 4169 fuisse
1478 4128 1497 4169 e

400 4206 510 4269 LXX.
532 4208 702 4293 disoipulis.
749 4207 864 4270 Nescio
886 4216 1006 4280 autem,
1029 4207 1113 4269 unde
1135 4207 1196 4270 hoo
1221 4207 1324 4290 ipsum
1351 4205 1497 4270 didioerit

398 4307 446 4369 vir
459 4309 584 4383 doetus,
600 4308 658 4370 nisi
674 4331 712 4370 ex
728 4309 910 4390 conjectura
925 4329 991 4380 sua,
1008 4329 1078 4390 quae
1095 4308 1221 4389 quidem
1237 4308 1409 4391 probabilis
1425 4316 1495 4376 est:

396 4416 482 4469 oerte
499 4408 671 4469 Eusebium
693 4409 815 4492 opinari
838 4430 895 4491 per
911 4395 1062 4469 Seniorom
1084 4407 1171 4470 illum
1186 4408 1209 4469 J
1212 4430 1346 4470 oannem
1368 4409 1497 4491 presby·

397 4516 501 4570 terum
515 4506 646 4589 intelligi
658 4508 783 4581 debere,
798 4506 930 4589 liquido,
945 4508 1070 4591 opinor,
1086 4517 1224 4572 constat.
1262 4509 1313 4570 De
1329 4509 1496 4590 sepulchro

398 4608 467 4693 ejus
482 4627 578 4690 supra
592 4606 713 4670 dietum
727 4617 778 4670 est
792 4629 824 4688 p.
836 4626 885 4686 24.
931 4607 999 4671 Neo
1014 4608 1150 4691 amplius
1161 4610 1273 4684 habeo,
1289 4617 1407 4692 praeter
1421 4610 1496 4673 θοα-
