3809 5650
458 681 523 744 318
776 681 1015 762 RELIQUIAE
1040 681 1210 747 SACRAE.

456 847 812 952 παραφυλάσσοντες
842 849 978 951 νύκτωρ
1005 853 1063 928 καὶ
1087 852 1299 953 μεθημέραν,
1328 849 1378 951 μὴ
1407 857 1562 956 κηδευθῇ

456 1014 510 1064 τις
535 983 595 1086 ὑφ’
614 982 723 1079 ἡμῶν.
756 984 815 1060 καὶ
832 981 913 1062 τότε
938 984 982 1083 δὴ
1000 985 1190 1086 προθέντες
1212 984 1295 1064 τάτε
1317 992 1390 1066 τῶν
1415 989 1559 1088 θηρίων,

455 1114 538 1193 τάτε
566 1123 629 1193 τοῦ
656 1114 768 1216 πυρὸς
795 1117 963 1222 λείψανα,
982 1123 1034 1216 πῆ
1061 1117 1126 1216 μὲν
1154 1118 1419 1221 ἐσπαραγμένα,
1438 1123 1491 1218 πῆ
1521 1120 1559 1199 δὲ

455 1247 720 1350 ἠνθρακωμίνα,
750 1253 808 1328 καὶ
835 1257 908 1328 τῶν
936 1257 1074 1329 λοιπῶν
1100 1249 1165 1334 τὰς
1194 1250 1357 1356 κεφαλὰς
1380 1251 1451 1330 σύν
1482 1260 1559 1337 τοῖς

455 1381 710 1481 ἀποτμήμασιν
741 1384 857 1461 αὐτῶν
885 1385 1057 1469 ὡσαύτως
1084 1383 1244 1490 ἀτάφους
1276 1383 1584 1492 παρεφύλαττον5

454 1516 545 1616 μετὰ
568 1522 825 1619 στρατιωτικῆς
852 1519 1051 1617 ἐπιμελείας
1079 1520 1221 1622 ἡμέραις
1247 1528 1408 1624 συχναῖς.
1440 1524 1498 1599 καὶ
1522 1528 1556 1601 οἱ

452 1650 519 1751 μὲν
545 1653 782 1752 ἐνεβριμῶντο
809 1656 868 1731 καὶ
894 1652 1049 1755 ἔβρυχον
1071 1651 1154 1735 τοὺς
1180 1654 1327 1736 ὀδόντας
1350 1655 1403 1732 ἐπ’
1424 1655 1553 1751 αὐτοῖς,

453 1786 636 1889 ζητοῦντες
655 1783 733 1863 τινὰ
754 1786 1016 1888 περισσοτεραν
1034 1786 1213 1884 ἐκδίκησιν
1237 1788 1320 1888 παρ’
1342 1787 1460 1865 αὐτῶν
1478 1795 1550 1865 λα·

451 1927 539 2013 βεῖν·
567 1923 599 1997 οἱ
619 1916 657 1997 δὲ
674 1918 847 2019 ε’νεγέλων
869 1921 926 1997 καὶ
951 1917 1180 2019 ἐπετώθαζον,
1199 1919 1459 2020 μεγαλύνοντες
1478 1917 1554 2018 ἅμα

451 2050 498 2130 τὰ
522 2052 653 2131 εἴδωλα
676 2051 807 2148 αὐτῶν,
831 2055 888 2129 καὶ
910 2054 1050 2135 ἐκείνοις
1074 2052 1345 2153 προσάπτοντες
1373 2051 1439 2152 τὴν
1463 2053 1548 2134 τού·
1566 2087 1602 2125 ¹0

451 2221 523 2266 των
541 2187 721 2288 τιμωρίαν.
752 2191 783 2264 οἱ
803 2184 842 2264 δὲ
860 2188 1108 2289 ἐπιεικέστεροι
1127 2191 1184 2266 καὶ
1203 2187 1293 2266 κατὰ
1315 2186 1435 2267 ποσὸν
1456 2222 1551 2286 σνμ-

450 2326 577 2399 παθεῖν
595 2324 788 2414 δοκοῦντες,
808 2319 981 2422 ῶνείδιᾷιν
1004 2319 1101 2399 πολύ
1123 2321 1299 2422 λέγοντες·
1327 2330 1397 2401 τοῦ
1417 2322 1437 2399 ὁ
1457 2321 1551 2405 Θεὸς

451 2456 578 2550 αὐτῶν,
598 2456 656 2530 καὶ
674 2453 713 2531 τί
728 2452 854 2536 αὐτοὺς
873 2451 1013 2551 ὤνησεν
1026 2456 1049 2554 ἡ
1068 2457 1251 2557 θρησκεία,
1266 2455 1310 2554 ἣν
1328 2459 1387 2533 καὶ
1400 2455 1472 2557 πρὸ
1485 2459 1550 2554 τῆς

449 2591 584 2667 ἑαυτῶν
601 2587 739 2667 εἵλοντο
757 2593 880 2693 ψυχῆς
895 2621 906 2684 ;
933 2592 992 2667 καὶ
1005 2587 1050 2667 τὰ
1063 2588 1129 2688 μὲν
1142 2592 1205 2669 ἀπ’
1220 2592 1368 2685 ἐκείνων,
1383 2587 1550 2689 τοιαύτην

449 2716 520 2826 εἶχε
544 2721 610 2821 τὴν
634 2723 826 2801 ποικιλίαν.
856 2721 957 2800 τὰδὲ
982 2725 1059 2802 καθ
1081 2723 1173 2822 ἡμᾶς
1190 2723 1227 2800 ε’ν
1252 2720 1401 2829 μεγάλῳ
1426 2728 1597 2817 naeu-15

448 2858 573 2959 στήκει
591 2859 721 2955 πένθει,
735 2859 794 2937 διὰ
808 2858 849 2937 τὸ
863 2857 913 2957 μὴ
928 2856 1105 2937 δύνασθαι
1122 2857 1169 2937 τὰ
1182 2857 1336 2953 σῶματα
1349 2857 1547 2965 κρύψαιτῇ

447 2999 510 3098 γῇ.
543 2992 719 3095 οὔτεγὰρ
743 2990 812 3098 νὺξ
832 2992 1081 3087 συνεβάλλετο
1105 2993 1189 3090 ἡμῖν
1212 2990 1302 3094 πρὸς
1326 3000 1441 3089 τοῦτο,
1466 2996 1547 3072 οὔτε

445 3288 526 3347 licite
554 3290 740 3347 observantes
768 3299 857 3346 noctu
881 3298 969 3364 utque
1019 3290 1100 3347 ribus
1121 3300 1251 3367 sumptas
1272 3289 1314 3348 eis
1338 3289 1543 3348 adscribentes.

446 3368 584 3433 interdiu,
606 3388 643 3425 ne
665 3367 731 3443 quis
751 3380 915 3425 nostrorum
935 3388 970 3426 ea
1020 3369 1166 3426 Nonnulli
1206 3367 1294 3446 paulo
1329 3370 1477 3445 aequiores‚
1513 3378 1545 3427 et

445 3446 603 3524 sepulturae
616 3446 776 3504 mandaret.
822 3446 894 3504 Post
908 3447 969 3506 haec
1020 3449 1068 3526 qui
1090 3449 1180 3507 vicem
1203 3458 1330 3506 nostram
1352 3447 1450 3506 dolere
1471 3468 1596 3524 quo-20

445 3525 583 3603 quiequid
612 3536 663 3583 eut
687 3546 704 3582 u
729 3526 837 3592 bestiis,
860 3537 910 3583 aut
933 3528 969 3585 ab
1020 3528 1173 3587 dammodo
1210 3527 1393 3595 videbantur,
1439 3547 1543 3606 expro-

444 3606 512 3683 igue
543 3604 687 3681 reliquum
719 3604 825 3666 fuerat.
863 3608 968 3684 partim
1020 3609 1141 3666 brabant
1170 3606 1329 3665 identidem
1357 3608 1418 3666 haec
1445 3607 1542 3665 dicen·

444 3684 561 3752 laniata,
587 3686 690 3760 partim
719 3686 851 3744 ambusta
877 3706 968 3743 mem.
1019 3698 1080 3745 tes:
1111 3687 1160 3745 ubi
1184 3697 1227 3744 est
1252 3687 1335 3745 Deus
1360 3690 1483 3745 eorum?
1512 3697 1543 3745 et

444 3766 496 3823 bru
536 3776 737 3843 exponentes:
791 3765 967 3843 reliquorum
1020 3767 1090 3844 quid
1119 3765 1177 3824 illis
1205 3766 1316 3844 profuit
1343 3767 1404 3824 heec
1431 3767 1542 3845 religio,

444 3844 570 3921 denique
585 3846 680 3938 cupita
699 3865 765 3902 cnm
781 3845 850 3923 ipsis
865 3866 966 3920 corpo·
1019 3847 1066 3904 cui
1091 3846 1180 3904 vitam
1208 3866 1324 3923 quoque
1351 3865 1431 3904 sunm
1461 3857 1540 3924 post·
1554 3863 1590 3923 25

443 3944 507 3982 rum
531 3936 642 3983 truncis
667 3924 800 3982 similiter
822 3925 968 4002 insepulta
1018 3929 1200 4003 posuerunt?
1224 3925 1270 3982 Ac
1293 3925 1454 3983 Gentilium
1476 3926 1541 4002 qui.

443 4024 495 4082 per
517 4003 657 4082 plurimos
678 4005 740 4062 dies
760 4004 867 4061 additis
892 4006 968 4061 mili.
1019 4005 1084 4063 dem
1099 4006 1252 4063 insectatio
1269 4004 1356 4062 talem
1376 4005 1478 4062 habuit
1492 4025 1543 4062 vn·

443 4093 506 4142 tum
521 4083 648 4142 excubiis
667 4083 879 4142 custodierunt.
926 4085 968 4141 Et
1018 4085 1161 4142 rietatem.
1195 4085 1260 4141 Nos
1282 4104 1352 4141 vero
1372 4085 1542 4162 gravissimo

443 4162 492 4220 elii
506 4164 623 4240 quidem
639 4163 834 4222 infremebent
848 4184 881 4221 uc
895 4164 966 4221 den·
1017 4165 1134 4222 interim
1184 4163 1283 4221 dolore
1349 4165 1540 4232 remebamur,

442 4243 521 4300 tibus
560 4241 721 4302 stridebant
759 4243 790 4299 iu
824 4254 965 4308 mortuos,
1017 4243 1096 4320 quod
1130 4244 1251 4300 humare
1286 4185 1424 4301 ceditvera
1459 4243 1541 4300 nobis
1551 4262 1591 4318 30

442 4320 537 4379 adhue
550 4322 739 4399 exquisitiore
754 4322 877 4398 quodam
897 4344 964 4401 sup·
1017 4344 1075 4379 non
1090 4323 1200 4381 liceret.
1243 4322 1321 4379 Nam
1337 4343 1431 4400 neque
1447 4322 1540 4380 noctis

441 4400 530 4479 plicio
564 4421 614 4459 eos
653 4402 765 4459 afficere
804 4402 965 4494 cupientes.
1017 4404 1144 4461 tenebrae
1164 4422 1217 4460 nos
1234 4402 1347 4477 juvare,
1366 4401 1539 4479 nequeunti

441 4478 505 4537 Alii
540 4500 608 4537 vero
647 4481 806 4538 irridebant
841 4482 962 4539 insultu·
1016 4482 1060 4539 vis
1082 4481 1206 4549 flectere,
1228 4501 1324 4557 neque
1349 4501 1448 4559 preces
1471 4479 1540 4537 ulloe

440 4559 578 4635 bentque,
593 4559 745 4616 simulncrn
763 4581 815 4617 sua
830 4559 965 4619 laudibus
1015 4562 1126 4618 animos
1154 4581 1253 4619 eorum
1282 4580 1462 4618 commovere
1487 4578 1539 4636 po-

441 4636 625 4703 extollentes,
640 4657 673 4695 nc
690 4658 789 4712 poenus
803 4639 840 4696 de
857 4650 964 4718 marty·
1015 4651 1147 4698 tueruut.
1191 4640 1249 4698 Sed
1271 4641 1351 4698 omni
1376 4638 1474 4698 studio
1494 4648 1537 4697 ut·
1548 4644 1588 4705 35
