3809 5650
469 694 534 756 284
643 691 845 755 ΑΝΝΟΤΤ.
869 692 919 755 IN
944 691 1194 757 HEGESIPPI
1222 692 1400 758 FRAGM.

470 858 532 921 Sed
555 857 629 921 licet
651 859 817 923 verisimile
840 859 891 934 sit,
909 858 1098 944 Hieronymi
1120 861 1318 944 temporibus
1341 860 1488 925 extitisse
1507 861 1577 923 He-

467 957 589 1044 gosippi
612 960 864 1036 commentarios,
882 961 1031 1044 quoniam
1055 962 1108 1045 qui
1131 968 1244 1047 postca
1264 961 1346 1025 vixit
1365 969 1488 1039 auctor,
1505 961 1576 1024 Ste

469 1060 593 1145 phauus
609 1061 757 1125 Gobarus
780 1063 866 1147 apud
883 1063 1036 1127 Photium
1054 1085 1108 1126 eos
1129 1063 1323 1147 excerpsisse
1345 1063 1472 1139 dicitur,
1488 1063 1575 1126 haud

469 1161 628 1247 colligitur
643 1169 752 1226 tamen
767 1163 844 1227 illud
865 1184 905 1227 cx
920 1164 1110 1248 Hieronymi
1131 1166 1170 1228 de
1186 1163 1372 1250 Hegesippo
1392 1164 1576 1228 narratione

468 1264 502 1326 in
524 1263 579 1328 lib.
602 1265 650 1328 De
669 1265 754 1328 Viris
775 1265 964 1344 Illustridus,
988 1266 1042 1329 ubi
1067 1265 1185 1342 omnia,
1206 1272 1244 1329 ut
1267 1266 1358 1341 solet,
1377 1287 1417 1329 ex
1436 1263 1575 1328 Eusebio

469 1364 648 1441 transtulit,
664 1388 701 1430 ac
717 1388 775 1430 sua
794 1367 878 1430 fecit.
925 1367 1037 1445 Porro,
1054 1368 1087 1430 ni
1100 1388 1231 1451 prorsus
1243 1366 1345 1442 fallor,
1360 1387 1451 1450 aeque
1466 1386 1576 1429 vorum

468 1475 528 1544 est,
541 1468 773 1552 Hieronymum
783 1490 938 1553 nusquam
949 1468 1025 1533 alibi
1038 1470 1070 1532 in
1081 1468 1228 1553 operibus
1237 1469 1303 1532 suis
1312 1488 1403 1531 usum
1412 1488 1480 1532 esse
1488 1466 1575 1530 hisce

468 1569 689 1633 ecclesiasticis
710 1568 885 1653 Hegesippi
904 1568 1004 1645 libris,
1019 1570 1207 1633 nominatim
1230 1575 1479 1632 commemorato
1500 1588 1575 1632 auc-

468 1676 549 1742 tore,
567 1669 626 1733 nisi
642 1669 696 1733 ubi
711 1691 752 1733 ex
768 1668 906 1733 Eusebio
922 1670 1020 1734 verba
1035 1669 1255 1753 desumpserit.
1282 1669 1346 1733 Sed
1357 1669 1459 1733 multo
1470 1668 1575 1731 minus

470 1770 650 1835 ostendier
666 1769 795 1855 Georgii
811 1769 947 1854 Syncelli
962 1770 1044 1834 libro
1063 1792 1084 1835 a
1103 1792 1262 1856 quoquam
1281 1777 1399 1857 potest,
1414 1770 1474 1835 hoc
1494 1791 1575 1854 opus

470 1871 661 1956 superfuisse
676 1878 775 1935 aetate
787 1871 865 1953 ejus,
877 1871 930 1955 qui
946 1872 1062 1935 soeeulo
1077 1878 1190 1936 octavo
1199 1878 1336 1935 exeunte
1348 1871 1485 1955 scripsit.
1509 1871 1574 1934 Ne·

470 1995 531 2058 que
555 1973 588 2035 in
615 1971 775 2037 Gallandii
799 1971 987 2036 Bibliotheca
1009 1974 1146 2037 Petram
1172 1974 1231 2037 vol.
1255 1973 1286 2036 ii.
1310 1973 1443 2056 quodvis
1468 1971 1574 2055 Hege

469 2074 552 2159 sippi
566 2075 781 2159 fragmentum
797 2094 837 2135 ex
848 2074 987 2159 Georgio
1002 2081 1164 2158 sumptum
1175 2097 1209 2138 se
1221 2075 1403 2138 oblaturum
1414 2079 1475 2149 est,
1488 2074 1574 2155 quod

470 2196 581 2239 revera
596 2175 735 2238 Eusebio
750 2173 837 2237 hund
853 2174 997 2238 debitum
1010 2176 1133 2239 fuisset.

516 2275 609 2338 Nunc
631 2275 773 2353 taudem,
788 2275 864 2338 dum
885 2277 1004 2339 mando
1026 2276 1141 2340 itomm
1166 2277 1234 2340 haec
1257 2277 1345 2361 prelo
1367 2297 1483 2340 novum
1501 2276 1572 2349 hoc,

470 2377 556 2462 quod
577 2374 732 2458 sequitur,
748 2376 781 2438 in
805 2376 926 2462 Ecdipsi
943 2378 1166 2442 Emlesianicae
1188 2379 1338 2443 Historiae
1358 2378 1473 2456 inveni,
1493 2399 1574 2463 quas

470 2498 555 2542 anno
587 2477 667 2560 1839
693 2498 733 2540 ex
759 2476 867 2541 codice
890 2477 1065 2543 Parisiensi
1090 2479 1212 2565 primus
1241 2479 1341 2543 edidit
1368 2481 1405 2544 cl.
1428 2478 1573 2544 Joannes

470 2578 612 2645 Oramer.
658 2578 844 2657 Δομετιανὸς
862 2578 926 2646 νὶδς
940 2580 1175 2644 Οὐεσπασιανοῦ
1189 2583 1292 2643 πολλὰ
1307 2584 1381 2644 κακὰ
1396 2584 1437 2646 εἰς
1459 2583 1524 2648 τοὺς
1539 2583 1573 2644 ἐν

470 2679 552 2744 τέλει
561 2678 723 2759 Ῥωμαίους
738 2680 953 2760 ἐνδειξάμενος,
970 2682 1024 2759 τὴν
1045 2680 1186 2763 Νέρωνος
1207 2681 1328 2760 νικήσας
1347 2682 1493 2760 ὠμότητα,
1508 2685 1573 2748 δεύ-

472 2808 556 2863 τερος
575 2784 649 2846 κατὰ
667 2787 856 2862 Χριστιανῶν
878 2783 1007 2864 διωγμὸν
1030 2785 1179 2863 ἐποίησεν.
1205 2783 1269 2847 καθ’
1284 2782 1320 2847 δν
1343 2784 1390 2847 καὶ
1412 2782 1466 2847 τδν
1479 2782 1572 2848 Ἀπό-

472 2891 586 2949 στολον
610 2884 658 2948 καὶ
678 2885 908 2965 Εὖαγγελιοτδν
929 2884 1074 2964 Ἰωάννην
1098 2887 1132 2947 ἐν
1155 2884 1267 2970 Πάτμῳ
1288 2888 1474 2966 περιώρισεν,
1503 2912 1573 2950 συν-

472 2988 571 3068 τυχὸν
585 2986 618 3049 δὲ
634 2985 817 3064 Δομετιανὸς
832 2992 895 3052 τοῖς
908 2989 984 3053 υἱοῖς
998 2987 1096 3051 Ἰούδα
1110 2992 1163 3049 τοῦ
1178 2987 1312 3067 ἀδελφοῦ
1327 2991 1379 3049 τοῦ
1393 2988 1511 3066 Κυρίου,
1525 2991 1573 3052 καὶ

473 3089 563 3169 γνοὺς
580 3087 634 3164 τὴν
654 3086 762 3167 ἀρετὴν
781 3092 839 3150 τῶν
860 3087 986 3167 ἀνδρῶν,
1001 3092 1053 3149 τοῦ
1073 3088 1140 3151 καθ’
1154 3088 1236 3166 ἡμῶν
1259 3089 1410 3151 ἐπαύσατο
1433 3093 1572 3169 διωγμοῦ.

473 3187 619 3270 ἀναφέρει
634 3190 666 3252 δὲ
682 3190 698 3250 δ
713 3186 905 3268 Ἡγήσιππος
920 3190 968 3251 καὶ
982 3191 1020 3251 τὰ
1034 3189 1167 3267 ὀνόματα
1182 3189 1287 3260 αὐτῶν,
1305 3188 1353 3250 καὶ
1371 3190 1474 3268 φησὶν,
1490 3191 1535 3252 δτι
1555 3193 1572 3252 d

472 3292 530 3369 μὶν
554 3291 690 3352 ἐκαλεῖτο
716 3288 858 3367 Ζωιὴρ,δ
874 3290 906 3350 δὲ
921 3288 1067 3366 Ἰάκωβος
1077 3311 1118 3373 ,p
1135 3289 1187 3351 88.
1234 3288 1297 3352 Hic
1318 3289 1494 3365 (1611111111,ςὶ
1518 3290 1573 3354 ha·

473 3390 578 3453 banda
592 3395 642 3452 est
654 3387 734 3451 fides
748 3387 924 3451 narrationi
939 3388 1110 3472 eologistae,
1121 3396 1279 3472 apparent
1294 3387 1449 3451 hactenus
1461 3388 1574 3472 ignota

473 3490 601 3554 nomina
616 3487 768 3552 nobilium
783 3486 1009 3562 confessorum,
1021 3487 1166 3560 filiorum,
1179 3488 1227 3551 vel
1241 3493 1402 3571 nepotum,
1415 3486 1522 3562 dudae,
1533 3490 1573 3552 de

474 3592 589 3681 quibus
609 3611 648 3655 ex
664 3586 848 3673 Hegesippo
863 3589 1009 3670 quaedam
1029 3587 1126 3672 digna
1144 3595 1322 3652 memoratu
1343 3586 1454 3650 retulit
1470 3587 1572 3653 Euse-

473 3696 553 3773 bius,
569 3712 641 3778 pag.
657 3707 728 3757 212.
775 3689 848 3751 Nou
863 3695 954 3752 extat
974 3710 1089 3753 nomen
1106 3690 1209 3772 Ζωκὴρ
1225 3689 1258 3753 in
1273 3688 1398 3754 Bibliis.
