3809 5650
543 708 594 799 IN
619 706 879 773 HEGESIPPI
906 709 1227 773 FRAGMENTA.
1368 709 1436 776 249

324 867 473 951 plantanti
487 869 601 953 Operis
615 871 683 955 ejus
697 893 766 955 cap.
783 872 845 935 xvi.
861 878 940 935 sect.
955 889 987 956 5.
1033 871 1097 935 Sed
1117 871 1239 936 Clerico
1261 870 1293 932 in
1315 869 1375 934 hac
1397 892 1434 933 re

330 969 526 1052 refragatum
540 992 609 1035 esse
623 972 661 1034 cl.
678 972 880 1048 Michaelem,
896 980 1006 1037 mouet
1028 973 1238 1036 Gerbrandus
1256 970 1343 1034 Elias
1358 971 1432 1034 Do-

328 1079 398 1132 τινι.
419 1071 531 1154 Iaaop.
552 1072 587 1133 io
610 1072 713 1155 Epist.
732 1072 838 1148 Jodoe,
859 1095 891 1157 p.
918 1090 966 1155 17,
1013 1073 1090 1137 Mea
1110 1073 1237 1156 quidem
1261 1072 1432 1149 sententia,

331 1170 458 1233 etiamsi
473 1173 561 1255 prius
583 1172 669 1236 dicta
684 1173 725 1236 de
739 1173 864 1236 «Iacobo
884 1195 995 1237 revera
1014 1175 1177 1258 scripsisse
1197 1174 1358 1257 Josephus
1378 1194 1432 1235 ex·

332 1269 501 1347 istimetur,
517 1273 604 1335 haud
619 1281 789 1356 propterea
803 1275 955 1358 sequitur,
971 1281 1009 1337 ut
1024 1274 1100 1337 nihil
1116 1274 1243 1337 omnino
1258 1274 1299 1337 de
1318 1275 1378 1338 hac
1398 1295 1434 1337 re

332 1372 485 1436 erraverit
503 1372 683 1448 historicus,
698 1380 732 1436 et
743 1381 856 1438 contra
867 1375 948 1438 falsa
959 1375 1104 1438 extiterit
1120 1375 1296 1459 Hegesippi
1312 1382 1345 1438 et
1362 1374 1434 1438 Cle-

332 1473 448 1536 mentis
463 1474 557 1536 Alex.
573 1474 769 1558 aliorumque
784 1482 942 1559 praeterea
957 1476 1108 1539 narratio.
1154 1476 1250 1539 Certe
1266 1476 1433 1552 Eusebius,

333 1574 387 1657 qui
402 1581 571 1658 utramque
582 1575 748 1638 historiam
764 1577 831 1640 sine
846 1578 912 1640 ulla
922 1578 1109 1641 alterutrius
1120 1577 1364 1660 reprehensione
1378 1577 1435 1640 ad-

332 1673 434 1751 duxit,
461 1676 699 1738 accuratissime
728 1676 947 1762 Hegesippum
973 1679 1013 1741 de
1036 1680 1059 1739 J
1062 1677 1162 1740 acobo
1185 1676 1348 1760 scripsisse
1374 1675 1433 1739 ait.

332 1774 378 1838 Et
407 1775 578 1839 credidisse
608 1775 792 1860 Hegesippo
821 1779 862 1842 de
891 1778 941 1840 his
968 1779 1063 1841 rebus
1091 1777 1332 1860 Hieronymum,
1361 1797 1434 1839 cum

331 1875 467 1954 aliunde,
493 1884 563 1941 tum
588 1900 628 1941 ex
655 1877 768 1962 insigni
795 1878 864 1942 loco
892 1886 1031 1955 constat,
1059 1878 1114 1962 qui
1140 1879 1180 1941 de
1205 1877 1328 1940 Judaeis
1353 1878 1432 1962 agit.

338 1977 477 2055 Ululant,
504 1979 616 2063 inquit,
642 2001 734 2063 stipor
758 1981 870 2044 cineres
892 1981 1076 2056 ςαααυαυὶῦ,
1100 1988 1128 2043 ot
1151 2001 1242 2063 sopor
1262 1978 1362 2041 altore
1384 1978 1434 2041 do-

330 2086 485 2155 struotum,
507 2089 535 2142 ot
555 2102 644 2164 sopor
665 2082 799 2144 civitates
818 2082 969 2165 quondam
988 2081 1132 2156 monitos,
1151 2090 1177 2142 et
1200 2100 1290 2163 stipor
1309 2077 1435 2141 ocooims

332 2179 456 2263 capulos
473 2180 586 2264 templi,
606 2183 646 2245 de
667 2182 782 2265 quibus
797 2182 958 2265 quondam
973 2181 995 2242 J
998 2181 1133 2244 acobum
1153 2181 1286 2244 fratrem
1302 2179 1434 2242 Domini

331 2281 619 2365 praecipitaverunt.
673 2284 783 2345 Ουτιιια.
805 2283 840 2345 in
862 2283 1056 2367 Sophoclem,
1076 2301 1190 2366 capr.
1217 2303 1247 2364 p.
1265 2283 1338 2363 692.
1355 2279 1432 2344 edit.

333 2381 483 2445 Vallarsii
500 2383 561 2467 Op.
579 2383 611 2446 S.
628 2384 757 2446 Hieron.

376 2482 414 2545 P.
433 2501 504 2546 212.
519 2483 540 2545 l.
558 2502 607 2550 22.
620 2482 689 2546 Ἐτι
704 2487 736 2546 δὲ
757 2489 903 2565 περιῆσαν
925 2484 997 2569 tra]
1016 2485 1106 2547 Ante
1128 2483 1342 2567 fragmentum
1363 2482 1433 2545 haeo

332 2583 439 2667 posuit
450 2583 627 2657 Eusebius;
644 2591 707 2647 Τοῦ
720 2584 743 2647 δ’
755 2586 844 2648 αὐτοῦ
856 2591 1041 2663 Δομετιανοῦ
1057 2585 1124 2649 τοὺς
1140 2583 1198 2646 ἀπὸ
1215 2581 1320 2664 γένους
1332 2584 1433 2660 Aaou

333 2684 522 2764 ἀναιρεῖσθαι
545 2684 778 2764 προστάξαντος,
794 2686 923 2751 παλαιὸς
943 2684 1063 2766 κατέχει
1086 2686 1177 2764 λόγος
1199 2689 1259 2746 τῶν
1281 2685 1435 2762 αἱρετιιαῦν

332 2788 415 2849 τινὰς
431 2789 632 2866 κατηγορῆσαι
647 2792 705 2850 τῶν
720 2784 879 2868 ἀπογόνων
892 2784 1000 2849 Ἰούδα·
1025 2790 1131 2848 τοῦτον
1148 2786 1180 2846 δὲ
1202 2783 1278 2846 εἶναι
1299 2783 1434 2864 ἀδελφὸν

333 2890 408 2948 κατὰ
423 2886 519 2966 σάρκα
533 2892 585 2949 τοῦ
600 2892 746 2967 Σωτῆρος·
772 2888 810 2953 ὧς
825 2888 884 2950 ἀπὸ
904 2885 1012 2968 γένους
1031 2882 1242 2966 τυγχανόντων
1258 2886 1368 2962 Δαβὶδ,
1386 2885 1434 2947 καὶ

334 2988 373 3053 ὡς
388 2988 476 3050 αὐτοῦ
492 2987 672 3068 συγγένειαν
686 2993 739 3050 τοῦ
753 2993 885 3070 Χριστοῦ
902 2985 1067 3067 φερόντων.
1091 2990 1183 3048 ταῦτα
1200 2987 1232 3048 δὲ
1252 2990 1340 3063 δηλοῖ
1360 2987 1435 3047 κατὰ

333 3086 417 3166 λέξιν
432 3086 490 3151 ὧδέ
504 3113 565 3154 πως
578 3087 679 3168 λέγων
695 3092 711 3150 d
725 3086 926 3169 Ἡγήσιππος.
956 3086 1037 3150 ἘΤΙ
1055 3090 1087 3150 δέ
1103 3091 1248 3166 περιῆσαν
1266 3087 1321 3149 &a
1354 3087 1434 3150 Cum

332 3209 399 3249 coro
421 3187 501 3249 idom
522 3188 719 3251 Domitianas
739 3188 892 3251 universos
914 3189 968 3271 qui
989 3209 1011 3249 α
1025 3187 1148 3249 Donido
1166 3187 1283 3270 portorio
1301 3186 1350 3248 sci
1371 3185 1434 3247 ori·

329 3288 431 3372 picem
449 3288 600 3364 αυοαναιν,
615 3289 745 3369 interfici
759 3288 908 3371 γἰαςίιςιι,
928 3297 1011 3350 actm
1023 3289 1118 3371 sumo
1141 3296 1182 3350 ost
1194 3296 1327 3371 posteros
1339 3286 1434 3350 dodra

332 3389 394 3470 ejus
415 3390 469 3472 pai
490 3389 650 3451 οοουυιῦυτα
673 3409 793 3451 οατααυι
808 3390 916 3471 frater
939 3389 1059 3452 Christi
1075 3390 1195 3470 faorot,
1211 3410 1232 3450 α
1255 3386 1435 3472 quibasdam

332 3488 479 3552 Ιιατοτίαῦς
492 3510 549 3552 osso
563 3489 683 3566 dolatos,
699 3498 798 3573 utpote
811 3490 865 3573 qai
878 3499 905 3552 et
920 3490 1058 3553 Doridis
1071 3490 1165 3573 stiipe
1184 3498 1275 3552 meat
1296 3487 1433 3565 oriundi,

331 3599 358 3652 ct
371 3590 469 3674 ipsias
485 3590 603 3653 Christi
610 3591 843 3674 propinquitate
849 3590 1014 3675 fiotporoot.
1042 3592 1086 3654 Et
1100 3591 1164 3655 ioco
1177 3590 1296 3675 quidem
1310 3598 1435 3653 testator

333 3691 522 3773 Heposippos
535 3690 582 3752 liis
596 3688 702 3754 οιυόιζς.
740 3691 826 3768 HIS,
843 3693 952 3775 inquit,
969 3692 1166 3776 temporibus
1183 3693 1239 3756 tro.
1273 3690 1435 3753 Videntur

333 3790 475 3855 haeretici
490 3790 540 3853 hio
555 3792 723 3855 memorati
739 3792 855 3854 similes
876 3792 1001 3855 illorum
1022 3793 1129 3869 luisse,
1146 3795 1199 3875 qui
1221 3814 1242 3855 a
1263 3812 1314 3854 me
1336 3812 1433 3874 supra

332 3892 463 3955 adducti
478 3899 511 3955 et
526 3892 559 3954 in
576 3914 649 3977 pag.
667 3910 739 3974 207.
756 3894 901 3956 collocati
922 3900 1006 3970 sunt,
1025 3894 1141 3977 quique
1160 3900 1273 3976 postea
1293 3892 1433 3975 Trajano

332 3992 509 4077 imperante
532 3992 719 4076 Symeonem
742 3993 922 4077 episcopum
942 3992 1271 4076 Hierosolymitanum
1291 3991 1433 4074 ejusdem

331 4094 472 4157 cnminis
495 4094 735 4158 arcessiveruut.
781 4094 946 4169 conferas,
966 4115 1037 4177 quae
1060 4093 1152 4156 iuitio
1175 4094 1332 4156 adnotata
1357 4105 1433 4153 sunt

332 4216 404 4279 pag·
432 4212 504 4261 222.
532 4201 565 4257 et
590 4193 765 4279 Hegesippi
792 4194 889 4258 verba
912 4194 945 4257 in
972 4195 1168 4278 Fragmento
1192 4192 1266 4255 huic
1289 4192 1432 4274 subjecto

329 4317 403 4380 pag.
432 4315 504 4374 214.
555 4295 715 4359 antemm
740 4303 852 4358 namet
879 4295 1038 4359 Eusebius
1064 4295 1118 4357 lib.
1143 4294 1186 4357 iii.
1213 4294 1300 4356 Hist.
1325 4314 1354 4355 c.
1383 4312 1431 4356 12.

331 4396 565 4479 Vespasianum
598 4419 723 4481 quoque
753 4397 927 4460 Domitiani
958 4402 1084 4481 patrem
1113 4403 1187 4481 post
1217 4401 1433 4479 expugnatam

332 4497 597 4581 Hierosolymam,
623 4519 733 4561 omnes
757 4497 828 4560 illos
854 4500 907 4582 qui
936 4520 958 4561 a
986 4498 1110 4561 Davide
1139 4518 1240 4582 genus
1268 4496 1432 4571 ducerent,

332 4598 471 4682 perquiri
481 4598 623 4683 jussisse,
636 4620 676 4662 ne
692 4599 859 4682 quisquam
873 4599 959 4682 apud
974 4598 998 4660 J
1000 4600 1108 4661 udaeos
1122 4620 1161 4661 ex
1176 4597 1264 4681 regia
1279 4596 1365 4660 tribu
1378 4595 1432 4679 (ex

331 4698 419 4782 rogia
433 4698 540 4771 domu,
557 4699 664 4783 potius
678 4699 828 4785 dixerim)
844 4707 1043 4784 superesset3
1066 4722 1166 4783 eaque
1187 4720 1228 4762 ex
1243 4719 1341 4763 causa
1359 4718 1431 4782 gra·

376 4821 442 4864 voa.
459 4823 478 4864 1.
848 4801 907 4863 nlr
