3809 5650
488 691 552 750 458
856 689 1212 754 ANNOTATIONES

485 851 703 938 superfuisset,
729 854 796 938 ipse
822 855 965 938 profecto
991 856 1073 921 hanc
1102 878 1170 920 rem
1199 854 1431 939 subscriptione
1458 877 1518 919 sua
1542 856 1597 919 fir-

485 964 613 1018 masset.
660 956 712 1019 Sic
735 956 833 1020 otiam
853 957 1093 1042 intelligendum
1114 965 1175 1032 est,
1201 957 1286 1041 quod
1308 955 1441 1040 Serapio
1467 956 1594 1041 Apolli-

485 1078 594 1119 narem
607 1059 831 1138 μακαριώτατον
851 1059 1004 1143 appellat,
1023 1059 1138 1143 quippe
1161 1059 1214 1142 qui
1226 1058 1294 1142 jam
1310 1058 1413 1121 vivere
1433 1059 1592 1124 desiisset.

486 1155 650 1220 erssrus.
696 1159 746 1222 De
761 1180 819 1222 usu
835 1159 919 1224 vocis
932 1160 1075 1242 μακάριος
1090 1160 1132 1223 α(1
1147 1159 1292 1224 Dronxsn
1308 1158 1474 1223 Comnrnn
1490 1160 1593 1244 Frag-

483 1265 594 1323 menta
608 1281 706 1343 supra
720 1260 840 1345 aliquid
856 1261 976 1338 notavi,
993 1284 1023 1346 p.
1042 1263 1112 1341 184.

528 1361 565 1422 P.
578 1381 653 1442 452.
668 1361 687 1424 l.
701 1383 732 1448 3.
755 1367 806 1440 τῆς
821 1363 1020 1447 Πρισκίλλης]
1042 1362 1122 1425 Haec
1143 1361 1300 1438 Priscilla,
1322 1383 1378 1425 seu
1399 1362 1520 1434 Prisca,
1543 1362 1591 1429 uti

482 1462 623 1524 nonnulli
638 1484 709 1526 eam
728 1463 855 1526 nomine
878 1463 1051 1548 appellant,
1067 1463 1171 1527 altera
1185 1461 1246 1525 fuit
1262 1484 1303 1526 ex
1319 1462 1444 1526 duabus
1464 1462 1527 1526 illis
1542 1463 1591 1527 vel

480 1563 586 1626 tribus
601 1563 801 1637 mulierculis,
819 1587 890 1648 quae
905 1564 1100 1628 Montanum
1115 1563 1333 1627 sectabantur.
1379 1562 1499 1626 Alteris
1512 1563 1588 1627 dua

481 1663 542 1726 bus
560 1664 738 1729 Maximilla
753 1672 787 1729 et
802 1665 957 1747 Quintilla
972 1665 1100 1728 nomina
1115 1671 1207 1729 erant
1219 1664 1378 1728 referente
1394 1663 1588 1749 Epiphanio,

481 1763 633 1828 videnim
639 1769 764 1831 Hoeres.
773 1769 848 1831 xlix.
859 1768 912 1852 qui
921 1774 1030 1831 tamen
1040 1768 1079 1830 de
1089 1765 1244 1847 Quintilla
1251 1772 1339 1830 tacet
1351 1765 1588 1831 ianer.xlviii.

481 1873 514 1930 et
542 1869 761 1952 cognominem
787 1869 915 1934 Caianae
939 1869 1052 1933 haeresi
1074 1867 1230 1931 adscribit
1256 1865 1472 1931 Tertullianus
1495 1866 1589 1932 initio

482 1967 570 2032 Libri
596 1970 633 2033 de
657 1971 829 2054 Baptismc.
879 1972 982 2034 Porro
1007 1977 1074 2033 tres
1101 1967 1252 2033 Montani
1275 1967 1413 2032 asseclas
1441 1968 1588 2034 nominat

480 2070 691 2144 Caratariam,
703 2072 924 2148 Maximillam,
936 2071 1126 2145 Priscillam,
1135 2070 1159 2133 J
1161 2091 1280 2135 oannes
1291 2071 1459 2155 episcopus
1472 2071 1587 2136 Meno·

478 2173 608 2257 physita
622 2172 707 2255 apud
728 2175 952 2249 Assemanum‚
971 2172 1117 2236 Bibliotl.
1141 2172 1287 2236 Οςυυαίαἰ.
1311 2179 1389 2237 tom.
1407 2173 1440 2236 ii.
1456 2195 1525 2259 cap.
1544 2175 1585 2238 xi.

477 2295 509 2358 p.
524 2274 574 2335 88.
612 2272 790 2337 Consimilis
805 2281 914 2337 autern
925 2273 1119 2338 narrationis
1129 2274 1170 2337 de
1184 2274 1338 2338 daemorns
1352 2274 1530 2339 exorcismo
1543 2276 1586 2340 ad

477 2372 572 2436 hasce
588 2373 734 2436 mulieres
748 2373 938 2458 pertinentis
954 2374 1147 2439 mentionem
1162 2375 1225 2438 duo
1240 2374 1295 2438 alii
1312 2377 1485 2460 scriptores
1498 2376 1586 2460 apud

477 2474 650 2540 Eusebium
674 2476 826 2554 fecerunt,
853 2479 1053 2540 Arossomus
1078 2483 1112 2540 et
1135 2476 1316 2539 Anoxrnus
1338 2499 1456 2540 scuras
1481 2478 1586 2542 (Βατα-

476 2599 626 2640 rnsxexs.
650 2576 731 2641 Vide
746 2575 839 2642 infra.
885 2577 968 2640 Tum
983 2599 1058 2641 vero
1073 2577 1113 2641 de
1131 2577 1195 2642 alia
1214 2578 1353 2662 quadam
1372 2578 1585 2662 pseudo-pro·

476 2678 629 2762 phetissa‚
652 2679 787 2742 fortasse
810 2679 951 2761 ejusdem
972 2685 1079 2754 sectae,
1103 2679 1189 2762 apud
1209 2677 1445 2762 Cappadociam
1468 2684 1585 2763 agente

475 2780 576 2844 simile
596 2780 671 2865 quid
686 2780 785 2844 refert
802 2779 1008 2843 Firmilianus
1024 2779 1057 2843 in
1071 2779 1213 2865 Epistola
1228 2801 1298 2864 cop.
1315 2779 1354 2854 83
1379 2778 1427 2843 ait
1441 2778 1527 2843 enim
1541 2778 1585 2844 ab

475 2881 635 2945 exorcista
662 2882 730 2944 viro
755 2881 903 2965 probato,
925 2881 1105 2945 convictum
1130 2881 1227 2944 fuisse
1254 2879 1413 2964 spiritum,
1440 2901 1502 2965 quo
1529 2880 1584 2945 illa

474 2980 645 3058 ferebatur,
658 2982 786 3057 malum,
801 2982 856 3066 qui
869 2980 975 3046 subtili
981 2981 1127 3066 fallacie.
1136 2982 1229 3045 etiam
1243 2981 1296 3045 loc
1306 2981 1402 3065 paulo
1416 2990 1488 3045 ante
1494 3003 1583 3066 pra-

474 3082 596 3147 dicerot
610 3095 768 3148 emturum
781 3083 931 3168 quendam
946 3105 1083 3146 αοουςυυη
1096 3092 1123 3146 et
1137 3092 1309 3147 tmtutorem
1323 3081 1484 3164 infidelem.
1519 3082 1582 3147 Ca·

473 3185 584 3249 tholici
599 3186 746 3249 nimirum
762 3185 910 3270 spiritum
924 3206 1092 3248 erroneum
1113 3185 1321 3269 objurgantes
1340 3184 1473 3248 ulterius
1493 3182 1582 3269 loqui

473 3286 706 3371 prohibebant3
733 3286 982 3369 adloquendum
998 3286 1091 3370 plura
1105 3285 1248 3351 haretici
1263 3284 1492 3369 provocabant.

517 3387 599 3451 lbld.
614 3388 635 3451 l.
647 3404 679 3472 5.
689 3395 717 3448 ἐν
730 3397 783 3450 τοῖς
796 3395 936 3462 δηλωθςῖσι
947 3390 1113 3472 γράμμασιν]
1129 3386 1320 3473 Apollinarll
1334 3386 1456 3470 scripta
1471 3384 1580 3468 (γράμ-

471 3488 565 3572 ματα)
580 3496 693 3551 contra
707 3488 926 3552 Montanistas
940 3490 991 3553 hic
1007 3490 1166 3575 designari
1181 3490 1341 3567 videntur,
1355 3508 1427 3572 quae
1448 3486 1580 3571 quidem

470 3590 568 3653 missa
587 3596 661 3652 sunt
684 3609 756 3651 cum
778 3589 1063 3673 subscriptionibus
1088 3614 1109 3656 a
1131 3591 1314 3677 Serapione,
1336 3612 1399 3675 quo
1426 3588 1580 3653 certiores

470 3692 601 3758 Caricus
616 3697 649 3755 et
663 3689 796 3753 Pontius
806 3690 929 3769 fierent,
943 3701 1142 3778 quantopere
1156 3694 1300 3757 aniame
1314 3692 1448 3757 ecclesia
1462 3712 1579 3755 novam

468 3797 631 3861 detestata
645 3795 687 3859 sit
701 3801 800 3878 atque
821 3802 970 3860 aversata
992 3796 1207 3881 prophetiam.
1253 3795 1370 3860 Censet
1392 3794 1521 3877 quidem
1542 3794 1578 3857 in

469 3905 548 3962 nota
562 3896 723 3981 superiore
739 3896 896 3973 Valesius,
913 3896 1082 3982 significari
1105 3898 1147 3962 ab
1163 3896 1303 3960 Eusebio
1326 3894 1495 3980 epistolam
1517 3895 1576 3959 ali-

469 4022 565 4084 quam
589 3999 808 4083 episcoporum
835 3998 1036 4077 Thracine,et
1059 4000 1092 4063 in
1119 4021 1158 4064 ea
1183 3999 1304 4084 positas
1326 4019 1396 4061 esse
1419 3997 1578 4083 subscrip-

467 4103 589 4174 tiones,
623 4102 678 4165 sed
702 4101 773 4165 istae
797 4102 830 4165 in
845 4101 1053 4185 Apollinaris,
1069 4102 1124 4186 qui
1148 4101 1290 4166 Asianus
1313 4100 1375 4165 fuit
1398 4100 1576 4185 episcopus,

466 4205 537 4269 sitae
564 4204 660 4268 luisse
685 4202 812 4288 scriptis
835 4202 1036 4276 indicantur;
1069 4206 1103 4267 ἐν
1123 4210 1185 4271 τοῖς
1205 4208 1366 4282 relocatos
1389 4201 1573 4284 γράμμασιν,

465 4306 569 4391 inquit
591 4305 759 4381 Eusebius,
783 4301 969 4385 αὐτόγραφοι
995 4303 1139 4385 φέρονται
1161 4307 1349 4384 enarratores.
1394 4304 1577 4388 Scripserat

464 4416 540 4472 ante
555 4409 701 4488 πέπομφα
714 4409 784 4486 ὑμῖν
798 4406 847 4470 καὶ
867 4408 1018 4471 Κλαυδίου
1031 4407 1246 4488 Ἀπολιυαρίου
1262 4441 1390 4456 —-—·
1404 4404 1575 4487 ypdiqsuro.

466 4507 576 4571 Primo
591 4515 701 4572 tomen
715 4507 851 4572 fortasse
866 4508 987 4572 additae
1002 4508 1052 4573 hae
1067 4508 1194 4572 fuerant
1209 4506 1370 4572 Threcum
1385 4506 1540 4590 epistolae.

509 4608 593 4672 Ibid.
608 4609 628 4671 l.
649 4630 696 4689 14.
709 4608 815 4687 Ἡμεῖς
829 4612 887 4691 γὰρ
903 4610 1031 4692 ἀδελφοὶ
1048 4610 1120 4696 tre]
1138 4609 1300 4674 Praemisit
1314 4608 1383 4672 baee
1394 4607 1492 4671 verba
1504 4605 1573 4670 Eu-

462 4709 567 4774 sebius
581 4710 760 4793 fragmento
774 4710 936 4794 sequenti:
961 4716 1024 4774 Τοῦ
1039 4713 1073 4776 δὲ
1087 4715 1282 4794 Σαραπίωνος
1296 4714 1348 4789 τῆς
1367 4710 1436 4791 περὶ
1456 4709 1571 4789 λόγους

461 4811 624 4891 ἀσκήσεως,
641 4812 690 4875 καὶ
705 4812 786 4874 ἄλλα
800 4812 857 4890 μὲν
878 4812 956 4879 εἰκὸς
976 4815 1124 4888 σώζεσθαι
1144 4813 1214 4894 παρ’
1230 4812 1343 4894 ἑτέροις
1362 4810 1570 4892 ὑπομνήματα·
