3809 5650
506 690 603 763 xxiv
877 690 1178 765 PRAEFATIO.

507 889 631 968 ribus
689 889 769 968 Sed
788 916 1029 997 quanquam
1050 891 1203 998 scripta
1221 891 1423 972 hactenus
1446 917 1555 971 com-

507 1034 744 1118 memorata,
763 1023 916 1129 partim
943 1024 1219 1131 suspicionem
1240 1024 1375 1105 νοθείας
1393 1022 1555 1118 habere,

507 1157 658 1265 partim
678 1184 702 1236 a
722 1157 952 1238 rationibus
971 1159 1075 1238 meis
1093 1156 1229 1238 aliena
1248 1184 1345 1252 esse,
1361 1156 1556 1264 judicavi,

508 1288 643 1369 multa
664 1302 803 1370 tamen
825 1318 901 1397 ego
918 1288 1211 1388 ἀποσπασμάτια
1233 1318 1324 1370 sum
1345 1287 1556 1383 allaturus

508 1451 604 1530 quae
628 1422 811 1503 historiae
839 1423 1033 1503 literariae
1059 1451 1183 1504 sacrae
1212 1423 1479 1530 scriptoribus
1498 1423 1555 1530 ig.

511 1568 609 1637 nota
642 1555 736 1650 sint,
768 1553 966 1664 pleraque
1000 1567 1141 1635 autem
1173 1559 1226 1636 ab
1264 1556 1408 1636 iisdem
1444 1556 1553 1636 indi-

510 1700 613 1784 cata,
647 1689 720 1769 sed
750 1687 964 1769 communi
992 1687 1130 1767 adhue
1155 1716 1231 1768 usu
1262 1692 1459 1797 sejuncta,
1486 1701 1553 1768 ut-

510 1835 607 1930 pote
626 1849 722 1930 quae
742 1821 785 1901 in
805 1820 933 1915 libris,
952 1820 1018 1901 vel
1038 1848 1200 1928 magnae
1220 1821 1351 1917 molis
1372 1823 1435 1903 vel
1456 1823 1557 1902 raris

512 1956 697 2049 inventu,
738 1955 888 2060 saepius
926 1951 1190 2034 delitescunt.
1256 1954 1322 2034 De
1362 1955 1557 2062 reliquiis,

509 2117 604 2196 quae
620 2090 730 2196 typis
746 2088 953 2194 impressae
974 2088 1157 2182 fuerunt,
1178 2100 1358 2167 tantum.

567 2224 633 2302 De
653 2222 876 2330 Opusculis
900 2222 1092 2303 indicatis
1118 2223 1161 2302 in
1186 2222 1405 2303 Librorum
1436 2223 1559 2302 MSS

513 2370 650 2438 torum
671 2355 890 2464 Catalogis,
910 2384 1023 2439 nunc
1043 2369 1105 2438 est
1123 2357 1429 2465 exponendum.
1466 2360 1558 2453 Sed,

512 2490 626 2597 quod
672 2490 824 2571 referre
870 2489 995 2598 piget,
1047 2491 1133 2570 fere
1176 2503 1385 2597 quotquot
1428 2489 1557 2571 libelli

512 2625 704 2704 anecdoti
724 2624 962 2705 auctoribus
986 2623 1087 2703 meis
1111 2622 1153 2703 in
1178 2623 1243 2702 his
1270 2624 1474 2704 indicibus
1493 2652 1556 2704 as·

514 2759 743 2867 signantur,
762 2786 831 2841 eos
860 2755 923 2839 vel
952 2756 1266 2862 ψευδεπιγράφους
1289 2784 1387 2853 esse,
1407 2755 1468 2839 vel
1498 2759 1560 2839 in-

515 2891 857 3001 terpolationibus
885 2891 1111 2971 admodum
1140 2905 1355 2998 corruptos
1383 2920 1469 2972 esse
1499 2893 1561 2972 in-

515 3027 634 3120 veni;
675 3023 852 3133 exempli
891 3026 1035 3132 gratia,
1073 3025 1110 3104 S.
1139 3024 1253 3104 Petri
1286 3023 1559 3105 Alexandrini

517 3163 733 3268 Proeeepta
751 3161 807 3239 od
824 3157 1113 3239 instituendum
1134 3158 1258 3237 vitam
1280 3156 1409 3251 attilio,
1429 3157 1561 3236 homi-

516 3290 613 3372 liam
634 3293 676 3370 in
700 3289 946 3371 bibliotheca
966 3291 1078 3397 regia
1099 3290 1317 3370 Parisiensi
1333 3303 1561 3384 servatam;

515 3425 541 3504 J
545 3423 618 3504 ulii
640 3425 822 3504 Africani
846 3425 1142 3506 Narrationena
1158 3427 1206 3506 de
1225 3428 1277 3506 iis
1292 3428 1438 3532 qinein
1459 3429 1563 3507 Per-

513 3558 600 3639 side
632 3573 750 3666 gestu
786 3572 883 3640 sunt
917 3586 998 3667 per
1035 3559 1189 3638 Christi
1231 3557 1561 3650 incarnationem,

516 3720 641 3801 penes
669 3691 962 3773 bibliothecam
982 3692 1360 3786 Vindobonensem,
1380 3721 1474 3800 quae
1501 3705 1564 3773 ta-

517 3854 611 3906 men
643 3827 889 3934 nuperrime,
920 3838 968 3905 ut
997 3826 1141 3907 docuit
1172 3854 1245 3907 nos
1275 3825 1324 3905 cl.
1348 3825 1562 3908 Harlesius

518 3960 790 4070 Supplenrent.
827 3962 880 4040 ad
909 3963 1132 4041 Introdnet.
1168 3962 1220 4040 H
1221 3962 1284 4040 ist.
1317 3961 1443 4066 Ling.
1482 3963 1560 4039 Gr.

518 4093 593 4174 vol.
613 4095 651 4174 ii.
672 4124 711 4203 p.
725 4102 817 4181 370.
837 4123 887 4175 ex
907 4094 1016 4174 binis
1031 4094 1147 4174 codd.
1164 4090 1329 4171 Monac.
1348 4092 1460 4172 edita
1475 4105 1562 4185 est;

519 4228 818 4337 Melitonisque
854 4240 1054 4336 praeterea
1093 4226 1261 4307 Clavem
1297 4225 1339 4304 in
1376 4224 1563 4333 Collegio

517 4360 839 4442 Claromontano
893 4360 1111 4441 Parisiensi
1166 4358 1262 4439 olim
1317 4358 1562 4464 repositam;

516 4521 694 4601 quorum
721 4495 891 4600 quidem
921 4492 1223 4601 opusculorum,
1251 4493 1357 4572 sieut
1385 4489 1561 4570 aliorum
