3809 5650
396 674 460 736 ise
780 675 1139 744 ANNOTATIONES

394 834 414 862 “
434 825 612 889 Adrianum
627 832 725 910 atque
741 826 833 891 Pium
855 829 965 895 multis
988 831 1054 895 suis
1073 831 1238 916 rescriptis
1255 830 1316 895 hoc
1335 830 1506 916 egissent

395 927 685 992 “Christianorum
722 931 968 997 calumniatores
1004 934 1224 1017 reprimerent.
1270 932 1335 997 Sed
1369 937 1405 996 et
1433 930 1503 1015 ipse

394 1028 511 1091 “Pius
539 1029 572 1092 in
599 1052 657 1093 suo
683 1032 788 1096 edicto
808 1034 901 1098 testis
921 1041 981 1110 cst,
1005 1034 1065 1097 hoc
1088 1034 1223 1098 voluisse
1245 1033 1437 1108 Adrianum,
1460 1052 1503 1095 ne

395 1138 416 1167 “
432 1130 606 1195 Christiani
622 1142 824 1211 vexarentur,
839 1135 898 1198 nisi
915 1136 941 1199 si
965 1158 1016 1200 res
1030 1157 1130 1201 novas
1144 1135 1331 1201 molirentur
1346 1135 1502 1199 adversus

395 1237 417 1267 “
434 1229 599 1315 imperium
626 1233 836 1298 Romanum.'’
875 1238 912 1299 P.
936 1238 988 1300 81.
1007 1237 1056 1300 ed.
1081 1235 1167 1322 Lips.
1222 1236 1276 1301 Ita
1303 1234 1500 1308 Balduiuus3

395 1338 603 1396 veruntamen
619 1336 712 1398 simul
727 1337 862 1400 conferri
874 1345 1026 1414 meretur,
1039 1338 1125 1422 quod
1140 1337 1268 1421 quidem
1282 1337 1323 1401 de
1340 1334 1502 1400 Hadriani

396 1434 550 1519 rescripto
571 1437 612 1499 ad
637 1438 670 1501 S.
689 1439 922 1523 Hieronymum
942 1440 983 1503 de
998 1438 1174 1521 Quanmro
1193 1444 1341 1524 agentem
1361 1437 1394 1503 in
1409 1460 1503 1522 supe

396 1535 532 1600 rioribus
554 1539 746 1605 adnotatum
761 1549 820 1605 est.

441 1638 523 1702 lbid.
546 1640 566 1703 l.
586 1658 615 1703 2.
646 1641 801 1726 ἡγουμένῳ
827 1646 877 1720 τῆς
901 1639 1021 1724 Ἀσίας]
1053 1639 1207 1725 ἡγουμένῳ
1232 1641 1265 1703 δέ
1290 1636 1400 1716 νῆςἈ.
1425 1640 1502 1703 MS.

397 1740 486 1804 Bodl.
517 1747 550 1804 et
580 1743 672 1805 codd.
703 1765 812 1806 omnes
841 1742 947 1806 collati
979 1743 1012 1805 in
1040 1742 1179 1827 gratiam
1206 1739 1355 1817 Burseni,
1386 1740 1440 1825 qui
1469 1742 1502 1804 tr

398 1842 527 1927 recepit,
547 1850 667 1927 praeter
682 1845 821 1929 Βορέαν,
838 1844 1043 1908 Parisiorum
1068 1853 1226 1928 utrumque
1248 1849 1282 1907 et
1305 1841 1446 1926 Ncrfolc.
1468 1847 1503 1905 et

399 1945 617 2029 Nicephorum.

443 2045 525 2109 lbid.
541 2045 562 2107 l.
577 2066 608 2130 3.
632 2049 649 2109 ὁ
671 2049 704 2109 δὲ
722 2047 818 2127 πατήρ
839 2072 895 2110 σου
916 2045 990 2131 dre]
1021 2047 1224 2131 Rescriptum
1245 2046 1374 2131 quidem
1399 2047 1503 2109 Anto·

398 2147 462 2210 nini
487 2147 536 2210 Pii
562 2170 620 2230 pro
644 2147 834 2211 Christianis
854 2148 949 2211 hodic
970 2168 1033 2210 non
1055 2154 1157 2212 extat.
1204 2148 1269 2212 Sed
1290 2149 1360 2232 ejus
1382 2147 1504 2211 mentio

399 2248 437 2331 fit
463 2248 494 2309 in
519 2248 674 2332 rescripto
691 2249 737 2311 M.
757 2249 879 2312 Aurelii
896 2249 1052 2313 Antonini
1069 2250 1111 2312 ad
1133 2248 1279 2313 civitates
1296 2249 1393 2325 Asiae,
1417 2250 1503 2334 qnod

400 2372 498 2434 supra
512 2350 622 2414 retulit
637 2350 795 2414 Eusebius
806 2374 874 2435 cap.
890 2373 901 2415 1
907 2372 939 2436 3.
951 2350 1047 2433 hujus
1060 2350 1143 2414 libri.
1183 2352 1286 2414 Porro
1301 2351 1385 2414 hunc
1400 2350 1504 2415 locum

400 2451 447 2515 ita
469 2451 564 2515 scribi
588 2452 724 2529 mallem,
749 2455 813 2516 ὅδὲ
832 2453 927 2532 πατήρ
951 2479 1018 2527 σου,
1048 2453 1096 2515 καὶ
1120 2455 1176 2515 σοῦ
1197 2455 1234 2515 τὰ
1255 2452 1356 2517 πάντα
1374 2458 1505 2519 συνδιαι-

401 2558 523 2619 κοῦντος
548 2554 635 2638 αὐτῷ.
660 2554 827 2618 Vnumne.
843 2557 917 2634 μηδὲ
935 2576 994 2637 pro
1014 2556 1106 2633 μηδὲν
1121 2554 1167 2617 cd.
1184 2551 1291 2637 steph.
1307 2553 1416 2637 paullo
1429 2561 1507 2619 ente

401 2656 486 2739 apud
502 2655 709 2740 Niceplcrwu
724 2655 889 2740 legebatur
911 2653 1009 2720 πάντα
1029 2677 1087 2739 pro
1103 2657 1270 2734 σύμπαντα,
1294 2662 1328 2719 et
1348 2676 1424 2718 mox
1438 2656 1507 2735 περὶ

399 2758 475 2838 ἡμᾶς
502 2779 560 2840 pro
582 2759 650 2840 περὶ
670 2758 752 2837 ἡμῶν
776 2757 905 2819 Gruteri
925 2758 1020 2819 Lectt.
1044 2757 1086 2820 ad
1107 2757 1157 2820 ed.
1177 2756 1295 2820 Geuev.
1318 2755 1506 2842 marginem.

403 2861 506 2923 Porro
522 2882 580 2945 pro
595 2859 699 2922 verbis
721 2864 777 2921 σοῦ
789 2861 826 2921 τὰ
844 2861 1003 2938 σύμπαντα
1023 2864 1202 2926 διοικοῦντος
1225 2858 1371 2923 Valesius
1384 2857 1507 2922 mavult

402 2966 458 3025 σοῦ
478 2965 516 3024 τὸ
539 2959 638 3025 πάντα
659 2964 904 3026 συνδιοικοῦντας.
950 2960 1052 3024 Recte
1075 2982 1161 3023 sane.
1207 2959 1354 3046 Namque
1376 2966 1409 3024 et
1433 2982 1507 3023 con-

403 3063 519 3126 firmari
535 3062 661 3126 videtur
676 3062 743 3125 haec
758 3062 944 3146 conjectura
959 3083 979 3125 a
995 3061 1120 3136 Rufino,
1137 3061 1334 3126 aelectionis
1350 3061 1508 3126 varietate

402 3165 489 3249 apud
505 3163 728 3248 Nicephorum,
746 3186 841 3248 quam
856 3164 951 3226 modo
976 3162 1191 3226 indicavimus.
1237 3163 1333 3231 uerte
1349 3163 1510 3228 Eusebius

403 3265 462 3328 hoe
477 3266 582 3330 dicere
597 3265 705 3329 voluit.
751 3265 886 3328 Srnorn.

449 3366 532 3429 lbid.
548 3366 568 3429 l.
581 3368 610 3430 6.
628 3368 662 3428 έν
677 3368 735 3450 cis]
765 3367 909 3446 ὀνομαστὶ
935 3365 1028 3429 addit
1046 3366 1212 3450 Oluistcplr.
1229 3366 1310 3430 Mox
1334 3366 1432 3430 verbu
1459 3368 1509 3431 rai

401 3466 580 3544 Ἀθηναίους
608 3467 723 3530 desunt
751 3468 837 3552 apud
868 3467 1033 3551 Nicephor.
1057 3475 1171 3531 contra
1193 3467 1267 3547 πρὸς
1291 3475 1368 3532 aute
1393 3466 1510 3535 πάντας

399 3564 555 3644 Ἕλληνος
578 3567 670 3631 abest
691 3568 734 3631 ab
755 3569 802 3632 cd.
818 3569 919 3652 Stopt.
943 3569 1078 3633 Srnoru.
1114 3568 1170 3632 Ἐν
1185 3570 1227 3636 cir
1242 3568 1273 3632 h.
1288 3590 1316 3632 e.
1337 3568 1370 3632 in
1392 3568 1510 3652 quibus

404 3667 539 3752 populis.
585 3670 617 3730 A
633 3669 696 3732 cod.
713 3669 852 3754 Ncrssolc.
868 3671 962 3734 abest
976 3671 1049 3751 πρὸς
1063 3679 1140 3734 ante
1156 3676 1405 3737 Θεσσαλονικεῖς.

451 3769 534 3832 lbid.
550 3769 570 3831 l.
581 3771 609 3832 8.
626 3772 663 3832 σὲ
678 3772 710 3833 u
727 3770 774 3833 καὶ
793 3773 1091 3857 μᾶλλον-γνώμην]
1117 3772 1181 3836 His
1200 3771 1304 3836 verbis
1324 3771 1440 3836 Melito
1454 3772 1510 3838 de-

405 3872 531 3957 signare
553 3870 679 3936 videtur
702 3872 880 3957 Epistolam
905 3874 951 3936 M.
966 3874 1134 3951 Antonini,
1157 3874 1199 3938 ad
1222 3875 1398 3938 Commune
1418 3873 1511 3938 Asiae

406 3974 517 4038 datum
543 3996 602 4058 pro
627 3974 834 4038 Christianis:
869 3975 902 4038 in
928 3998 991 4059 qua
1020 3976 1105 4039 inter
1134 3983 1242 4040 cetera
1267 3976 1415 4060 leguntur
1438 3975 1510 4040 lraec

406 4075 512 4139 verba.
537 4077 584 4139 καὶ
601 4077 665 4155 ἐμοὶ
683 4078 716 4138 δέ
732 4079 798 4157 περὶ
813 4083 872 4140 τῶν
886 4079 1027 4140 τοιούτων
1041 4079 1153 4140 πολλοὶ
1169 4077 1332 4155 έοήμανον·
1349 4077 1394 4143 ola
1409 4076 1444 4154 δὴ
1461 4077 1511 4140 καὶ

406 4178 588 4261 προέγραψα
609 4184 837 4243 κατακολουθῶν
858 4183 894 4264 τῇ
914 4184 967 4242 τοῦ
987 4181 1097 4260 πατρός
1118 4205 1175 4258 μου
1200 4182 1313 4260 γνώμῃ.
1348 4180 1509 4243 Vsnrsrus.

407 4282 457 4344 At
481 4303 564 4356 vero,
589 4303 660 4365 quae
686 4290 779 4346 extat
802 4281 937 4365 epistola
962 4304 1059 4366 supra
1086 4282 1171 4366 npud
1195 4280 1368 4344 Eusebium
1393 4280 1447 4345 lib.
1469 4280 1512 4344 iv.

407 4401 434 4443 c.
450 4400 497 4464 13.
519 4381 545 4444 si
562 4381 611 4445 Pii
628 4404 690 4446 non
714 4382 810 4446 luerit
836 4383 892 4445 sed
915 4382 1023 4466 potius
1043 4382 1201 4446 Antonini
1218 4381 1411 4466 Philosophi,
1435 4389 1512 4466 post

407 4480 549 4545 oblatam
567 4482 730 4546 lllelitonis
741 4483 920 4569 apologiam
933 4484 1012 4549 data
1027 4484 1097 4562 luit,
1110 4491 1241 4548 auctore
1256 4483 1414 4549 Chronico
1427 4485 1509 4547 Pas-

405 4581 488 4646 chali
512 4604 567 4646 sen
592 4584 819 4648 Alexandrino.
872 4585 951 4649 Vide
977 4587 1019 4671 p.'
1036 4605 1103 4672 123.
1129 4586 1287 4650 Eusebius
1308 4590 1428 4662 autom,
1453 4585 1510 4668 qui

405 4683 497 4760 mule,
520 4696 557 4747 ut
579 4684 731 4767 opinatur
752 4707 824 4749 cum
848 4686 919 4751 aliis
934 4687 1068 4751 eruditis
1090 4686 1246 4763 Valesius,
1263 4685 1431 4750 Antonino
1448 4685 1510 4748 Pio
