3809 5650
746 668 779 730 S.
804 663 1076 730 PANTAENUS.
1397 665 1463 732 stt

361 840 571 914 ampappdrus
593 840 654 896 τοὺς
680 844 732 894 τῶν
752 841 826 896 deins
853 841 989 913 δογμάτων
1012 841 1158 913 θησαυροὺς
1185 840 1459 911 ὖπομνηματιζόμυος.

362 934 461 993 Rufin.
476 942 533 992 tam
548 936 611 992 aina
629 953 695 992 noea
710 937 854 1010 diseipm
872 939 1112 1011 instrumentum
1132 936 1262 994 nomn
1282 937 1461 993 monumentis

360 1034 443 1089 etiam
464 1032 580 1104 posteris
604 1027 744 1087 thesauros
764 1034 881 1088 scientie
901 1034 1097 1107 derelinqmns.
1140 1031 1274 1090 Fanum.
1317 1029 1460 1090 Attamen

359 1127 482 1185 veritate
496 1125 597 1183 innixa
610 1125 680 1182 mihi
696 1125 812 1203 quidem
827 1126 1032 1204 interpretatio
1046 1126 1220 1205 Hieronymi
1240 1125 1366 1185 videtur.
1412 1126 1460 1185 De

360 1222 494 1281 Pantaeni
507 1220 589 1280 lilrris
603 1221 644 1279 ait
659 1222 806 1280 Maximus
820 1223 977 1280 Confessus
990 1223 1020 1278 in
1037 1225 1157 1297 Prologo
1170 1226 1208 1279 od
1217 1223 1346 1298 Dionysii
1356 1226 1457 1298 Areop.

361 1322 472 1393 Opem:
494 1322 554 1374 aori
571 1319 621 1389 μὴν
640 1319 784 1373 Πανταίνου
801 1321 861 1375 τοὺς
879 1319 975 1375 πόνους
992 1321 1159 1392 ἀνεγράψατο
1180 1317 1366 1391 (Eusebius).
1386 1339 1416 1396 p.
1428 1319 1458 1377 6.

359 1414 405 1472 od.
419 1413 539 1471 Morelii
556 1414 587 1471 S.
603 1414 732 1488 Dionysii
754 1414 855 1488 Areop.
892 1412 976 1484 Quos
996 1424 1094 1472 tamen
1114 1413 1292 1492 superfuisse
1316 1414 1459 1493 signifieat

359 1511 527 1579 Maximus;
553 1509 641 1568 immo
655 1510 717 1588 ipse
732 1510 811 1576 alibi,
826 1520 861 1568 ut
875 1510 1002 1577 videtur,
1016 1529 1067 1568 eos
1082 1509 1233 1585 excerpsit.

399 1606 474 1663 ⁰Ex
499 1605 630 1662 Eusebio
653 1604 771 1682 colligas
791 1605 852 1682 jam
877 1607 931 1664 sub
954 1604 1115 1665 Commodo
1138 1606 1246 1665 clarum
1269 1602 1402 1664 Panteni
1427 1606 1459 1664 iu

358 1702 457 1761 schola
469 1701 669 1760 Alexandrina
683 1720 789 1759 nomen
803 1700 903 1760 fuisse.
941 1702 1028 1759 Nam.
1044 1721 1072 1758 s.
1087 1719 1117 1777 9.
1133 1720 1198 1760 oum
1212 1712 1356 1761 narrasset
1370 1701 1459 1760 com.

357 1798 435 1856 modi
454 1817 530 1855 anno
549 1797 644 1875 primo
665 1796 832 1874 episcopum
858 1796 1046 1855 Alexandria
1066 1797 1176 1855 fantum
1201 1796 1364 1864 lulianum,
1388 1798 1458 1858 sub-

354 1894 454 1972 jungit
473 1913 498 1952 c.
514 1912 557 1951 ιο.
571 1894 659 1967 ἡγεῖτο
673 1895 701 1948 δὲ
714 1898 850 1963 τηνικαῦτα
862 1896 909 1963 τῆς
921 1899 973 1949 τῶν
986 1900 1087 1950 πιστῶν
1100 1894 1190 1951 αὐτόθι
1204 1897 1337 1968 διατριβῆς
1346 1901 1397 1952 τῶν
1406 1897 1458 1952 ἀπὸ

357 1993 472 2048 παιδείας
491 1992 554 2064 ἀνὴρ
572 1991 747 2062 ἐνδοξότατος,
772 1990 853 2061 ὄνομα
873 1991 943 2066 αὐτῷ
966 1994 1116 2049 nandans.
1147 1989 1326 2049 Funeratus.
1370 1993 1458 2050 Com·

358 2085 462 2143 modus
488 2085 643 2164 imperium
670 2095 737 2164 post
761 2096 873 2165 putrem
901 2085 969 2143 iniit
995 2085 1131 2143 an.180.
1166 2087 1291 2144 Severus
1314 2105 1360 2144 an.
1390 2104 1456 2163 19³·

358 2179 505 2239 Curnmlls
526 2200 591 2239 eum
612 2192 695 2260 patre
716 2180 826 2241 Severo
846 2203 892 2240 sn.
909 2182 975 2258 198.
996 2191 1062 2261 post
1084 2192 1195 2262 patrem
1216 2193 1313 2241 autem
1327 2202 1374 2241 an.
1388 2199 1458 2241 ass.

357 2275 473 2334 luteres
486 2275 532 2333 rix
547 2274 607 2344 ille,
622 2276 673 2354 qui
687 2276 741 2336 sub
755 2277 801 2337 his
813 2279 902 2338 vitam
917 2280 1010 2357 egerit
1023 2278 1213 2358 principibus,
1228 2278 1283 2337 etsi
1297 2278 1457 2341 Pantanus

358 2371 517 2431 Clementis
538 2371 739 2444 Alexandrini,
753 2384 829 2432 teste
849 2375 913 2454 ipso
935 2374 1096 2441 Clemente,
1116 2385 1277 2454 praereptor
1297 2375 1366 2443 fuit,
1385 2396 1456 2455 apo-

357 2468 447 2527 stolos
461 2467 562 2527 audire
575 2478 710 2547 poteram
732 2470 816 2546 cujus
829 2468 946 2547 quidem
962 2463 1004 2528 rei
1021 2471 1099 2528 fama
1111 2490 1128 2528 a
1142 2464 1251 2530 Photio
1267 2470 1299 2529 iu
1311 2470 1376 2531 ond.
1390 2474 1455 2531 118.

358 2566 532 2622 Bibliotheca
558 2583 618 2624 suu
641 2566 776 2634 refertur,
808 2564 913 2644 Agunt
939 2565 977 2623 de
1003 2586 1039 2624 eo
1067 2566 1278 2644 Mastyrologia
1304 2584 1321 2626 e
1349 2569 1455 2645 quibus

357 2661 522 2720 Romanum
537 2660 637 2729 trudit,
648 2661 821 2720 Pantoenum
836 2664 943 2719 danum
951 2664 1150 2720 Alexandriam
1161 2681 1297 2721 reversum
1307 2666 1356 2722 snb
1366 2665 1455 2723 Anto·

357 2762 412 2817 tino
429 2758 580 2818 Caracalla
593 2762 622 2815 in
636 2779 707 2835 pace
720 2761 859 2834 pannose.
