<?xml version="1.0" encoding="UTF-8"?>
<!DOCTYPE html PUBLIC "-//W3C//DTD XHTML 1.0 Transitional//EN"
    "http://www.w3.org/TR/xhtml1/DTD/xhtml1-transitional.dtd">
<html xmlns="http://www.w3.org/1999/xhtml" xml:lang="en" lang="en">
 <head>
  <title>
</title>
<meta http-equiv="Content-Type" content="text/html;charset=utf-8" />
  <meta name='ocr-system' content='tesseract 3.04.00' />
  <meta name='ocr-capabilities' content='ocr_page ocr_carea ocr_par ocr_line ocrx_word'/>
</head>
<body>
  <div class='ocr_page' id='page_1' title='image "./reliquiaesacrae07routgoog_0164.png"; bbox 0 0 3809 5650; ppageno 0'>
   <div class='ocr_carea' id='block_1_1' title="bbox 450 681 1201 762">
    <p class='ocr_par' dir='ltr' id='par_1_1' title="bbox 450 681 1201 762">
     <span class='ocr_line' id='line_1_1' title="bbox 450 681 1201 762; baseline 0.001 -17"><span class='ocrx_word' id='word_1_1' title='bbox 450 684 514 746; x_wconf 86' lang='lat'><strong>118</strong></span> <span class='ocrx_word' id='word_1_2' title='bbox 769 681 1006 762; x_wconf 78' lang='lat' dir='ltr'><strong>RELIQUIAE</strong></span> <span class='ocrx_word' id='word_1_3' title='bbox 1031 682 1201 746; x_wconf 79' lang='lat' dir='ltr'><strong>sAcRAE.</strong></span> 
     </span>
    </p>
   </div>
   <div class='ocr_carea' id='block_1_2' title="bbox 449 851 1630 2288">
    <p class='ocr_par' dir='ltr' id='par_1_2' title="bbox 449 851 1630 2288">
     <span class='ocr_line' id='line_1_2' title="bbox 450 851 1554 954; baseline 0.003 -23"><span class='ocrx_word' id='word_1_4' title='bbox 450 853 559 948; x_wconf 80' lang='grc' dir='ltr'><strong>οἷςὸ</strong></span> <span class='ocrx_word' id='word_1_5' title='bbox 593 852 659 950; x_wconf 75' lang='grc' dir='ltr'><strong>μὲν</strong></span> <span class='ocrx_word' id='word_1_6' title='bbox 688 852 836 935; x_wconf 88' lang='grc' dir='ltr'>πάππος</span> <span class='ocrx_word' id='word_1_7' title='bbox 873 887 943 932; x_wconf 88' lang='grc' dir='ltr'><strong>σου</strong></span> <span class='ocrx_word' id='word_1_8' title='bbox 971 852 1169 954; x_wconf 83' lang='grc' dir='ltr'>Ἀδριανὸς,</span> <span class='ocrx_word' id='word_1_9' title='bbox 1206 861 1358 936; x_wconf 77' lang='grc' dir='ltr'>πολλοῖς</span> <span class='ocrx_word' id='word_1_10' title='bbox 1390 851 1456 952; x_wconf 71' lang='grc' dir='ltr'><strong>μὲν</strong></span> <span class='ocrx_word' id='word_1_11' title='bbox 1492 858 1554 934; x_wconf 81' lang='grc' dir='ltr'><strong>καὶ</strong></span> 
     </span>
     <span class='ocr_line' id='line_1_3' title="bbox 450 986 1555 1096; baseline 0.007 -31"><span class='ocrx_word' id='word_1_12' title='bbox 450 989 590 1085; x_wconf 80' lang='grc' dir='ltr'>ἄλλοις,</span> <span class='ocrx_word' id='word_1_13' title='bbox 615 991 672 1066; x_wconf 82' lang='grc' dir='ltr'><strong>καὶ</strong></span> <span class='ocrx_word' id='word_1_14' title='bbox 699 986 893 1094; x_wconf 80' lang='grc' dir='ltr'>Φουνδάνῳ</span> <span class='ocrx_word' id='word_1_15' title='bbox 912 988 950 1067; x_wconf 73' lang='grc' dir='ltr'><strong>δὲ</strong></span> <span class='ocrx_word' id='word_1_16' title='bbox 975 994 1026 1093; x_wconf 74' lang='grc' dir='ltr'><strong>τῷ</strong></span> <span class='ocrx_word' id='word_1_17' title='bbox 1053 986 1246 1094; x_wconf 79' lang='grc' dir='ltr'>ἀνθυπάτῳ</span> <span class='ocrx_word' id='word_1_18' title='bbox 1274 989 1460 1096; x_wconf 71' lang='grc' dir='ltr'>ἡγουμένῳ</span> <span class='ocrx_word' id='word_1_19' title='bbox 1486 994 1555 1089; x_wconf 76' lang='grc' dir='ltr'><strong>τῆς</strong></span> 
     </span>
     <span class='ocr_line' id='line_1_4' title="bbox 449 1121 1554 1228; baseline 0.003 -27"><span class='ocrx_word' id='word_1_20' title='bbox 449 1124 580 1206; x_wconf 88' lang='grc' dir='ltr'>Ἀσίας</span> <span class='ocrx_word' id='word_1_21' title='bbox 598 1123 751 1228; x_wconf 86' lang='grc' dir='ltr'>γράφων</span> <span class='ocrx_word' id='word_1_22' title='bbox 769 1126 940 1228; x_wconf 82' lang='grc' dir='ltr'>φαίνεται·</span> <span class='ocrx_word' id='word_1_23' title='bbox 971 1127 991 1202; x_wconf 83' lang='grc' dir='ltr'><strong>ὁ</strong></span> <span class='ocrx_word' id='word_1_24' title='bbox 1019 1123 1056 1202; x_wconf 77' lang='grc' dir='ltr'><strong>δὲ</strong></span> <span class='ocrx_word' id='word_1_25' title='bbox 1080 1121 1201 1224; x_wconf 83' lang='grc' dir='ltr'>πατήρ</span> <span class='ocrx_word' id='word_1_26' title='bbox 1226 1156 1296 1201; x_wconf 88' lang='grc' dir='ltr'><strong>σου</strong></span> <span class='ocrx_word' id='word_1_27' title='bbox 1322 1127 1382 1202; x_wconf 86' lang='grc' dir='ltr'><strong>καὶ</strong></span> <span class='ocrx_word' id='word_1_28' title='bbox 1406 1131 1477 1202; x_wconf 85' lang='grc' dir='ltr'><strong>σοῦ</strong></span> <span class='ocrx_word' id='word_1_29' title='bbox 1505 1124 1554 1204; x_wconf 78' lang='grc' dir='ltr'><strong>τά</strong></span> 
     </span>
     <span class='ocr_line' id='line_1_5' title="bbox 451 1256 1552 1354; baseline 0.005 -21"><span class='ocrx_word' id='word_1_30' title='bbox 451 1256 646 1354; x_wconf 71' lang='grc' dir='ltr'>σύμπαντα</span> <span class='ocrx_word' id='word_1_31' title='bbox 671 1260 884 1340; x_wconf 74' lang='grc' dir='ltr'>διοικοῦντος</span> <span class='ocrx_word' id='word_1_32' title='bbox 909 1278 976 1350; x_wconf 89' lang='lat' dir='ltr'><strong>(for.</strong></span> <span class='ocrx_word' id='word_1_33' title='bbox 992 1272 1028 1332; x_wconf 79' lang='grc' dir='ltr'><strong>τὰ</strong></span> <span class='ocrx_word' id='word_1_34' title='bbox 1048 1268 1145 1331; x_wconf 85' lang='grc' dir='ltr'>πάντα</span> <span class='ocrx_word' id='word_1_35' title='bbox 1168 1272 1385 1335; x_wconf 80' lang='grc' dir='ltr'>σνδιοικοῦντος</span> <span class='ocrx_word' id='word_1_36' title='bbox 1404 1279 1552 1351; x_wconf 72' lang='lat' dir='ltr'><em>Valesius)</em></span> 
     </span>
     <span class='ocr_line' id='line_1_6' title="bbox 451 1384 1583 1495; baseline -0.001 -28"><span class='ocrx_word' id='word_1_37' title='bbox 451 1391 557 1495; x_wconf 71' lang='grc' dir='ltr'>αὐτῷ,</span> <span class='ocrx_word' id='word_1_38' title='bbox 576 1396 652 1472; x_wconf 86' lang='grc' dir='ltr'>ταῖς</span> <span class='ocrx_word' id='word_1_39' title='bbox 670 1387 803 1467; x_wconf 87' lang='grc' dir='ltr'>πόλεσι</span> <span class='ocrx_word' id='word_1_40' title='bbox 821 1393 902 1490; x_wconf 79' lang='grc' dir='ltr'>περὶ</span> <span class='ocrx_word' id='word_1_41' title='bbox 919 1397 984 1467; x_wconf 86' lang='grc' dir='ltr'><strong>τοῦ</strong></span> <span class='ocrx_word' id='word_1_42' title='bbox 1001 1387 1110 1486; x_wconf 75' lang='grc' dir='ltr'>μηδὲν</span> <span class='ocrx_word' id='word_1_43' title='bbox 1124 1384 1333 1487; x_wconf 76' lang='grc' dir='ltr'>νεωτερίζειν</span> <span class='ocrx_word' id='word_1_44' title='bbox 1351 1391 1432 1488; x_wconf 85' lang='grc' dir='ltr'>περὶ</span> <span class='ocrx_word' id='word_1_45' title='bbox 1449 1387 1583 1485; x_wconf 81' lang='grc' dir='ltr'>ἡμῶν5</span> 
     </span>
     <span class='ocr_line' id='line_1_7' title="bbox 450 1520 1553 1630; baseline -0.004 -27"><span class='ocrx_word' id='word_1_46' title='bbox 450 1524 624 1630; x_wconf 76' lang='grc' dir='ltr'>ἔγραψεν·</span> <span class='ocrx_word' id='word_1_47' title='bbox 653 1527 691 1602; x_wconf 87' lang='grc' dir='ltr'><strong>ἐν</strong></span> <span class='ocrx_word' id='word_1_48' title='bbox 715 1524 766 1607; x_wconf 78' lang='grc' dir='ltr'><strong>οἷς</strong></span> <span class='ocrx_word' id='word_1_49' title='bbox 792 1529 850 1603; x_wconf 86' lang='grc' dir='ltr'><strong>καὶ</strong></span> <span class='ocrx_word' id='word_1_50' title='bbox 873 1523 964 1627; x_wconf 82' lang='grc' dir='ltr'>πρὸς</span> <span class='ocrx_word' id='word_1_51' title='bbox 982 1522 1241 1624; x_wconf 83' lang='grc' dir='ltr'>Λαρισσαίονς,</span> <span class='ocrx_word' id='word_1_52' title='bbox 1260 1524 1318 1600; x_wconf 79' lang='grc' dir='ltr'><strong>καὶ</strong></span> <span class='ocrx_word' id='word_1_53' title='bbox 1339 1520 1430 1623; x_wconf 86' lang='grc' dir='ltr'>πρὸς</span> <span class='ocrx_word' id='word_1_54' title='bbox 1449 1527 1553 1607; x_wconf 74' lang='grc' dir='ltr'><strong>Θεσ-Ι</strong></span> 
     </span>
     <span class='ocr_line' id='line_1_8' title="bbox 451 1654 1550 1759; baseline 0 -23"><span class='ocrx_word' id='word_1_55' title='bbox 451 1665 653 1740; x_wconf 85' lang='grc' dir='ltr'>σαλονικεῖς</span> <span class='ocrx_word' id='word_1_56' title='bbox 677 1662 735 1736; x_wconf 82' lang='grc' dir='ltr'><strong>καὶ</strong></span> <span class='ocrx_word' id='word_1_57' title='bbox 752 1660 975 1758; x_wconf 78' lang='grc' dir='ltr'>Ἀθηναίους,</span> <span class='ocrx_word' id='word_1_58' title='bbox 994 1661 1053 1736; x_wconf 85' lang='grc' dir='ltr'><strong>καὶ</strong></span> <span class='ocrx_word' id='word_1_59' title='bbox 1080 1654 1170 1759; x_wconf 79' lang='grc' dir='ltr'>πρὸς</span> <span class='ocrx_word' id='word_1_60' title='bbox 1197 1654 1335 1740; x_wconf 90' lang='grc' dir='ltr'>πάντας</span> <span class='ocrx_word' id='word_1_61' title='bbox 1347 1655 1550 1754; x_wconf 82' lang='grc' dir='ltr'>Ἕλληνας.</span> 
     </span>
     <span class='ocr_line' id='line_1_9' title="bbox 451 1788 1554 1894; baseline -0.003 -24"><span class='ocrx_word' id='word_1_62' title='bbox 451 1792 496 1871; x_wconf 80' lang='grc' dir='ltr'><strong>σὲ</strong></span> <span class='ocrx_word' id='word_1_63' title='bbox 513 1790 552 1870; x_wconf 78' lang='grc' dir='ltr'><strong>δὲ</strong></span> <span class='ocrx_word' id='word_1_64' title='bbox 570 1796 627 1870; x_wconf 79' lang='grc' dir='ltr'><strong>καὶ</strong></span> <span class='ocrx_word' id='word_1_65' title='bbox 646 1800 791 1890; x_wconf 78' lang='grc' dir='ltr'>μᾶλλον</span> <span class='ocrx_word' id='word_1_66' title='bbox 808 1797 887 1894; x_wconf 79' lang='grc' dir='ltr'>περὶ</span> <span class='ocrx_word' id='word_1_67' title='bbox 906 1792 1042 1872; x_wconf 80' lang='grc' dir='ltr'>τούτων</span> <span class='ocrx_word' id='word_1_68' title='bbox 1060 1791 1126 1891; x_wconf 81' lang='grc' dir='ltr'><strong>τὴν</strong></span> <span class='ocrx_word' id='word_1_69' title='bbox 1145 1790 1255 1888; x_wconf 74' lang='grc' dir='ltr'>αὐτὴν</span> <span class='ocrx_word' id='word_1_70' title='bbox 1269 1791 1409 1872; x_wconf 85' lang='grc' dir='ltr'>ἐκείνοις</span> <span class='ocrx_word' id='word_1_71' title='bbox 1422 1788 1554 1892; x_wconf 77' lang='grc' dir='ltr'>ἔχοντα</span> 
     </span>
     <span class='ocr_line' id='line_1_10' title="bbox 451 1925 1550 2033; baseline -0.003 -29"><span class='ocrx_word' id='word_1_72' title='bbox 451 1927 612 2027; x_wconf 83' lang='grc' dir='ltr'>γνώμην,</span> <span class='ocrx_word' id='word_1_73' title='bbox 645 1930 702 2006; x_wconf 78' lang='grc' dir='ltr'><strong>καὶ</strong></span> <span class='ocrx_word' id='word_1_74' title='bbox 734 1926 832 2006; x_wconf 81' lang='grc' dir='ltr'>πολύ</span> <span class='ocrx_word' id='word_1_75' title='bbox 860 1963 902 2029; x_wconf 88' lang='grc' dir='ltr'><strong>γε</strong></span> <span class='ocrx_word' id='word_1_76' title='bbox 930 1925 1275 2033; x_wconf 61' lang='grc' dir='ltr'>φιλανθρωποτεμαν</span> <span class='ocrx_word' id='word_1_77' title='bbox 1303 1928 1362 2002; x_wconf 87' lang='grc' dir='ltr'><strong>καὶ</strong></span> <span class='ocrx_word' id='word_1_78' title='bbox 1389 1929 1550 2030; x_wconf 85' lang='grc' dir='ltr'>φιλοσο-</span> 
     </span>
     <span class='ocr_line' id='line_1_11' title="bbox 452 2054 1630 2164; baseline -0.001 -26"><span class='ocrx_word' id='word_1_79' title='bbox 452 2061 627 2164; x_wconf 83' lang='grc' dir='ltr'>φωτέραν,</span> <span class='ocrx_word' id='word_1_80' title='bbox 656 2062 880 2159; x_wconf 79' lang='grc' dir='ltr'>πεπείσμεθα</span> <span class='ocrx_word' id='word_1_81' title='bbox 909 2058 1030 2140; x_wconf 89' lang='grc' dir='ltr'>πάντα</span> <span class='ocrx_word' id='word_1_82' title='bbox 1058 2056 1241 2161; x_wconf 82' lang='grc' dir='ltr'>πράσσειν</span> <span class='ocrx_word' id='word_1_83' title='bbox 1269 2057 1343 2137; x_wconf 83' lang='grc' dir='ltr'><strong>ὅσα</strong></span> <span class='ocrx_word' id='word_1_84' title='bbox 1369 2091 1441 2136; x_wconf 84' lang='grc' dir='ltr'><strong>σου</strong></span> <span class='ocrx_word' id='word_1_85' title='bbox 1467 2054 1630 2155; x_wconf 69' lang='lat' dir='ltr'><strong>&amp;ci-10¹</strong></span> 
     </span>
     <span class='ocr_line' id='line_1_12' title="bbox 451 2199 556 2288; baseline -0.01 -19"><span class='ocrx_word' id='word_1_86' title='bbox 451 2199 556 2288; x_wconf 88' lang='grc' dir='ltr'>μεθα.</span> 
     </span>
    </p>
   </div>
   <div class='ocr_carea' id='block_1_3' title="bbox 452 2414 1606 3042">
    <p class='ocr_par' dir='ltr' id='par_1_3' title="bbox 452 2414 1606 3042">
     <span class='ocr_line' id='line_1_13' title="bbox 452 2414 1553 2493; baseline -0.001 -19"><span class='ocrx_word' id='word_1_87' title='bbox 452 2436 518 2474; x_wconf 86' lang='lat' dir='ltr'><strong>curn</strong></span> <span class='ocrx_word' id='word_1_88' title='bbox 529 2415 594 2473; x_wconf 79' lang='lat' dir='ltr'><strong>aliis</strong></span> <span class='ocrx_word' id='word_1_89' title='bbox 603 2416 745 2493; x_wconf 88' lang='lat' dir='ltr'><strong>pluribus,</strong></span> <span class='ocrx_word' id='word_1_90' title='bbox 755 2427 818 2475; x_wconf 90' lang='lat' dir='ltr'><strong>tum</strong></span> <span class='ocrx_word' id='word_1_91' title='bbox 831 2418 975 2477; x_wconf 80' lang='lat' dir='ltr'><strong>Fundano</strong></span> <span class='ocrx_word' id='word_1_92' title='bbox 1026 2438 1080 2485; x_wconf 88' lang='lat' dir='ltr'><strong>ses,</strong></span> <span class='ocrx_word' id='word_1_93' title='bbox 1095 2415 1133 2483; x_wconf 67' lang='lat' dir='ltr'><strong>ad</strong></span> <span class='ocrx_word' id='word_1_94' title='bbox 1151 2415 1301 2474; x_wconf 73' lang='lat' dir='ltr'><strong>universos</strong></span> <span class='ocrx_word' id='word_1_95' title='bbox 1320 2414 1445 2492; x_wconf 85' lang='lat' dir='ltr'><strong>denique</strong></span> <span class='ocrx_word' id='word_1_96' title='bbox 1466 2414 1553 2481; x_wconf 59' lang='lat' dir='ltr'><strong>Groef</strong></span> 
     </span>
     <span class='ocr_line' id='line_1_14' title="bbox 452 2493 1553 2573; baseline 0.002 -22"><span class='ocrx_word' id='word_1_97' title='bbox 452 2494 532 2552; x_wconf 85' lang='lat' dir='ltr'><strong>Asiae</strong></span> <span class='ocrx_word' id='word_1_98' title='bbox 562 2495 733 2554; x_wconf 81' lang='lat' dir='ltr'>Proconsuli</span> <span class='ocrx_word' id='word_1_99' title='bbox 761 2497 859 2555; x_wconf 78' lang='lat' dir='ltr'><strong>literas</strong></span> <span class='ocrx_word' id='word_1_100' title='bbox 885 2497 974 2556; x_wconf 88' lang='lat' dir='ltr'><strong>dedit.</strong></span> <span class='ocrx_word' id='word_1_101' title='bbox 1026 2517 1083 2555; x_wconf 84' lang='lat' dir='ltr'><strong>cos.</strong></span> <span class='ocrx_word' id='word_1_102' title='bbox 1126 2497 1171 2554; x_wconf 89' lang='lat' dir='ltr'><strong>Te</strong></span> <span class='ocrx_word' id='word_1_103' title='bbox 1185 2515 1263 2560; x_wconf 88' lang='lat' dir='ltr'><strong>vero,</strong></span> <span class='ocrx_word' id='word_1_104' title='bbox 1279 2495 1388 2573; x_wconf 87' lang='lat' dir='ltr'><strong>quippe</strong></span> <span class='ocrx_word' id='word_1_105' title='bbox 1402 2494 1453 2571; x_wconf 88' lang='lat' dir='ltr'><strong>qui</strong></span> <span class='ocrx_word' id='word_1_106' title='bbox 1472 2493 1553 2553; x_wconf 90' lang='lat' dir='ltr'><strong>idem</strong></span> 
     </span>
     <span class='ocr_line' id='line_1_15' title="bbox 453 2573 1554 2655; baseline 0 -25"><span class='ocrx_word' id='word_1_107' title='bbox 453 2573 542 2632; x_wconf 84' lang='lat' dir='ltr'><strong>Pater</strong></span> <span class='ocrx_word' id='word_1_108' title='bbox 556 2594 672 2650; x_wconf 93' lang='lat' dir='ltr'><strong>quoque</strong></span> <span class='ocrx_word' id='word_1_109' title='bbox 686 2588 756 2634; x_wconf 89' lang='lat' dir='ltr'><strong>tnns</strong></span> <span class='ocrx_word' id='word_1_110' title='bbox 769 2597 828 2653; x_wconf 94' lang='lat' dir='ltr'><strong>quo</strong></span> <span class='ocrx_word' id='word_1_111' title='bbox 845 2588 976 2655; x_wconf 89' lang='lat' dir='ltr'><strong>tempore</strong></span> <span class='ocrx_word' id='word_1_112' title='bbox 1026 2575 1105 2653; x_wconf 82' lang='lat' dir='ltr'><strong>qnod</strong></span> <span class='ocrx_word' id='word_1_113' title='bbox 1126 2575 1169 2632; x_wconf 90' lang='lat' dir='ltr'><strong>illi</strong></span> <span class='ocrx_word' id='word_1_114' title='bbox 1190 2574 1227 2632; x_wconf 91' lang='lat' dir='ltr'><strong>de</strong></span> <span class='ocrx_word' id='word_1_115' title='bbox 1248 2575 1331 2632; x_wconf 86' lang='lat' dir='ltr'><strong>nobis</strong></span> <span class='ocrx_word' id='word_1_116' title='bbox 1351 2575 1469 2640; x_wconf 83' lang='lat' dir='ltr'><strong>sentias,</strong></span> <span class='ocrx_word' id='word_1_117' title='bbox 1492 2573 1554 2637; x_wconf 88' lang='lat' dir='ltr'><strong>imo</strong></span> 
     </span>
     <span class='ocr_line' id='line_1_16' title="bbox 453 2648 1606 2749; baseline 0.001 -39"><span class='ocrx_word' id='word_1_118' title='bbox 453 2665 557 2711; x_wconf 81' lang='lat' dir='ltr'><strong>cuncta</strong></span> <span class='ocrx_word' id='word_1_119' title='bbox 572 2654 658 2711; x_wconf 87' lang='lat' dir='ltr'><strong>simul</strong></span> <span class='ocrx_word' id='word_1_120' title='bbox 673 2676 738 2713; x_wconf 91' lang='lat' dir='ltr'><strong>cum</strong></span> <span class='ocrx_word' id='word_1_121' title='bbox 753 2656 817 2734; x_wconf 83' lang='lat' dir='ltr'><strong>ipso</strong></span> <span class='ocrx_word' id='word_1_122' title='bbox 838 2656 975 2714; x_wconf 81' lang='lat' dir='ltr'><strong>adminis-</strong></span> <span class='ocrx_word' id='word_1_123' title='bbox 1027 2658 1114 2713; x_wconf 84' lang='lat' dir='ltr'><strong>etiam</strong></span> <span class='ocrx_word' id='word_1_124' title='bbox 1129 2654 1215 2731; x_wconf 79' lang='lat' dir='ltr'><strong>longe</strong></span> <span class='ocrx_word' id='word_1_125' title='bbox 1229 2653 1384 2711; x_wconf 81' lang='lat' dir='ltr'><strong>humanius</strong></span> <span class='ocrx_word' id='word_1_126' title='bbox 1400 2648 1489 2729; x_wconf 76' lang='lat' dir='ltr'><strong>stqu&#39;e</strong></span> <span class='ocrx_word' id='word_1_127' title='bbox 1506 2672 1552 2710; x_wconf 82' lang='lat' dir='ltr'><strong>se·</strong></span> <span class='ocrx_word' id='word_1_128' title='bbox 1567 2669 1606 2749; x_wconf 58' lang='lat'><strong>15</strong></span> 
     </span>
     <span class='ocr_line' id='line_1_17' title="bbox 452 2731 1555 2812; baseline 0.001 -23"><span class='ocrx_word' id='word_1_129' title='bbox 452 2733 558 2799; x_wconf 79' lang='lat' dir='ltr'><strong>trabas,</strong></span> <span class='ocrx_word' id='word_1_130' title='bbox 582 2733 696 2811; x_wconf 77' lang='lat' dir='ltr'><strong>scripsit</strong></span> <span class='ocrx_word' id='word_1_131' title='bbox 720 2736 757 2793; x_wconf 82' lang='lat' dir='ltr'><strong>sd</strong></span> <span class='ocrx_word' id='word_1_132' title='bbox 781 2736 915 2793; x_wconf 77' lang='lat' dir='ltr'><strong>civitates</strong></span> <span class='ocrx_word' id='word_1_133' title='bbox 939 2755 977 2793; x_wconf 91' lang='lat' dir='ltr'><strong>ne</strong></span> <span class='ocrx_word' id='word_1_134' title='bbox 1027 2735 1156 2812; x_wconf 86' lang='lat' dir='ltr'><strong>pientius</strong></span> <span class='ocrx_word' id='word_1_135' title='bbox 1162 2756 1171 2802; x_wconf 87' lang='lat'>;</span> <span class='ocrx_word' id='word_1_136' title='bbox 1186 2744 1270 2791; x_wconf 82' lang='lat' dir='ltr'><strong>tento</strong></span> <span class='ocrx_word' id='word_1_137' title='bbox 1281 2732 1372 2809; x_wconf 82' lang='lat' dir='ltr'><strong>magis</strong></span> <span class='ocrx_word' id='word_1_138' title='bbox 1380 2731 1555 2795; x_wconf 84' lang='lat' dir='ltr'><strong>confidimns</strong></span> 
     </span>
     <span class='ocr_line' id='line_1_18' title="bbox 452 2813 1555 2889; baseline 0.001 -19"><span class='ocrx_word' id='word_1_139' title='bbox 452 2823 553 2871; x_wconf 84' lang='lat' dir='ltr'><strong>contra</strong></span> <span class='ocrx_word' id='word_1_140' title='bbox 564 2835 616 2870; x_wconf 87' lang='lat' dir='ltr'><strong>nos</strong></span> <span class='ocrx_word' id='word_1_141' title='bbox 625 2815 771 2874; x_wconf 90' lang='lat' dir='ltr'><strong>tnmnltns</strong></span> <span class='ocrx_word' id='word_1_142' title='bbox 781 2817 973 2874; x_wconf 84' lang='lat' dir='ltr'><strong>concitarent:</strong></span> <span class='ocrx_word' id='word_1_143' title='bbox 1027 2815 1125 2872; x_wconf 82' lang='lat' dir='ltr'><strong>omnia</strong></span> <span class='ocrx_word' id='word_1_144' title='bbox 1149 2833 1211 2872; x_wconf 87' lang='lat' dir='ltr'><strong>esse</strong></span> <span class='ocrx_word' id='word_1_145' title='bbox 1239 2813 1385 2871; x_wconf 83' lang='lat' dir='ltr'><strong>facturum</strong></span> <span class='ocrx_word' id='word_1_146' title='bbox 1413 2832 1478 2889; x_wconf 76' lang='lat' dir='ltr'><strong>queo</strong></span> <span class='ocrx_word' id='word_1_147' title='bbox 1505 2832 1555 2871; x_wconf 89' lang='lat' dir='ltr'><strong>ro-</strong></span> 
     </span>
     <span class='ocr_line' id='line_1_19' title="bbox 452 2893 1429 2970; baseline 0.005 -23"><span class='ocrx_word' id='word_1_148' title='bbox 452 2894 622 2950; x_wconf 81' lang='lat' dir='ltr'><strong>nominetim</strong></span> <span class='ocrx_word' id='word_1_149' title='bbox 659 2895 695 2952; x_wconf 85' lang='lat' dir='ltr'><strong>ad</strong></span> <span class='ocrx_word' id='word_1_150' title='bbox 733 2896 899 2961; x_wconf 68' lang='lat' dir='ltr'><strong>Larissaeon</strong></span> <span class='ocrx_word' id='word_1_151' title='bbox 940 2893 977 2952; x_wconf 82' lang='lat' dir='ltr'><strong>ed</strong></span> <span class='ocrx_word' id='word_1_152' title='bbox 1027 2914 1139 2970; x_wconf 79' lang='lat' dir='ltr'><strong>gemus.</strong></span> <span class='ocrx_word' id='word_1_153' title='bbox 1426 2905 1429 2910; x_wconf 87' lang='grc'><strong>’</strong></span> 
     </span>
     <span class='ocr_line' id='line_1_20' title="bbox 454 2971 977 3042; baseline 0.006 -14"><span class='ocrx_word' id='word_1_154' title='bbox 454 2971 733 3042; x_wconf 81' lang='lat' dir='ltr'><strong>Thessalonicenses,</strong></span> <span class='ocrx_word' id='word_1_155' title='bbox 752 2975 788 3032; x_wconf 86' lang='lat' dir='ltr'><strong>ad</strong></span> <span class='ocrx_word' id='word_1_156' title='bbox 811 2974 977 3033; x_wconf 81' lang='lat' dir='ltr'><strong>Athenien-</strong></span> 
     </span>
    </p>
   </div>
   <div class='ocr_carea' id='block_1_4' title="bbox 821 3190 1188 3242">
    <p class='ocr_par' dir='ltr' id='par_1_4' title="bbox 821 3190 1188 3242">
     <span class='ocr_line' id='line_1_21' title="bbox 821 3190 1188 3242; baseline -0.011 -16"><span class='ocrx_word' id='word_1_157' title='bbox 821 3190 1188 3242; x_wconf 49' lang='grc' dir='ltr'>...φ-...-</span> 
     </span>
    </p>
   </div>
   <div class='ocr_carea' id='block_1_5' title="bbox 863 3396 1142 3471">
    <p class='ocr_par' dir='ltr' id='par_1_5' title="bbox 863 3396 1142 3471">
     <span class='ocr_line' id='line_1_22' title="bbox 863 3396 1142 3471; baseline -0.004 -11"><span class='ocrx_word' id='word_1_158' title='bbox 863 3398 915 3460; x_wconf 80' lang='lat' dir='ltr'><strong>Eo</strong></span> <span class='ocrx_word' id='word_1_159' title='bbox 928 3397 1026 3461; x_wconf 76' lang='lat' dir='ltr'><strong>eodem</strong></span> <span class='ocrx_word' id='word_1_160' title='bbox 1042 3396 1142 3471; x_wconf 75' lang='lat' dir='ltr'><strong>Libro.</strong></span> 
     </span>
    </p>
   </div>
   <div class='ocr_carea' id='block_1_6' title="bbox 1569 3473 1610 3531">
    <p class='ocr_par' dir='ltr' id='par_1_6' title="bbox 1569 3473 1610 3531">
     <span class='ocr_line' id='line_1_23' title="bbox 1569 3473 1610 3531; baseline 0 0"><span class='ocrx_word' id='word_1_161' title='bbox 1569 3473 1610 3531; x_wconf 56' lang='grc' dir='ltr'><strong>τε</strong></span> 
     </span>
    </p>
   </div>
   <div class='ocr_carea' id='block_1_7' title="bbox 511 3567 1557 3675">
    <p class='ocr_par' dir='ltr' id='par_1_7' title="bbox 511 3567 1557 3675">
     <span class='ocr_line' id='line_1_24' title="bbox 511 3567 1557 3675; baseline 0.006 -29"><span class='ocrx_word' id='word_1_162' title='bbox 511 3570 591 3646; x_wconf 80' lang='grc' dir='ltr'><strong>Οὐκ</strong></span> <span class='ocrx_word' id='word_1_163' title='bbox 614 3567 724 3665; x_wconf 78' lang='grc' dir='ltr'>ε’σμέν</span> <span class='ocrx_word' id='word_1_164' title='bbox 749 3570 862 3646; x_wconf 87' lang='grc' dir='ltr'>λίθων</span> <span class='ocrx_word' id='word_1_165' title='bbox 886 3569 1050 3664; x_wconf 85' lang='grc' dir='ltr'>οὐδεμίαν</span> <span class='ocrx_word' id='word_1_166' title='bbox 1074 3568 1248 3667; x_wconf 81' lang='grc' dir='ltr'>αἴσθησιν</span> <span class='ocrx_word' id='word_1_167' title='bbox 1272 3569 1427 3675; x_wconf 82' lang='grc' dir='ltr'>ἐχόντων</span> <span class='ocrx_word' id='word_1_168' title='bbox 1449 3579 1557 3675; x_wconf 86' lang='grc' dir='ltr'>θερα-</span> 
     </span>
    </p>
   </div>
   <div class='ocr_carea' id='block_1_8' title="bbox 455 3698 1558 3809">
    <p class='ocr_par' dir='ltr' id='par_1_8' title="bbox 455 3698 1558 3809">
     <span class='ocr_line' id='line_1_25' title="bbox 455 3698 1558 3809; baseline 0.008 -30"><span class='ocrx_word' id='word_1_169' title='bbox 455 3704 592 3796; x_wconf 75' lang='grc' dir='ltr'>πευταὶ,</span> <span class='ocrx_word' id='word_1_170' title='bbox 622 3701 724 3778; x_wconf 83' lang='grc' dir='ltr'>ἀλλὰ</span> <span class='ocrx_word' id='word_1_171' title='bbox 752 3698 863 3798; x_wconf 82' lang='grc' dir='ltr'>μόνον</span> <span class='ocrx_word' id='word_1_172' title='bbox 892 3706 997 3797; x_wconf 82' lang='grc' dir='ltr'>Θεοῦ,</span> <span class='ocrx_word' id='word_1_173' title='bbox 1025 3712 1089 3782; x_wconf 83' lang='grc' dir='ltr'><strong>τοῦ</strong></span> <span class='ocrx_word' id='word_1_174' title='bbox 1118 3706 1189 3809; x_wconf 81' lang='grc' dir='ltr'><strong>πρὸ</strong></span> <span class='ocrx_word' id='word_1_175' title='bbox 1218 3708 1379 3805; x_wconf 88' lang='grc' dir='ltr'>πάντων,</span> <span class='ocrx_word' id='word_1_176' title='bbox 1409 3710 1467 3785; x_wconf 77' lang='grc' dir='ltr'><strong>καὶ</strong></span> <span class='ocrx_word' id='word_1_177' title='bbox 1497 3710 1558 3789; x_wconf 81' lang='grc' dir='ltr'><strong>ἐπὶ</strong></span> 
     </span>
    </p>
   </div>
   <div class='ocr_carea' id='block_1_9' title="bbox 455 3834 1609 4287">
    <p class='ocr_par' dir='ltr' id='par_1_9' title="bbox 455 3834 1609 4287">
     <span class='ocr_line' id='line_1_26' title="bbox 455 3834 1558 3942; baseline 0.011 -28"><span class='ocrx_word' id='word_1_178' title='bbox 455 3834 615 3914; x_wconf 75' lang='grc' dir='ltr'>πάντων·</span> <span class='ocrx_word' id='word_1_179' title='bbox 659 3837 718 3913; x_wconf 74' lang='grc' dir='ltr'><strong>καὶ</strong></span> <span class='ocrx_word' id='word_1_180' title='bbox 758 3837 817 3913; x_wconf 71' lang='grc' dir='ltr'><strong>ἐπὶ</strong></span> <span class='ocrx_word' id='word_1_181' title='bbox 861 3855 971 3928; x_wconf 81' lang='lat' dir='ltr'><strong>(forsan</strong></span> <span class='ocrx_word' id='word_1_182' title='bbox 995 3855 1150 3933; x_wconf 85' lang='lat' dir='ltr'><strong>legendum</strong></span> <span class='ocrx_word' id='word_1_183' title='bbox 1176 3842 1239 3942; x_wconf 64' lang='grc' dir='ltr'>ἔτι)</span> <span class='ocrx_word' id='word_1_184' title='bbox 1283 3850 1347 3924; x_wconf 78' lang='grc' dir='ltr'><strong>7οὓ</strong></span> <span class='ocrx_word' id='word_1_185' title='bbox 1389 3846 1558 3942; x_wconf 63' lang='grc' dir='ltr'>Χριστοῦ</span> 
     </span>
     <span class='ocr_line' id='line_1_27' title="bbox 456 3969 1554 4077; baseline 0.006 -29"><span class='ocrx_word' id='word_1_186' title='bbox 456 3972 564 4049; x_wconf 82' lang='grc' dir='ltr'>αὐτοῦ</span> <span class='ocrx_word' id='word_1_187' title='bbox 586 3969 687 4052; x_wconf 83' lang='grc' dir='ltr'>ὄντος</span> <span class='ocrx_word' id='word_1_188' title='bbox 706 3975 801 4049; x_wconf 84' lang='grc' dir='ltr'>Θεοῦ</span> <span class='ocrx_word' id='word_1_189' title='bbox 816 3969 938 4070; x_wconf 82' lang='grc' dir='ltr'>Λόγου</span> <span class='ocrx_word' id='word_1_190' title='bbox 956 3970 1028 4073; x_wconf 79' lang='grc' dir='ltr'><strong>πρὸ</strong></span> <span class='ocrx_word' id='word_1_191' title='bbox 1042 3974 1179 4055; x_wconf 78' lang='grc' dir='ltr'>αἰώνων</span> <span class='ocrx_word' id='word_1_192' title='bbox 1197 3976 1307 4074; x_wconf 77' lang='grc' dir='ltr'>ἐσμὲν</span> <span class='ocrx_word' id='word_1_193' title='bbox 1324 3978 1554 4077; x_wconf 80' lang='grc' dir='ltr'>θμησκενταί.</span> 
     </span>
     <span class='ocr_line' id='line_1_28' title="bbox 456 4105 1609 4191; baseline 0.008 -27"><span class='ocrx_word' id='word_1_194' title='bbox 456 4105 632 4164; x_wconf 82' lang='lat' dir='ltr'><strong>Afferuntur</strong></span> <span class='ocrx_word' id='word_1_195' title='bbox 652 4105 714 4162; x_wconf 80' lang='lat' dir='ltr'><strong>haec</strong></span> <span class='ocrx_word' id='word_1_196' title='bbox 732 4105 768 4162; x_wconf 76' lang='lat' dir='ltr'><strong>ab</strong></span> <span class='ocrx_word' id='word_1_197' title='bbox 789 4106 917 4163; x_wconf 85' lang='lat' dir='ltr'><strong>Auctore</strong></span> <span class='ocrx_word' id='word_1_198' title='bbox 940 4107 1072 4164; x_wconf 71' lang='lat' dir='ltr'><strong>chronici</strong></span> <span class='ocrx_word' id='word_1_199' title='bbox 1092 4110 1258 4176; x_wconf 80' lang='lat' dir='ltr'><strong>Poscholie,</strong></span> <span class='ocrx_word' id='word_1_200' title='bbox 1280 4131 1332 4169; x_wconf 84' lang='lat' dir='ltr'><strong>seu</strong></span> <span class='ocrx_word' id='word_1_201' title='bbox 1354 4109 1557 4179; x_wconf 72' lang='lat' dir='ltr'><strong>Alexandrini.</strong></span> <span class='ocrx_word' id='word_1_202' title='bbox 1570 4134 1586 4173; x_wconf 88' lang='lat'><em>2</em></span> <span class='ocrx_word' id='word_1_203' title='bbox 1590 4131 1609 4191; x_wconf 82' lang='lat'><strong>5</strong></span> 
     </span>
     <span class='ocr_line' id='line_1_29' title="bbox 455 4208 1166 4287; baseline 0.004 -22"><span class='ocrx_word' id='word_1_204' title='bbox 455 4229 486 4287; x_wconf 85' lang='lat' dir='ltr'><strong>p.</strong></span> <span class='ocrx_word' id='word_1_205' title='bbox 504 4228 571 4285; x_wconf 83' lang='lat'><strong>259.</strong></span> <span class='ocrx_word' id='word_1_206' title='bbox 587 4208 633 4266; x_wconf 91' lang='lat' dir='ltr'><strong>ed.</strong></span> <span class='ocrx_word' id='word_1_207' title='bbox 651 4209 807 4285; x_wconf 85' lang='lat' dir='ltr'><strong>Ducangii,</strong></span> <span class='ocrx_word' id='word_1_208' title='bbox 822 4229 851 4286; x_wconf 83' lang='lat' dir='ltr'><strong>p.</strong></span> <span class='ocrx_word' id='word_1_209' title='bbox 862 4211 932 4282; x_wconf 82' lang='lat'><strong>483.</strong></span> <span class='ocrx_word' id='word_1_210' title='bbox 948 4209 994 4267; x_wconf 88' lang='lat' dir='ltr'><strong>ed.</strong></span> <span class='ocrx_word' id='word_1_211' title='bbox 1010 4210 1166 4271; x_wconf 87' lang='lat' dir='ltr'><strong>Dindorfii.</strong></span> 
     </span>
    </p>
   </div>
   <div class='ocr_carea' id='block_1_10' title="bbox 770 4367 1244 4451">
    <p class='ocr_par' dir='ltr' id='par_1_10' title="bbox 770 4367 1244 4451">
     <span class='ocr_line' id='line_1_30' title="bbox 770 4367 1244 4451; baseline 0.011 -24"><span class='ocrx_word' id='word_1_212' title='bbox 770 4372 933 4449; x_wconf 78' lang='lat' dir='ltr'><strong>Interprelc</strong></span> <span class='ocrx_word' id='word_1_213' title='bbox 949 4367 1038 4431; x_wconf 78' lang='lat' dir='ltr'><strong>Petro</strong></span> <span class='ocrx_word' id='word_1_214' title='bbox 1053 4375 1244 4451; x_wconf 73' lang='lat' dir='ltr'><strong>Wesselinqio.</strong></span> 
     </span>
    </p>
   </div>
   <div class='ocr_carea' id='block_1_11' title="bbox 458 4497 1611 4738">
    <p class='ocr_par' dir='ltr' id='par_1_11' title="bbox 458 4497 1611 4738">
     <span class='ocr_line' id='line_1_31' title="bbox 499 4497 1558 4583; baseline 0.012 -30"><span class='ocrx_word' id='word_1_215' title='bbox 499 4497 569 4553; x_wconf 95' lang='lat' dir='ltr'><strong>Non</strong></span> <span class='ocrx_word' id='word_1_216' title='bbox 585 4519 684 4556; x_wconf 86' lang='lat' dir='ltr'><strong>snmus</strong></span> <span class='ocrx_word' id='word_1_217' title='bbox 703 4500 829 4557; x_wconf 85' lang='lat' dir='ltr'><strong>cultores</strong></span> <span class='ocrx_word' id='word_1_218' title='bbox 849 4501 980 4579; x_wconf 86' lang='lat' dir='ltr'><strong>lapidum</strong></span> <span class='ocrx_word' id='word_1_219' title='bbox 1031 4505 1146 4572; x_wconf 84' lang='lat' dir='ltr'><strong>omnin;</strong></span> <span class='ocrx_word' id='word_1_220' title='bbox 1163 4518 1193 4563; x_wconf 85' lang='lat' dir='ltr'><strong>et</strong></span> <span class='ocrx_word' id='word_1_221' title='bbox 1205 4517 1344 4583; x_wconf 81' lang='lat' dir='ltr'><strong>praeteree</strong></span> <span class='ocrx_word' id='word_1_222' title='bbox 1358 4506 1466 4565; x_wconf 88' lang='lat' dir='ltr'><strong>Christi</strong></span> <span class='ocrx_word' id='word_1_223' title='bbox 1482 4508 1558 4583; x_wconf 86' lang='lat' dir='ltr'><strong>ejus,</strong></span> 
     </span>
     <span class='ocr_line' id='line_1_32' title="bbox 458 4578 1558 4652; baseline 0.011 -19"><span class='ocrx_word' id='word_1_224' title='bbox 458 4595 543 4633; x_wconf 83' lang='lat' dir='ltr'><strong>sensu</strong></span> <span class='ocrx_word' id='word_1_225' title='bbox 558 4578 636 4632; x_wconf 90' lang='lat' dir='ltr'><strong>ornni</strong></span> <span class='ocrx_word' id='word_1_226' title='bbox 648 4580 818 4648; x_wconf 79' lang='lat' dir='ltr'><strong>carentium,</strong></span> <span class='ocrx_word' id='word_1_227' title='bbox 828 4581 879 4637; x_wconf 79' lang='lat' dir='ltr'><strong>sed</strong></span> <span class='ocrx_word' id='word_1_228' title='bbox 891 4580 981 4639; x_wconf 83' lang='lat' dir='ltr'><strong>solius</strong></span> <span class='ocrx_word' id='word_1_229' title='bbox 1032 4603 1099 4641; x_wconf 91' lang='lat' dir='ltr'><strong>vere</strong></span> <span class='ocrx_word' id='word_1_230' title='bbox 1115 4584 1171 4640; x_wconf 92' lang='lat' dir='ltr'><strong>Dei</strong></span> <span class='ocrx_word' id='word_1_231' title='bbox 1187 4585 1279 4644; x_wconf 87' lang='lat' dir='ltr'><strong>Verbi</strong></span> <span class='ocrx_word' id='word_1_232' title='bbox 1293 4599 1362 4645; x_wconf 80' lang='lat' dir='ltr'><strong>ante</strong></span> <span class='ocrx_word' id='word_1_233' title='bbox 1376 4585 1482 4652; x_wconf 80' lang='lat' dir='ltr'><strong>secula,</strong></span> <span class='ocrx_word' id='word_1_234' title='bbox 1494 4587 1558 4645; x_wconf 90' lang='lat' dir='ltr'><strong>cnl-</strong></span> 
     </span>
     <span class='ocr_line' id='line_1_33' title="bbox 458 4655 1611 4738; baseline 0.017 -28"><span class='ocrx_word' id='word_1_235' title='bbox 458 4655 526 4722; x_wconf 88' lang='lat' dir='ltr'><strong>Dei,</strong></span> <span class='ocrx_word' id='word_1_236' title='bbox 548 4656 599 4731; x_wconf 89' lang='lat' dir='ltr'><strong>qni</strong></span> <span class='ocrx_word' id='word_1_237' title='bbox 620 4667 687 4714; x_wconf 85' lang='lat' dir='ltr'><strong>ante</strong></span> <span class='ocrx_word' id='word_1_238' title='bbox 708 4659 814 4723; x_wconf 82' lang='lat' dir='ltr'><strong>omnia,</strong></span> <span class='ocrx_word' id='word_1_239' title='bbox 840 4670 870 4716; x_wconf 93' lang='lat' dir='ltr'><strong>et</strong></span> <span class='ocrx_word' id='word_1_240' title='bbox 894 4680 981 4737; x_wconf 87' lang='lat' dir='ltr'><strong>super</strong></span> <span class='ocrx_word' id='word_1_241' title='bbox 1032 4672 1110 4722; x_wconf 88' lang='lat' dir='ltr'><strong>tores</strong></span> <span class='ocrx_word' id='word_1_242' title='bbox 1124 4683 1234 4722; x_wconf 87' lang='lat' dir='ltr'><strong>sumus.</strong></span> <span class='ocrx_word' id='word_1_243' title='bbox 1567 4682 1611 4738; x_wconf 72' lang='lat'><strong>30</strong></span> 
     </span>
    </p>
   </div>
   <div class='ocr_carea' id='block_1_12' title="bbox 0 0 1917 5650">
    <p class='ocr_par' dir='ltr' id='par_1_12' title="bbox 0 0 1917 5650">
     <span class='ocr_line' id='line_1_34' title="bbox 0 0 1917 5650; baseline 0 0"><span class='ocrx_word' id='word_1_244' title='bbox 0 0 1917 5650; x_wconf 95' lang='lat' dir='ltr'><strong> </strong></span> 
     </span>
    </p>
   </div>
  </div>
 </body>
</html>
