3809 5650
481 669 503 728 8
815 666 1058 748 RELIQUIAE
1082 668 1252 734 SAORAE.

478 825 579 926 παρὰ
592 834 656 905 τοῦ
673 828 867 930 Κνρίοντῇ
885 828 1007 907 πίστει
1026 829 1226 926 δεδομένας,
1240 831 1299 906 καὶ
1312 830 1372 907 ἀπ’
1388 829 1497 926 αὐτῆς
1509 862 1582 907 πα-

478 961 714 1063 ραγινομένας
739 967 802 1061 τῆς
827 966 1007 1063 ἀληθείας.
1069 970 1097 1042 εί
1122 965 1165 1043 δέ
1182 998 1254 1043 που
1277 967 1334 1042 καὶ
1351 977 1581 1066 παρηκολου-

479 1096 596 1195 θηκώς
608 1130 661 1179 τις
671 1103 745 1179 τοῖς
755 1097 1016 1198 πρεσβυτέροις
1028 1097 1137 1193 ἔλθοι,
1149 1096 1232 1181 τοὺς
1244 1105 1317 1176 τῶν
1328 1100 1586 1202 πρεσβυτέρων

478 1228 660 1332 ἀνέκρινον
684 1228 828 1331 λόγους·
859 1232 897 1309 τί
911 1230 1094 1333 Ἀνδρέας,
1114 1229 1137 1331 ἢ
1156 1233 1194 1310 τί
1211 1233 1349 1334 Πέτρος
1368 1229 1477 1312 εἶπεν·
1508 1232 1530 1332 ἢ
1550 1237 1589 1312 τί

479 1367 674 1448 Φίλιππος·
706 1363 729 1464 ἢ
757 1366 796 1443 τί
821 1371 969 1463 Θωμᾶς,
994 1363 1219 1464 ἢἸοίκωβος·
1255 1364 1278 1466 ἢ
1303 1368 1342 1446 τί
1355 1368 1534 1469 Ἰωάννης,
1560 1367 1609 1468 ἢ5

480 1505 682 1582 Ματθαΐος·
709 1497 731 1598 ἢ
755 1503 809 1584 τίς
831 1501 948 1602 ἕτερος
973 1506 1045 1580 τῶν
1065 1509 1130 1580 τοῦ
1156 1501 1292 1603 Κυρίου
1314 1509 1493 1603 μαθητῶν·
1521 1502 1583 1584 ἅτε

478 1634 674 1736 Ἀριστίων
700 1637 758 1713 καὶ
789 1636 809 1714 ὁ
836 1635 1083 1739 πρεσβύτερος
1100 1634 1278 1734 Ἰωάννης,
1298 1642 1332 1714 οἱ
1364 1645 1428 1716 τοῦ
1449 1640 1584 1740 Κυρίου

477 1771 634 1868 μαθηταὶ
653 1768 837 1869 λέγουσιν.
870 1773 911 1850 οὐ
929 1770 1003 1874 γὰρ
1021 1770 1067 1850 τὰ
1084 1774 1123 1850 ἐκ
1141 1778 1213 1850 τῶν
1231 1773 1389 1866 βιβλίων
1407 1773 1584 1854 τοσοῦτόν

477 1938 522 1999 με
545 1906 700 2008 ὠφελεῖν
725 1904 995 2004 ὑπελάμβανον,
1016 1906 1108 1985 ὅσον
1129 1904 1176 1985 τὰ
1195 1904 1295 2007 παρὰ
1320 1905 1437 2008 ζώσης
1460 1913 1583 2013 φωνῆς

354 2106 356 2110 .
478 2042 536 2117 καὶ
554 2037 741 2136 μενούσης.
784 2057 895 2116 attunt
914 2059 977 2117 naee
996 2058 1142 2118 naseam
1158 2058 1189 2115 in
1202 2058 1251 2116 na.
1267 2058 1308 2114 ιο.
1325 2058 1405 2116 σοι.
1422 2059 1503 2120 σοι.
1519 2081 1580 2139 cap.
1593 2085 1630 2126 10

478 2173 535 2232 ult.

478 2302 549 2370 dita,
564 2311 595 2360 et
609 2301 645 2359 ab
659 2301 722 2379 ipsa
736 2299 859 2357 veritate
874 2298 1005 2377 profecta
1056 2299 1228 2364 Maohaeus,
1252 2298 1323 2376 quid
1349 2299 1436 2358 ceteri
1461 2298 1582 2358 Domini

479 2382 686 2440 memorabant.
729 2378 818 2451 Quod
835 2378 941 2457 siquis
959 2378 1005 2437 in·
1055 2378 1191 2456 discipuli
1218 2378 1314 2437 dioere
1349 2378 1427 2437 soliti
1463 2390 1578 2439 essent:

478 2460 593 2520 tendum
609 2460 681 2518 mihi
691 2459 861 2518 occurrebat
872 2458 923 2536 qui
937 2478 1004 2517 oum
1055 2458 1194 2534 quidnam
1223 2458 1367 2528 Aristion,
1393 2470 1423 2518 et
1450 2460 1582 2519 Joannes

479 2539 647 2600 Senioribus
671 2549 801 2598 versatus
828 2539 940 2607 fuisset,
968 2557 1005 2597 ex
1057 2538 1223 2616 Presbyter,
1271 2538 1408 2617 discipuli
1461 2539 1628 2622 Domini15

478 2641 514 2679 eo
540 2620 654 2679 curiose
681 2619 847 2678 sciscitabar
870 2638 1003 2695 quamam
1055 2617 1255 2754 praedicarent.
1299 2620 1406 2696 Neque
1434 2621 1511 2678 enim
1544 2640 1581 2678 ex

478 2710 575 2759 essent
603 2699 758 2759 Seniorum
786 2698 887 2759 diotaz
923 2697 1006 2770 Quid
1067 2696 1194 2757 ibrorum
1226 2698 1352 2757 lectione
1386 2709 1497 2758 tantam
1534 2719 1582 2758 me

478 2778 622 2847 Andreas,
658 2778 729 2858 quid
776 2778 892 2846 Petrus,
933 2777 1004 2856 quid
1055 2777 1213 2837 utilitatem
1241 2798 1343 2859 capere
1371 2800 1455 2858 posse
1482 2780 1580 2840 existi·

479 2860 644 2941 Philippus,
673 2858 745 2938 quid
771 2860 904 2925 Thomas,
933 2858 1004 2938 quid
1053 2859 1177 2925 mabam,
1202 2872 1339 2937 quantam
1367 2880 1402 2919 ex
1430 2861 1580 2919 bominum

477 2940 614 3009 Jacobns,
642 2940 714 3019 quid
744 2940 903 3006 Jobannes,
932 2938 1004 3016 quid
1054 2939 1149 2998 adhuc
1162 2941 1352 3018 superstitum
1368 2941 1433 2999 viva
1447 2962 1526 3001 voce.
1592 2967 1631 3006 20

844 3098 1216 3130 ...Φ-...-

1004 3215 1055 3285 ΙΙ.

748 3345 806 3407 Ex
822 3344 905 3407 libro
914 3348 1027 3427 primo
1041 3345 1181 3428 ejusdem
1199 3348 1320 3426 Operis

532 3462 684 3548 -Τοὺς
698 3461 790 3540 κατὰ
808 3461 903 3540 Θεὸν
916 3462 1066 3540 ἀκακίαν
1085 3464 1285 3546 ἀσκοῦντας
1303 3469 1433 3548 παῖδας
1453 3482 1581 3546 ἐκάλουν

480 3591 579 3669 (primi
595 3590 779 3663 Christiani),
795 3588 834 3653 ὥς
848 3589 897 3651 καὶ
912 3587 1035 3653 Παπίας
1049 3592 1139 3667 δηλοῖ
1150 3591 1265 3674 βιβλίῳ
1279 3592 1383 3676 πρώτῳ
1398 3598 1457 3655 τῶν
1472 3597 1580 3673 Κυρια-

478 3690 538 3749 κῶν
551 3684 754 3767 Ἐξηγήσεων,
776 3689 824 3751 καὶ
844 3688 969 3769 Κλήμης
991 3688 1238 3771 δἈλεξονδρεὺς
1260 3694 1294 3755 ἑν
1315 3697 1356 3778 τῷ
1379 3698 1578 3781 Παιδαγωγῷ.
1591 3718 1606 3757 2
1610 3716 1627 3775 5

480 3789 568 3860 (Cum
581 3787 686 3866 passini
698 3797 761 3845 tum
773 3791 922 3867 speciatim
935 3791 1010 3849 libro
1018 3791 1121 3867 primo.
1144 3793 1322 3853 Conferend.
1332 3806 1362 3854 et
1375 3798 1407 3854 S.
1418 3798 1491 3855 Mat.
1498 3799 1579 3857 xviii.

478 3900 507 3960 5.
522 3884 582 3943 xix.
596 3887 658 3962 14.)
701 3886 771 3944 Haec
784 3898 884 3946 extant
897 3888 928 3945 in
943 3888 1067 3946 Maximi
1082 3888 1264 3949 confessoris
1280 3892 1404 3951 Soboliis
1426 3894 1456 3951 ιἰι
1476 3895 1578 3953 librum

480 3982 526 4039 De
551 3981 664 4040 Coelerti
687 3981 868 4044 Hierarolria
890 3985 923 4044 S.
939 3985 1081 4065 Dionysio
1094 3985 1197 4062 Ανοορ,
1219 3988 1406 4067 ademptam,
1425 4011 1488 4070 oap.
1505 3993 1535 4051 ii.
1549 4013 1578 4073 p.

477 4095 527 4152 ³²·
543 4080 590 4138 ed.
606 4078 751 4138 corderii.

810 4262 974 4341 Interprete
987 4262 1088 4322 Rama.
1106 4264 1252 4326 corderio.
1589 4305 1629 4361 30

478 4464 485 4478 ι
516 4385 621 4445 —Eos
644 4390 694 4465 qui
719 4390 878 4449 seeundum
903 4393 1000 4451 Deum
1052 4394 1133 4447 clarat
1161 4394 1230 4449 libro
1260 4395 1347 4465 primo
1375 4395 1577 4450 Dominicmnm

476 4467 672 4524 innocentiam
709 4481 867 4539 sectantur,
896 4493 1002 4550 pucros
1052 4478 1266 4550 Expositionum,
1279 4488 1306 4533 et
1321 4479 1445 4535 Clemens
1461 4482 1577 4536 Alexan·

476 4544 670 4623 appellabant,
692 4558 761 4613 sicut
784 4567 811 4612 et
835 4559 930 4630 Papias
955 4563 1000 4617 do·
1051 4561 1145 4620 drinus
1157 4565 1185 4619 in
1199 4563 1359 4635 Padagogo·
