3809 5650
397 603 442 667 30
772 602 1125 670 ANNOTATIONES
1225 601 1227 605 ⁴

397 771 481 838 cium
506 770 567 855 piis
591 769 757 854 doctisque
783 768 958 856 Theologis
983 769 1146 855 relinquo;
1179 770 1292 835 modus
1316 765 1501 835 certe'eani

397 872 594 957 proponendi
620 893 640 935 a
669 871 853 936 charactere
879 872 1037 935 dictorum
1062 870 1191 948 (lhristi,
1215 892 1287 956 quse
1315 868 1374 936 IV.
1395 871 1504 936 Evan-

396 972 519 1058 gelistae
533 972 768 1056 consignarunt,
781 973 862 1035 adeo
876 972 1018 1036 diversus
1030 978 1088 1049 est,
1098 979 1136 1036 ut
1150 972 1203 1035 vix
1217 972 1294 1035 mihi
1308 973 1501 1057 persuadere

397 1095 522 1158 queam,
552 1073 655 1138 altera
683 1072 738 1135 illa
770 1094 811 1135 ex
845 1094 900 1136 ore
935 1072 1114 1137 Servatoris
1148 1071 1250 1138 nostri
1284 1095 1501 1158 promanasse.

398 1175 547 1238 Garama.
607 1172 723 1237 Omnia
750 1173 819 1236 haec
848 1195 905 1257 per
932 1173 1117 1258 allegoriam
1146 1173 1233 1238 dicta
1264 1174 1371 1252 luisse,
1400 1181 1500 1258 atque
1582 1242 1586 1252 ¹

396 1283 567 1361 propterea
587 1274 651 1338 alio
673 1295 768 1337 sensa
789 1273 1032 1360 interpretanda
1054 1297 1132 1354 esse,
1156 1297 1252 1359 quam
1275 1274 1373 1339 rerba
1394 1274 1501 1359 primo

397 1376 465 1439 visu
480 1374 662 1451 ostendunt,
678 1373 792 1437 saltem
805 1373 921 1437 saecnla
934 1376 1100 1458 sequentia
1115 1376 1265 1454 ecclesiae,
1276 1377 1371 1460 idque
1385 1378 1500 1440 contra

397 1476 577 1551 (lhiliastas,
593 1474 799 1559 proculdubio
813 1475 1012 1549 statuissent,
1029 1499 1087 1540 nec
1101 1477 1237 1541 fortasse
1253 1498 1274 1540 a
1294 1498 1369 1541 vero
1389 1477 1499 1560 hujus-

397 1577 483 1642 modi
508 1575 729 1643 vaticiniorum
753 1598 847 1640 sensu
872 1576 1067 1641 aberrantia.
1113 1578 1169 1641 Ad
1194 1577 1282 1642 dicta
1302 1584 1412 1643 autem
1432 1584 1500 1642 tra·

397 1679 595 1763 ditioresque
617 1678 702 1762 quod
724 1677 843 1742 attinet
868 1677 1008 1742 Senioris
1030 1679 1122 1742 unias
1143 1687 1242 1764 atque
1263 1678 1404 1756 alterins,
1427 1701 1500 1764 quae

397 1781 581 1845 interseruit
602 1781 720 1865 passim
742 1778 829 1864 operi
851 1802 909 1843 suo
933 1782 1087 1858 lrenaeus,
1107 1802 1146 1844 ea
1168 1780 1295 1865 quidem
1318 1779 1441 1866 collegi,
1464 1786 1500 1844 et

397 1903 540 1946 seorsum
553 1888 627 1965 post
647 1880 792 1965 Papiana
811 1880 991 1965 fragmenta
1010 1881 1179 1956 collocavi;
1204 1902 1275 1964 quae
1293 1887 1402 1945 tamen
1423 1901 1500 1964 pars
1575 1931 1578 1935 .

398 1989 488 2047 extet
502 1982 626 2045 illorum
641 1981 674 2044 iu
689 1980 802 2045 irenaei
816 1980 898 2045 libro
909 1991 1035 2067 quarto,
1051 1983 1104 2047 illa
1115 1980 1500 2068 episcopiHierapolitani

397 2083 565 2148 videbatur
588 2103 657 2146 esse
681 2082 840 2146 Tenisouo
865 2084 1102 2171 archiepiscopo
1125 2083 1347 2160 (lautuarensi,
1369 2089 1406 2146 ut
1431 2079 1495 2145 dis·-

397 2184 532 2249 cendum
546 2189 595 2246 est
610 2204 651 2245 ex
666 2182 760 2246 Notis
775 2184 965 2267 quibusdam
979 2187 1021 2250 ad
1035 2187 1153 2251 calcem
1167 2186 1280 2271 positis
1293 2183 1373 2249 tomi
1393 2183 1425 2248 ii.
1445 2183 1498 2246 ed.

396 2293 566 2372 postremae
587 2285 671 2348 Hirr.
691 2285 754 2348 In’t.
782 2286 943 2363 Cariaca,
958 2310 988 2370 p.
1009 2307 1036 2352 1.
1081 2288 1205 2351 Forsan
1228 2309 1303 2351 vero
1326 2286 1409 2350 hauc
1431 2306 1501 2349 am-

396 2387 509 2472 plexus
532 2391 581 2450 est
605 2385 786 2450 Teuisonus
810 2387 989 2471 opinionem
1009 2396 1141 2473 propter
1159 2388 1410 2453 convenientiam
1430 2409 1499 2451 ver·-

396 2489 511 2553 borum
531 2487 709 2572 presbyteri
732 2487 889 2552 Irenoeaui
904 2510 976 2551 cum
997 2488 1107 2573 Papiae
1127 2489 1307 2575 fragmento
1326 2488 1412 2573 apud
1433 2487 1498 2550 Eu-

397 2589 528 2667 sebium,
551 2611 648 2675 quam
674 2589 801 2674 quidem
827 2590 1078 2656 convenientiam
1100 2613 1195 2676 supra
1216 2590 1324 2656 notavi
1345 2613 1419 2675 pag.
1446 2607 1497 2656 22.

398 2691 562 2777 Favetque
576 2691 678 2756 eidem
694 2692 860 2757 sententiae
876 2693 1101 2757 Tenisoniauae
1116 2692 1231 2757 Gavius
1245 2694 1331 2777 ipse;
1355 2693 1497 2757 rationes

396 2802 506 2861 autem
521 2794 635 2881 quibus
649 2796 807 2861 adductus
817 2795 878 2873 ille,
888 2803 926 2861 ut
936 2802 1017 2861 caet
1029 2795 1092 2860 alia
1106 2818 1232 2880 quoque
1241 2795 1325 2880 apud
1338 2796 1497 2859 Ireuaeum

397 2899 471 2963 huic
492 2898 698 2976 adscriberet,
719 2898 827 2963 videas
846 2898 879 2962 in
894 2920 960 2963 cccc
974 2898 1106 2982 Papias.
1152 2897 1364 2960 Nihilominus
1380 2918 1420 2960 ex
1436 2896 1500 2960 Pa-

396 3000 492 3086 piano
507 3001 634 3085 quidem
649 3023 744 3085 opere
761 3001 930 3085 desumpta
948 3021 987 3064 ea
1006 3000 1101 3064 fuisse
1121 3000 1174 3063 vix
1193 2999 1388 3075 crediderim,
1404 3019 1498 3082 prop·

396 3109 487 3166 terea
508 3102 594 3185 quod
623 3102 790 3178 Eusebius,
816 3102 867 3164 cui
896 3101 1017 3187 optime
1046 3106 1160 3166 uotum
1187 3100 1271 3168 idem
1300 3099 1376 3163 illud
1406 3120 1496 3184 opus,

396 3224 512 3266 nomen
526 3202 703 3286 presbyteri
717 3203 759 3267 ab
776 3204 901 3266 Irenaeo
915 3203 1045 3267 adducti
1060 3203 1240 3289 ignoraret:
1270 3201 1497 3282 ὑπομνημάτων,

396 3304 501 3387 inquit
516 3302 683 3375 Eusebiae,
693 3304 894 3366 ἆποσπολικοῦ
904 3329 984 3371 τινος
995 3304 1199 3386 πρεσβυτέρου
1210 3304 1244 3368 οὗ
1259 3305 1388 3383 τοῦνομα
1399 3302 1497 3387 σιωπῇ

397 3403 549 3485 παρέδωκε
565 3402 746 3485 (Irenaeum,
761 3406 938 3484 μνημονεύει
954 3404 1108 3487 ἐξηγήσεις
1119 3431 1153 3470 τε
1167 3407 1256 3470 αὐτοῦ
1270 3406 1358 3468 θείων
1372 3409 1498 3485 γραφῶν

397 3505 598 3583 παρατίθεται.
614 3502 668 3568 lib.
683 3526 713 3567 v.
727 3505 809 3568 Hie.
825 3527 852 3568 c.
866 3507 895 3569 8.
927 3504 973 3570 Et
987 3506 1055 3570 fieri
1071 3514 1188 3592 potest,
1197 3515 1235 3572 ut
1249 3531 1269 3571 a
1283 3507 1354 3571 viva
1368 3512 1496 3569 tautum

397 3628 473 3670 voce
488 3605 598 3673 omnia
608 3614 740 3692 accepta
750 3606 877 3685 suerint,
890 3629 961 3691 quae
975 3609 1110 3693 protulit
1119 3610 1201 3674 libro
1216 3617 1331 3693 quarto
1343 3609 1496 3671 Irenaeus.

398 3711 506 3776 Aliter
530 3734 604 3775 vero
629 3713 669 3776 de
695 3711 734 3774 iis
763 3713 969 3776 statuendum
995 3713 1129 3787 videtur,
1156 3736 1227 3797 quae
1258 3713 1362 3797 capite
1391 3710 1497 3797 quinti

396 3813 470 3878 libri
498 3812 611 3878 ultimo
637 3812 777 3878 Irenaeus
800 3813 916 3898 posuit,
944 3836 1077 3898 quaeque
1100 3814 1242 3899 proxime
1266 3820 1340 3898 post
1363 3834 1423 3897 ego
1445 3834 1498 3875 ex-

396 3915 535 3980 hibenda
556 3914 673 3989 censui,
697 3914 758 3979 etsi
779 3916 848 3979 haec
873 3916 938 3980 sint
959 3938 980 3980 a
1003 3916 1124 3981 Grabio
1149 3923 1247 4000 atque
1270 3913 1437 3979 Gallandio
1462 3912 1496 3975 iu

396 4018 555 4103 Papiocis
570 4017 794 4102 praetermissa.
840 4018 895 4080 Ab
913 4017 982 4102 ipso
1002 4016 1085 4081 enim
1101 4017 1214 4101 Papia,
1230 4038 1292 4080 non
1313 4017 1354 4079 ab
1371 4017 1496 4079 Irenaeo

395 4127 534 4197 tantum,
546 4120 684 4185 seniores
698 4142 755 4184 seu
769 4120 971 4204 presbyteros
985 4119 1107 4203 aliquos
1121 4126 1275 4203 tauquam
1287 4115 1496 4182 traditionum

396 4219 530 4286 istarum
543 4229 691 4286 auctores
705 4221 821 4287 allatos
842 4244 919 4300 esse,
935 4222 1104 4287 manifesto
1123 4222 1224 4306 liquet
1245 4244 1284 4285 ex
1306 4220 1369 4285 alio
1385 4217 1494 4302 Papiae

395 4322 465 4385 loco
494 4323 580 4406 apud
610 4322 784 4386 Eusebium
813 4330 1009 4401 conservato,
1039 4324 1093 4386 nbi
1122 4324 1289 4407 presbyter
1316 4320 1430 4405 aliquis
1452 4318 1495 4382 ab

395 4421 541 4487 antistite
558 4429 669 4485 nostro
692 4423 935 4507 Hierapolitauo
954 4424 1002 4488 ita
1020 4424 1179 4488 adductus
1198 4431 1267 4497 est;
1294 4424 1352 4486 Kal
1371 4425 1457 4484 τοῦτο
1478 4422 1494 4481 ὁ

395 4523 598 4602 πρεσβύτερος
613 4522 710 4603 ἔλεγε·
734 4522 857 4604 Μάρκος
869 4527 926 4604 μὲν
941 4553 967 4588 κ.
983 4550 1008 4588 τ.
1024 4534 1054 4589 λ.
1069 4525 1140 4589 vide
1155 4547 1251 4609 supra
1265 4547 1296 4609 p.
1318 4544 1327 4586 ι
1333 4544 1365 4609 3.
1399 4521 1495 4584 Adde

397 4623 482 4707 quod
496 4623 536 4687 de
551 4622 663 4687 eadem
677 4645 722 4697 re,
735 4623 804 4688 haec
819 4630 869 4690 ost
883 4625 923 4690 de
937 4648 1036 4710 regno
1050 4626 1181 4703 christi,
1192 4626 1262 4691 loca
1276 4626 1372 4690 ambo
1382 4629 1505 4708 agunt„
