3809 5650
806 712 838 775 S.
863 711 1072 775 SERAPIO.
1422 712 1487 774 453

386 870 503 947 αὐτῶν
539 867 754 972 ἐνεφῶλευεν
784 871 822 946 ε’κ
855 877 926 947 τῶν
955 868 1155 972 λεχθέντων
1185 903 1256 965 μοι,
1286 867 1487 946 σπουδάσω

387 1000 499 1081 πάλιν
518 1001 685 1102 γενέσθαι
701 1001 792 1103 πρὸς
818 1004 918 1098 ὑμᾶς.
948 1001 996 1085 ὥς
1023 1037 1061 1081 τε
1085 1006 1237 1106 ἀδελφοὶ
1261 1001 1492 1102 προσδοκᾶτέ

387 1172 431 1235 με
450 1140 488 1216 ἐν
503 1134 614 1239 τάχει.
637 1136 736 1235 ἡμεῖς
750 1136 788 1214 δὲ
807 1139 958 1242 ἀδελφοὶ
977 1136 1263 1236 καταλαβόμενοι
1283 1153 1365 1226 (Ver.
1377 1155 1486 1232 interp.

390 1287 610 1368 κατελάβομεν)
627 1273 749 1354 ὁποίας
768 1269 812 1370 ἦν
831 1272 1000 1372 αἱρέσεως
1023 1273 1043 1350 ὁ
1064 1272 1286 1374 Μαρκιανὸς,
1312 1276 1370 1350 καὶ
1390 1289 1487 1358 (Idem

362 1417 422 1502 585
437 1419 498 1493 καὶ)
514 1407 627 1510 ἑαυτῷ
645 1407 852 1502 ἠναντιοῦτο
870 1404 919 1502 μὴ
939 1412 1030 1483 νοῶν
1048 1403 1217 1499 ἂέλοίλει,
1237 1404 1261 1482 ἃ
1277 1406 1488 1502 μαθήσεσθε

389 1538 432 1643 ἐξ
447 1535 497 1616 ὧν
523 1540 603 1634 ὑμῖν
629 1538 781 1641 ἐγράφη.
812 1534 1027 1636 ἐδυνήθημεν
1054 1536 1127 1639 γὰρ
1154 1540 1238 1640 παρ’
1266 1537 1392 1617 ἄλλων
1417 1546 1489 1618 τῶν

389 1668 631 1769 ἀσκησάντων
653 1668 740 1749 αὐτὸ
765 1678 871 1749 τοῦτο
896 1667 938 1747 rh
964 1670 1183 1771 εὐαγγέλιον,
1202 1672 1366 1750 τοντέστι
1389 1671 1489 1776 παρὰ

390 1812 462 1883 τῶν
490 1803 665 1907 διαδόχων
692 1810 764 1882 τῶν
792 1803 1068 1908 καταρξαμένων
1096 1805 1213 1899 αὐτοῦ,
1237 1804 1298 1888 οὓς
1323 1805 1489 1904 Δοκητδις

390 1945 569 2036 καλοῦμεν
590 1934 741 2044 (καὶγὰρ
760 1933 973 2042 φρονήματα
998 1933 1043 2013 τὰ
1067 1937 1227 2033 πλείονα,
1245 1938 1384 2016 ἐκείνων
1410 1939 1490 2016 ε’στὶ

346 2077 453 2172 ιοτῆς
472 2073 721 2177 διδασκαλίας)
748 2067 969 2174 χρησάμενοι
994 2071 1078 2172 παρ’
1098 2071 1215 2150 αὐτῶν
1241 2075 1401 2149 διελθεῖν·
1431 2073 1490 2149 καὶ

391 2210 501 2311 εὑρεῖν
523 2207 569 2286 τὰ
591 2207 656 2305 μὲν
678 2207 829 2286 πλείονα
850 2213 914 2284 τοῦ
938 2207 1047 2306 ὀρθοῦ
1074 2204 1188 2306 λόγον
1215 2214 1279 2285 τοῦ
1309 2209 1487 2308 Σωτῆρος·

391 2341 470 2421 τινὰ
514 2340 551 2419 δὲ
590 2340 940 2443 προσδιεσταλμὲνα,
978 2335 1001 2416 δι
1037 2343 1094 2418 καὶ
1133 2339 1357 2445 ὑπετάξαμεν
1395 2343 1485 2438 ὑμῖν.

392 2474 506 2533 Attulit
521 2474 667 2532 Eusebius
681 2473 731 2531 lib.
746 2475 781 2529 vi.
798 2475 871 2529 Hor.
886 2493 949 2548 cap.
971 2492 1014 2528 12.

393 2685 499 2742 iterum
514 2681 549 2739 od
564 2701 616 2738 vos
630 2681 726 2738 venire
745 2681 913 2758 properabo.
967 2680 1078 2738 soribus
1116 2702 1216 2738 eorum
1253 2683 1302 2758 qui
1339 2682 1490 2740 Marciano

348 2761 522 2844 15Proinde
548 2761 653 2818 iratres
679 2760 760 2819 brevi
788 2780 835 2818 me
865 2779 916 2818 ex·
967 2760 1153 2839 praeiverunt,
1175 2780 1248 2839 quos
1269 2765 1385 2832 Δοκητὰε
1405 2781 1490 2819 vocs·

394 2853 533 2923 spectate.
583 2842 658 2899 Cum
687 2852 784 2899 sutem
813 2840 915 2919 depre·
967 2860 1032 2898 mus
1059 2842 1181 2920 (quippe
1205 2860 1242 2898 ex
1266 2842 1369 2899 horum
1394 2841 1491 2899 schola

394 2923 543 2983 henderim
559 2922 642 2997 eujus
654 2921 800 3000 opinionis
813 2933 843 2979 et
856 2940 917 2979 seo·
967 2920 1113 2997 pleraeque
1121 2921 1356 2999 illiusopiniones
1365 2921 1489 2995 fluxere)

394 3015 432 3063 tre
446 3003 536 3060 fuerit
551 3003 730 3072 Marcianus,
744 3002 794 3079 qui
813 3012 844 3059 et
863 3000 916 3058 sibi
968 2999 1084 3077 legendi
1099 3001 1209 3082 copiam
1226 3002 1303 3060 nacti
1321 3021 1437 3060 sumus:
1461 3011 1491 3059 et

394 3084 457 3162 ipse
473 3083 654 3161 repugnabat
673 3102 731 3138 non
753 3079 918 3157 intelligens
968 3079 1211 3157 deprehendimus
1226 3080 1318 3139 mults
1328 3081 1445 3157 quidem
1461 3082 1491 3137 in

348 3187 385 3226 20
394 3183 459 3239 quae
474 3162 592 3230 diceret,
603 3163 678 3219 sicut
690 3162 868 3238 eognoscetis
881 3178 918 3216 ex
968 3158 1020 3216 illo
1033 3159 1184 3236 evangelio
1201 3180 1268 3218 cum
1288 3171 1367 3219 recto
1387 3161 1491 3218 Servo·

393 3244 430 3301 iis
443 3262 508 3319 quae
518 3242 554 3300 od
564 3262 615 3299 vos
623 3241 730 3319 scripto
740 3251 818 3298 sunt
842 3239 913 3297 Mu-
970 3239 1042 3296 toris
1055 3240 1147 3296 nostri
1162 3239 1218 3297 tide
1232 3242 1406 3298 consentire:
1420 3260 1492 3297 non.

394 3324 469 3381 tuoti
494 3322 572 3381 enim
599 3320 796 3400 supradictum
826 3339 913 3377 even·
970 3318 1053 3376 nulla
1069 3337 1139 3376 vero
1157 3319 1351 3398 discrepantis
1371 3341 1388 3378 a
1406 3330 1492 3378 rectoe

393 3403 503 3480 gelium
524 3403 560 3459 oh
579 3402 616 3459 iis
637 3402 688 3477 qui
710 3399 784 3458 illud
807 3399 913 3457 didioe·
972 3398 1039 3457 fidei
1057 3399 1169 3457 ratione
1187 3399 1324 3477 adjuncta
1342 3420 1413 3471 esse,
1428 3420 1493 3479 quae

394 3494 459 3540 rant
487 3493 517 3539 et
544 3480 682 3539 continua
709 3479 915 3539 exercitatione
971 3489 1002 3536 et
1016 3488 1110 3537 vestre
1123 3499 1210 3538 conss
1222 3480 1407 3557 subjecimus.

348 3586 383 3643 25
395 3572 587 3627 versaverunt,
608 3562 664 3618 hoc
690 3572 735 3618 est
759 3581 776 3618 α
802 3578 913 3618 sucees-

781 3751 1113 3786 ...Φ-...-

432 3922 549 3976 Socratis
568 3919 687 3973 historici
704 3919 887 3972 testimonium
920 3934 951 3970 ro
968 3925 1041 3970 recta
1059 3918 1251 3971 Senseronrs
1271 3916 1323 3971 fide
1341 3916 1374 3970 de
1394 3916 1495 3971 Christi

394 3993 485 4046 anima
496 3991 629 4051 humana3
649 3987 709 4041 vide
722 4006 803 4056 supra
814 3988 843 4039 in
856 3986 884 4039 S.
898 3935 1115 4041 heonnrnsnrs
1129 3987 1303 4056 Fragmentis,
1315 4005 1343 4057 p.
1358 3985 1417 4040 162.
