3809 5650
597 686 790 752 ANNOTT.
815 685 863 749 ΙΝ
886 685 1034 749 ARIST.
1059 682 1310 749 PELLAEUM.
1458 683 1502 753 99

401 858 548 921 Praxean
579 879 648 941 cap.
671 879 702 940 5.
727 856 851 920 diversa
880 876 1011 939 prorsus
1040 855 1218 919 habentur:
1242 854 1342 917 Aiace
1370 850 1502 938 quiden,

400 959 511 1042 inquit,
541 969 569 1021 ci
600 959 730 1021 Genesin
759 959 794 1020 in
823 955 977 1020 Hebraico
1005 957 1052 1019 ita
1081 956 1237 1040 incipero:
1276 955 1318 1017 In
1341 954 1502 1039 principio

399 1061 484 1123 Dens
503 1061 583 1143 sec-it
611 1059 670 1123 sibi
690 1059 806 1142 filiam.
851 1059 962 1142 Neque
993 1056 1137 1121 Hilarius
1166 1057 1199 1119 in
1223 1055 1316 1120 dictis
1343 1076 1499 1119 commen-

400 1161 491 1224 tariis
514 1160 628 1224 alicubi
652 1161 711 1235 ait,
736 1160 768 1223 in
794 1159 934 1222 Hebraeo
958 1165 1104 1222 exstare:
1134 1158 1170 1220 in
1185 1156 1256 1240 filio
1278 1157 1393 1221 creavit
1414 1158 1501 1221 Dcac

398 1261 504 1323 caloni
524 1272 553 1324 ct
574 1271 711 1333 terream
736 1262 791 1324 sed
814 1262 882 1324 haec
904 1260 1005 1324 solum
1029 1259 1061 1321 iu
1081 1259 1258 1322 Comment.
1275 1258 1316 1320 ad
1333 1258 1451 1320 Psalm.
1471 1277 1499 1322 ο.

399 1362 494 1425 habet
509 1387 516 1424 ε
542 1363 662 1425 Bresiilr
677 1361 797 1425 cetam
811 1361 999 1426 Hebraicnrn
1013 1371 1061 1425 cst.
1108 1360 1150 1424 Id
1159 1370 1217 1423 tres
1230 1360 1453 1444 sipicificontioc
1467 1358 1501 1421 in

398 1485 429 1525 sc
449 1462 544 1539 laba,
560 1464 596 1527 id
615 1474 668 1539 cst,
683 1464 717 1527 in
732 1463 902 1548 pricipio,
918 1473 944 1527 et
965 1463 999 1526 in
1020 1463 1131 1546 capite,
1148 1471 1176 1525 ct
1195 1462 1230 1524 in
1242 1460 1323 1542 silio.
1368 1460 1447 1541 Quae
1463 1465 1499 1523 ut

401 1563 570 1629 Hebraicae
592 1566 707 1649 linguae
730 1566 859 1650 ignarus
885 1564 1023 1649 scripsit,
1049 1563 1190 1626 diversas
1217 1563 1352 1624 Patrum
1377 1561 1501 1646 exposi-

399 1667 503 1730 tiones
528 1689 587 1752 pro
613 1667 744 1730 diversis
769 1666 1052 1752 significationibus
1077 1664 1161 1728 vocis
1185 1663 1307 1727 Brecitli
1332 1665 1499 1748 accipiens.

400 1769 510 1852 Atque
535 1768 703 1852 mysticam
728 1767 823 1831 istam
841 1766 998 1852 principii
1027 1767 1066 1828 de
1094 1764 1177 1827 Filio
1203 1764 1433 1849 expositionem
1457 1765 1499 1828 ab

400 1869 553 1932 Aristone
573 1868 605 1930 in
620 1868 837 1952 disputatione
856 1867 1033 1930 adhibitam
1053 1865 1149 1929 fuisse
1170 1865 1261 1929 saoilo
1281 1867 1395 1930 credo:
1418 1867 1501 1931 sicut

399 1975 432 2032 et
448 1969 593 2033 Clemens
609 1968 845 2032 Alexandrinus
859 1990 897 2030 ex
916 1966 1149 2030 praedicatione
1171 1966 1260 2054 Petri
1280 1969 1413 2031 eandem
1429 1989 1501 2052 pro-

399 2071 483 2146 tulit,
500 2070 590 2156 cujus
610 2070 708 2133 verba
728 2070 800 2132 dedi
823 2069 855 2131 in
879 2069 973 2132 Notis
993 2069 1035 2132 ad
1054 2076 1177 2131 tomum
1195 2070 1220 2130 1.
1246 2067 1404 2153 spicilegii
1427 2090 1499 2154 pag.

398 2174 472 2255 328.
511 2170 672 2247 Basilium,
697 2169 902 2233 Ambrosium
924 2171 1063 2254 aliosque
1087 2168 1279 2234 recentiores
1300 2176 1338 2234 ut
1364 2178 1499 2234 taceam.

401 2276 465 2336 Ast
479 2274 563 2356 quod
579 2273 611 2334 in
628 2273 768 2335 Hebraeo
782 2273 899 2336 lectum
912 2272 1029 2335 fuerit:
1061 2274 1104 2335 In
1112 2271 1188 2356 filio
1207 2272 1293 2335 Doris
1302 2273 1383 2355 fecit
1397 2272 1501 2335 celani

398 2383 425 2436 ct
439 2384 563 2450 terram,
579 2375 626 2437 uti
643 2373 863 2437 Tertullianus
878 2382 910 2436 et
935 2372 1077 2436 Hilarius
1096 2373 1183 2436 haud
1201 2372 1426 2448 effutiverunt;
1453 2373 1501 2438 ita

399 2497 456 2538 nec
471 2477 513 2539 ab
529 2475 684 2539 Aristone
704 2475 834 2547 dictum,
851 2475 906 2538 scd
927 2474 1158 2559 Hieronymum
1173 2476 1206 2538 in
1227 2476 1297 2548 hoc,
1312 2476 1443 2560 perinde
1463 2483 1501 2541 ut

400 2577 558 2660 prioribus
573 2577 697 2641 duobus
711 2577 857 2653 citandis,
873 2576 1033 2640 momoriae
1048 2577 1175 2640 defectu
1189 2584 1246 2641 aut
1261 2577 1358 2640 nimia
1372 2577 1502 2642 festina·

399 2680 487 2743 tione
507 2680 631 2762 lapsum
653 2686 741 2763 puto.
769 2681 918 2744 (inimus.
964 2678 1090 2743 Iudicat
1112 2679 1303 2743 Tertulliani
1326 2679 1407 2743 liber
1428 2679 1499 2743 ado.

399 2781 622 2866 Hmimyenem,
647 2803 716 2866 cap.
740 2800 791 2849 20.
817 2781 993 2866 profectam
1020 2802 1089 2845 esse
1118 2780 1200 2845 hanc
1226 2781 1456 2866 expositionem
1481 2802 1502 2846 a

400 2882 636 2946 Proverbioranc
647 2883 728 2960 loco,
739 2905 809 2968 cap.
822 2883 884 2946 viii.
900 2904 1013 2945 comm.
1028 2900 1077 2948 22.
1092 2882 1146 2945 ubi
1161 2883 1200 2945 de
1212 2905 1245 2946 se
1257 2883 1326 2966 ipsa
1338 2882 1503 2967 Sapientia

400 2983 461 3046 Dei
483 2984 591 3060 habat,
608 2985 694 3047 Dora
708 2984 843 3068 possedit
861 3006 907 3047 nic
928 2984 962 3046 in
984 2983 1074 3046 initio
1096 2984 1219 3046 ciorum
1240 3003 1375 3060 suorum,
1395 2983 1443 3046 vel
1464 2990 1502 3047 ut

401 3084 620 3147 Tertullianus
636 3085 668 3147 in
687 3086 797 3148 eodem
818 3085 898 3148 libro
914 3084 966 3148 hio
986 3091 1019 3147 et
1041 3106 1138 3168 supra
1154 3084 1241 3169 legit,
1261 3086 1347 3148 Deos
1366 3083 1502 3147 nidmu

398 3207 444 3248 nce
459 3187 584 3249 initiunt
598 3187 718 3249 rior-arn
733 3208 868 3249 suomi.
893 3186 986 3248 ldcm
1001 3206 1096 3269 porro
1111 3187 1286 3250 ostendunt
1298 3186 1330 3249 S.
1342 3185 1501 3249 Methodii

400 3287 505 3364 verba,
530 3308 600 3370 quae
623 3296 808 3371 sequuntur,
830 3286 902 3350 'Ori
925 3290 1006 3368 παρὰ
1032 3293 1095 3360 τοῦ,
1116 3285 1172 3351 'Er
1196 3289 1274 3375 ἀρχῇ
1302 3290 1426 3365 ἐποίησε
1447 3288 1501 3352 τὸν

398 3389 529 3468 οὐρανὸν
551 3389 599 3451 καὶ
621 3389 675 3466 τὴν
697 3392 765 3469 γῆν,
788 3389 883 3469 φησὶν
904 3387 1134 3470 (Methodius),
1159 3389 1255 3471 ἀρχὴν
1277 3392 1310 3453 δὲ
1332 3389 1423 3467 αὐτὴν
1448 3388 1502 3467 riyv

399 3491 514 3569 σοφίαν
529 3489 629 3570 λέγων
648 3515 701 3566 τις,
717 3490 770 3552 οὐκ
789 3491 827 3553 ἂν
846 3490 981 3570 ἁμάρτοι,
997 3489 1120 3569 λέγεται
1139 3492 1198 3571 γὰρ
1217 3490 1298 3571 παρά
1317 3515 1375 3554 τινι
1393 3497 1452 3553 τῶν
1468 3491 1502 3553 ἔκ

400 3595 451 3653 τοῦ
467 3592 548 3653 θείου
568 3597 661 3672 χοροῦ
683 3591 819 3673 λέγουσα
838 3592 905 3671 περὶ
928 3592 1016 3668 αὐτῆς
1032 3594 1111 3673 (cor.
1128 3592 1229 3674 αὐτῆς)
1245 3592 1300 3655 τὸν
1313 3593 1423 3674 τρόπον
1437 3595 1502 3655 τοῦ·

399 3715 460 3767 τοο,
479 3693 585 3770 Κύριος
606 3693 707 3754 ἔκτισέ
725 3717 762 3770 με
783 3691 878 3774 ἀρχὴν
898 3694 975 3755 ὁδῶν
990 3692 1090 3768 αὐτοῦ,
1106 3695 1147 3758 εἰς
1169 3692 1243 3775 ἔργα
1262 3694 1360 3767 αὐτοῦ,
1377 3693 1434 3773 πρὸ
1449 3699 1502 3757 rob

398 3793 505 3857 αἰῶνος
521 3792 687 3870 &spellari
700 3818 747 3871 με.
786 3792 945 3856 Methodii
962 3793 1012 3857 Dc
1030 3794 1154 3869 Oroatis,
1170 3815 1202 3877 p.
1214 3810 1288 3877 345.
1304 3794 1353 3857 ed.
1370 3794 1502 3858 Combe

399 3892 469 3955 fisii.
516 3894 578 3956 Sed
594 3893 715 3976 primus
731 3894 880 3971 omnium,
897 3893 984 3976 quod
1005 3894 1112 3970 sciam,
1128 3901 1202 3977 post
1220 3895 1404 3959 Aristonem
1420 3896 1504 3959 hanc

399 3993 566 4076 mysticam
591 3994 888 4079 interpretationem
903 4002 955 4058 tot
975 3994 1182 4079 scriptoribus
1201 3996 1371 4078 probatam
1391 3996 1502 4060 attulit

399 4095 544 4157 Irenaeus
560 4095 612 4157 lib.
625 4095 657 4158 ii.
673 4119 699 4159 c.
710 4116 740 4180 3.
763 4119 794 4180 p.
812 4099 883 4160 118.
905 4097 957 4160 ed.
977 4096 1144 4159 Massueti.
1198 4096 1353 4179 Apertius
1373 4119 1446 4160 vero
1468 4097 1500 4160 id

398 4195 484 4272 fecit,
500 4197 543 4260 ad
559 4197 689 4261 meliora
704 4197 793 4262 tricis
813 4197 884 4260 istis
903 4204 1010 4270 natus,
1027 4196 1191 4281 Origenes,
1207 4196 1261 4280 qui
1284 4196 1375 4260 initio
1394 4197 1502 4261 Homi-

399 4297 515 4359 liaram
537 4299 571 4359 in
589 4299 728 4376 Genesin,
751 4299 813 4362 illic
831 4299 1054 4384 principiani
1077 4300 1164 4383 ἀρχῇ,
1188 4300 1228 4362 de
1250 4298 1360 4363 Verbo
1385 4299 1502 4364 Divino

399 4399 554 4483 exposito,
579 4400 722 4483 proximo
746 4407 821 4485 post
844 4400 910 4474 ait;
939 4401 1014 4462 Non
1033 4420 1101 4484 erpo
1122 4399 1171 4462 lic
1194 4400 1355 4484 raperch
1379 4401 1506 4486 aliqnod

393 4500 589 4585 principiam
603 4501 702 4573 dicim
725 4502 779 4564 cccl
792 4501 825 4564 in
847 4500 1012 4585 principio,
1027 4500 1127 4577 idest,
1144 4500 1178 4562 ia
1198 4501 1363 4578 Saloatorc,
1379 4504 1504 4586 soctnm

400 4622 460 4665 csse
475 4602 552 4665 dicit
572 4602 678 4665 calam
691 4611 719 4665 et
738 4611 863 4679 terram,
879 4610 908 4665 ct
926 4604 1112 4687 omniaque
1124 4604 1218 4686 facto
1235 4612 1314 4667 unct.
1360 4604 1455 4667 Tom.
1471 4605 1504 4669 ii.

403 4703 463 4786 Op.
480 4703 638 4788 Origenis,
654 4726 686 4788 p.
697 4720 749 4788 52.
765 4705 815 4768 ed.
832 4705 1007 4768 Delaruan.
1050 4703 1149 4767 Simili
1171 4725 1305 4789 quoquc,
1323 4725 1381 4768 uec
1403 4706 1507 4790 magis

922 4824 975 4867 02
