3809 5650
403 597 540 668 xxxviii
774 594 1082 665 PRAEFATIO.

403 793 516 874 libris
533 798 643 887 (nam
664 790 790 872 libros
804 806 920 873 taceo
936 820 1020 872 non
1036 791 1169 872 editos
1187 791 1449 899 Catenasque

401 936 584 1037 patrum)
605 956 731 1037 quam
752 926 902 1009 licebat
923 939 1051 1036 atque
1077 927 1305 1034 oportebat,
1324 929 1376 1008 ab
1400 956 1449 1008 eo

400 1060 572 1143 collecta
597 1074 714 1154 sunt;
748 1088 798 1141 ex
819 1061 987 1142 Catenis
1014 1061 1211 1140 nimirum
1237 1059 1342 1141 nihil
1363 1089 1448 1141 om-

402 1196 502 1277 nino
531 1224 605 1276 suo
626 1196 786 1305 judicio
806 1223 905 1276 usus
930 1194 1178 1276 Gallandius
1204 1196 1446 1305 desumpsit.

402 1329 560 1411 Contra
592 1358 688 1410 vero
722 1358 774 1410 ex
813 1342 877 1409 tot
912 1329 1141 1410 innumeris
1178 1328 1374 1437 reliquiis,
1413 1332 1445 1411 si

401 1490 531 1542 unum
563 1462 670 1543 forte
699 1463 752 1544 de
785 1461 1003 1542 schismate
1037 1461 1267 1543 Meletiano
1299 1466 1377 1545 sub
1408 1465 1445 1546 S.

402 1597 526 1678 Petro
544 1596 830 1678 Alexandrino
849 1594 1080 1694 ἀπόσπασμα
1098 1597 1337 1706 excipiatur,
1354 1597 1447 1678 nul-

399 1730 458 1812 las
486 1761 563 1840 ego
587 1732 719 1814 debeo
743 1729 978 1813 Gallandi0.
1036 1733 1149 1820 Quin
1179 1733 1323 1841 cogita,
1350 1761 1447 1814 nus-

399 1894 523 1975 quam
545 1895 643 1948 eum
671 1865 919 1976 exemplaria
944 1880 1020 1947 aut
1045 1867 1206 1975 scripta,
1226 1880 1300 1948 aut
1323 1868 1446 1963 edita,

398 2004 452 2085 ad
490 2003 566 2084 hos
604 2005 885 2085 emendandos
919 2017 1118 2099 auctores,
1152 2004 1321 2112 dempto
1361 2032 1446 2085 uno

399 2152 526 2247 atque
552 2137 682 2221 altero
707 2140 945 2234 eorundem,
971 2139 1218 2221 adhibuisse.
1263 2141 1445 2237 Accedit,

399 2275 514 2381 quod
544 2274 662 2371 nihil,
691 2286 765 2355 au't
796 2276 881 2357 fere
914 2273 1020 2356 nihil
1050 2276 1234 2383 priorum
1270 2290 1444 2357 annota-

399 2408 582 2489 tionibus
597 2410 650 2490 de
662 2438 737 2490 suo
751 2410 914 2520 adjecit.
945 2411 1047 2492 Ideo
1062 2411 1232 2492 fortasse
1247 2412 1358 2493 idem
1375 2410 1445 2492 ille

398 2539 464 2639 τὴν
491 2542 670 2645 σπάρταν,
697 2572 792 2653 quae
821 2544 896 2625 sibi
927 2544 1088 2653 obtigit,
1117 2574 1281 2627 ornasse
1307 2547 1446 2627 minus

400 2690 463 2758 est
481 2678 790 2762 existimandus.
830 2680 971 2788 Atque
991 2679 1080 2760 haec
1100 2709 1182 2761 non
1205 2681 1308 2779 dieo,
1325 2693 1372 2762 ut
1391 2683 1444 2763 de

400 2812 475 2894 viri
505 2815 656 2924 egregii
685 2815 832 2897 merita
861 2813 985 2897 laude
1004 2814 1231 2911 detraham,
1251 2817 1322 2924 qui
1355 2830 1446 2897 tan-

399 2961 490 3030 tum
515 2952 754 3059 praestitisse
774 2952 949 3047 videtur,
969 2965 1174 3059 quantum
1195 2950 1261 3032 vel
1280 2964 1445 3062 tempus

398 3086 641 3193 permiserit,
661 3086 725 3168 vel
746 3088 851 3169 ratio
870 3088 1005 3196 operis
1024 3087 1100 3182 sui,
1119 3086 1199 3168 alia
1218 3087 1366 3194 utique
1381 3100 1445 3168 tot

398 3233 439 3300 et
461 3232 577 3301 tanta
596 3221 918 3329 complectentis,
938 3220 1220 3329 postulaverit.
1273 3222 1443 3303 Etenim

398 3382 529 3461 quum
564 3356 608 3434 in
644 3354 952 3464 Prolegomenis
986 3355 1245 3437 voluminum
1275 3385 1443 3438 suorum

397 3489 449 3568 ab
468 3489 614 3570 eodem
635 3490 719 3570 sint
737 3491 825 3571 viro
845 3490 967 3571 docto
986 3492 1119 3598 posita
1138 3489 1272 3572 multa
1295 3504 1441 3573 notatu

397 3622 649 3729 dignissima,
672 3637 716 3705 et
743 3625 795 3704 ad
825 3624 1038 3705 historiam
1071 3623 1290 3707 literariam
1318 3628 1444 3736 perti-

397 3759 552 3852 nentia,
592 3760 798 3869 quidquid
838 3761 1040 3870 ejusmodi
1079 3788 1105 3840 a
1142 3789 1208 3841 rne
1245 3762 1442 3842 omissum

396 3908 513 3989 esset,
528 3894 572 3975 id
588 3897 801 3975 nominato
815 3893 1038 3977 Gallandio
1057 3894 1126 3976 hic
1144 3896 1352 4005 adjectum
1366 3908 1441 3978 est.

395 4030 475 4109 Sed
504 4030 602 4111 satis
636 4031 689 4112 de
721 4029 798 4111 hac
832 4059 886 4126 re,
916 4057 1048 4137 quum
1075 4034 1161 4138 jam
1195 4028 1355 4139 longior
1388 4033 1443 4114 sit

395 4193 527 4246 sermo
547 4195 675 4248 meus⁰
736 4167 915 4275 Reliqua
936 4167 1063 4276 igitur
1083 4166 1288 4248 liniamus

450 4298 557 4379 Cum
598 4304 738 4383 breves
776 4301 936 4411 aliquas
965 4303 1230 4397 narrationes
1269 4299 1442 4409 singulis

396 4431 496 4512 meis
520 4435 757 4515 auctoribus
783 4438 1008 4518 necessario
1035 4436 1333 4545 praeponendas
1354 4461 1441 4515 esse
