3809 5650
398 666 462 732 272
772 664 1126 729 ANNOTATIONES

397 835 418 862 ‘⁶
435 826 529 889 Luooe
540 826 677 889 orationi
692 848 822 910 prorsus
837 827 970 890 similem
986 849 1065 902 esse,
1075 831 1192 906 πρῶτον
1207 827 1303 906 λόγον
1312 823 1501 903 ἐποιησάμην

397 934 417 964 “
426 927 566 1011 primeca
577 925 688 988 ίὶθιτιιν
699 928 815 1009 ccrrsoci
826 929 912 1005 (Aet.
924 928 945 990 i.
964 926 1039 1012 ι.).”
1066 929 1147 990 Haec
1158 923 1345 1008 Basnagius.
1368 926 1502 1006 Rufinus

396 1034 505 1089 autem
520 1033 611 1089 vetus
633 1026 791 1110 interpres
811 1027 857 1090 ita
875 1027 981 1103 vertit,
1000 1028 1075 1089 Ocm
1092 1035 1190 1088 ατιίιιιι
1204 1026 1344 1087 amimam
1358 1025 1499 1099 Βονιατιι,

397 1125 556 1210 permansi
582 1126 669 1200 inibi,
694 1127 785 1189 άοτιεο
799 1127 927 1190 Auicsto
942 1129 1029 1190 Soter
1050 1137 1077 1189 ct
1093 1126 1192 1188 Soteri
1209 1126 1343 1188 ςνοοαςτίτ
1358 1124 1500 1187 Eleuthe-

397 1246 474 1299 ταις
496 1236 627 1310 propter
646 1227 817 1309 repetitam
836 1226 920 1290 enim
941 1248 1049 1290 vocem
1060 1224 1216 1302 Ἀνικῆτου
1231 1225 1328 1287 verba
1345 1224 1451 1287 media
1465 1225 1499 1286 in

398 1326 515 1402 codice,
532 1348 626 1409 quem
643 1326 695 1389 ille
709 1333 837 1390 secutus
855 1336 914 1403 est,
930 1327 1047 1390 omissa
1068 1327 1214 1398 fuerant;
1240 1326 1325 1409 quod
1346 1325 1449 1409 ipsum
1465 1327 1497 1388 h.

399 1424 419 1489 l.
435 1425 468 1487 in
487 1425 594 1488 codiee
616 1435 728 1490 nostro
748 1428 885 1510 Norfhlo.
910 1427 1110 1490 factumest.
1157 1424 1202 1487 Et
1223 1424 1357 1488 forsitan
1377 1446 1416 1488 ex
1437 1426 1499 1489 huo

399 1525 661 1609 interpretatione
685 1549 776 1591 suum
800 1528 877 1590 illud
903 1527 1058 1606 διατριβὴν
1083 1532 1249 1589 mutuatos
1273 1534 1321 1589 est
1351 1525 1498 1602 Savilius,

399 1634 495 1709 prout
515 1648 556 1689 ex
577 1628 687 1690 eodem
710 1649 748 1691 ao
768 1627 996 1691 recentioribus
1010 1626 1205 1689 versionibus
1224 1625 1308 1688 idem
1329 1627 1500 1709 sumpsisse

401 1723 581 1789 Helloixius
597 1727 730 1791 videtur.
777 1727 949 1791 Eusebium
965 1726 1092 1811 quidem
1107 1725 1231 1789 invenio
1247 1726 1294 1790 itu
1309 1727 1500 1791 scribentem

399 1825 432 1888 in
447 1826 500 1890 lib.
513 1827 553 1890 vi.
570 1827 652 1890 Hiar.
669 1850 738 1912 cup.
753 1848 802 1913 19.
821 1829 993 1905 ὑπεξελθὼν
1007 1826 1191 1912 (Origenes)
1209 1831 1260 1904 τῆς
1272 1825 1500 1905 Ἀλεξανδρείας

400 1929 449 1991 καί
462 1930 536 2006 μηδὲ
552 1931 603 1994 τὰς
623 1927 683 1991 κατ’
701 1932 851 2008 Αἴγυπτον
872 1931 1026 2006 διατριβὰς
1045 1928 1197 2006 ἀσφαλεῖς
1217 1929 1310 2010 ἑαυτῷ
1324 1926 1498 2006 ἡγούμενος,

401 2029 499 2091 ἐλθὼν
514 2028 562 2091 ἐπὶ
577 2031 783 2107 Παλαιστίνης
799 2031 833 2092 ἐν
848 2029 1014 2110 Καισαρείᾳ
1027 2031 1080 2092 τὰς
1092 2030 1245 2106 διατριβὰς
1259 2028 1398 2089 ἐποιεῖτο.
1422 2026 1499 2088 Vid.

400 2133 435 2192 et
459 2128 624 2191 Cironium
647 2128 736 2190 Δίον.
761 2150 816 2191 seu
839 2127 985 2191 Ρατολαίο
1011 2149 1042 2211 p.
1065 2145 1139 2206 227.
1157 2127 1206 2189 ed.
1223 2126 1391 2210 Ducangii.
1436 2126 1502 2189 Sed

400 2234 510 2292 tamen
532 2248 639 2291 vocem
661 2227 794 2291 alteram
817 2227 959 2309 διαδοχὴν
981 2249 1053 2290 cum
1075 2226 1236 2290 codicibus
1251 2227 1370 2290 Graecis
1392 2226 1426 2288 in
1440 2227 1501 2290 hoo

403 2327 578 2411 Hegesippi
595 2327 665 2390 loco
679 2326 811 2390 retineri
826 2328 950 2404 debere,
971 2327 1058 2390 haud
1076 2327 1210 2401 dubito;
1239 2327 1350 2389 eodem
1371 2348 1502 2411 prorsus

401 2449 495 2492 seusu
518 2426 746 2511 accipiendam,
770 2450 833 2512 quo
858 2427 942 2491 idem
964 2428 1016 2492 ille
1036 2428 1194 2492 Eusebius
1212 2427 1245 2490 in
1264 2428 1333 2511 ipso
1347 2427 1503 2511 principio

352 2572 354 2574 -
402 2527 544 2591 historiae
559 2549 625 2591 suae
639 2528 792 2592 vocabulo
806 2550 882 2591 usus
897 2528 949 2591 sit.
995 2532 1058 2594 Τὰς
1073 2534 1133 2591 τῶν
1148 2531 1235 2608 repon
1249 2530 1428 2591 ἀποστόλων
1442 2533 1503 2591 δια·

402 2630 503 2709 δοχᾰς,
528 2627 643 2711 inquit,
662 2628 719 2692 σὺν
741 2630 868 2694 καὶτοῖς
887 2628 946 2691 άπὸ
966 2634 1018 2691 τοῦ
1041 2632 1177 2708 Σωτῆρος
1197 2629 1280 2706 ἡμῶν
1300 2629 1347 2690 καὶ
1367 2631 1410 2694 είς
1428 2629 1504 2707 ἡμᾶς

402 2727 610 2807 διηννσμένοις
624 2730 754 2810 χρόνοις·
777 2730 838 2791 ὅσα
850 2754 883 2791 τε
899 2730 947 2792 καί
961 2730 1072 2807 πηλίκα
1086 2733 1347 2811 πραγματευθῆναι
1362 2730 1435 2790 κατὰ
1450 2727 1504 2805 τὴν

403 2829 653 2907 ἑκκλησιαατιεῆν
674 2831 808 2910 ἱστορίαν
821 2828 955 2910 λέγεται,
974 2832 1023 2893 καὶ
1044 2831 1113 2893 ὅσοι
1131 2831 1239 2906 ταύτης
1256 2828 1424 2912 (eccesiae)
1441 2834 1504 2892 bsc-

402 2933 520 3008 πρεπός
534 2931 569 2991 ἐν
583 2934 647 2995 ταῖς
659 2928 792 3007 μάλιστα
809 2930 1039 3008 ἐπισημοτάτοις
1058 2930 1225 3010 παροικίαις
1241 2929 1393 3009 ῆγήσαντό
1407 2955 1439 2992 τε
1455 2931 1504 2993 καὶ

402 3028 738 3109 προέστησαν-γραφῇ
753 3034 937 3110 παραδοῦναι
950 3026 1161 3109 προῃρημένος.
1208 3028 1327 3092 Itidem
1342 3028 1374 3090 in
1387 3027 1441 3091 lib.
1457 3028 1501 3093 iii.

402 3148 430 3189 c.
446 3147 476 3211 3.
499 3128 661 3208 προϊούσης
676 3130 709 3190 δὲ
724 3132 775 3206 τῆς
790 3130 932 3209 ἱστορίας,
948 3130 1097 3209 προῦργου
1111 3127 1275 3207 ποιήσομεν
1290 3128 1348 3191 σὺν
1362 3133 1426 3192 ταῖς
1441 3131 1503 3189 δια-

402 3229 507 3307 δοχαῖς
516 3225 773 3313 θποσημῄνασθαι,
785 3230 863 3294 τίνες
878 3234 937 3292 τῶν
945 3232 1020 3291 κατὰ
1031 3230 1157 3310 χρόνους
1168 3231 1420 3307 ἓκιιλησιαστιιιῶν
1431 3252 1503 3308 σνγ·

404 3322 547 3404 γραφέων
563 3327 620 3388 δια.
666 3327 769 3390 Porro
783 3326 837 3390 lib.
853 3350 881 3389 v.
897 3348 925 3390 c.
941 3341 972 3411 5.
988 3326 1035 3390 itu
1049 3326 1170 3390 scribit.
1215 3325 1502 3409 otras(1renaeus)

403 3429 463 3485 τιΐιν
489 3425 538 3486 ini
552 3423 664 3504 ‘Prinne
687 3427 741 3503 τῆν
765 3427 906 3508 διαδοχὴν
929 3428 1100 3489 ἐπισκόπων
1124 3430 1158 3490 ἐν
1178 3430 1259 3513 τρίτῃ
1284 3428 1421 3505 σνντάξει
1444 3435 1503 3490 τῶν

404 3524 477 3602 πρὸς
502 3527 555 3590 τὰς
576 3525 706 3604 αίρὲσεις
727 3525 942 3606 παραθέμενος,
964 3530 1006 3593 είς
1019 3526 1213 3608 Ἐλεύθερον,
1235 3525 1269 3590 οὗ
1288 3530 1325 3589 τὸ
1344 3530 1418 3589 κατὰ
1436 3527 1504 3593 τοὺς

404 3624 531 3704 χρόνους
549 3625 620 3702 ἡμῖν
640 3625 813 3703 ἐξετάζεται,
829 3627 868 3693 ὦς
882 3627 921 3690 ἃν
940 3627 976 3705 δὴ
992 3626 1052 3691 κατ’
1064 3628 1155 3691 αὐτὸν
1170 3624 1410 3706 σπονδαζομίνης
1424 3626 1502 3710 αὐτῷ

404 3725 455 3800 τῆς
469 3726 586 3802 γραφῆς
599 3724 653 3787 τὸν
667 3724 836 3806 κατάλογον
851 3728 961 3804 ἵστησι,
975 3726 1099 3807 γράφων
1113 3724 1170 3789 τάδε
1187 3729 1244 3789 bro.

448 3820 521 3885 Non
536 3822 682 3887 omnibus
693 3830 814 3902 tamen,
825 3826 907 3889 sicut
922 3826 1058 3902 ostendi,
1071 3826 1225 3890 satisfecit
1241 3826 1398 3908 expositio
1409 3828 1504 3890 Psar-

404 3922 556 3998 soniana;
577 3930 612 3986 ct
636 3923 757 3987 felicius
776 3947 844 3988 rem
868 3924 927 3989 sibi
942 3926 1069 3989 videtur
1083 3924 1301 3989 Tillemontins
1325 3946 1429 4008 agere,
1451 3926 1506 4009 qui

404 4021 438 4086 in
459 4023 586 4086 Μανιοτ.
601 4024 715 4088 Eae.
736 4032 815 4089 tom.
830 4024 874 4089 iii
898 4025 974 4089 Not.
993 4026 1027 4088 in
1049 4028 1084 4090 θ.
1101 4026 1238 4110 Ηοροιίρ.
1254 4046 1346 4088 voces
1364 4029 1505 4107 διαδοχὴν

405 4122 588 4201 ἐποιησάμην
602 4122 649 4186 ita
671 4123 900 4208 interpretatus
921 4132 984 4201 est,
998 4133 1036 4189 ut
1055 4125 1256 4210 Hegesippus
1276 4124 1505 4188 successionem

405 4221 568 4300 doctrinae,
583 4223 648 4287 sive
662 4224 850 4300 doctrinam,
863 4226 949 4309 apud
964 4224 1128 4289 ecclesiam
1140 4225 1317 4289 Romanam
1331 4231 1408 4288 tunc
1427 4234 1506 4287 tem·

404 4322 490 4405 poris
512 4330 686 4407 receptam,
716 4323 917 4409 consignasse
946 4323 1048 4388 literis
1076 4324 1248 4400 videretur,
1279 4346 1349 4408 quae
1379 4323 1506 4409 quidem

405 4421 551 4486 doctrina
572 4444 630 4507 per
649 4423 877 4488 successionem
892 4423 934 4489 ab
955 4423 1108 4507 apostolis
1122 4446 1223 4509 usqne
1242 4432 1370 4488 servata
1383 4422 1505 4486 suisset.

405 4518 536 4584 Etenim
553 4524 721 4587 ostendere
737 4523 785 4588 ait
804 4523 892 4597 illud,
908 4523 996 4608 quod
1014 4523 1168 4608 sequitur,
1188 4526 1222 4587 ὲν
1241 4521 1352 4601 ἑκάστη
1370 4522 1505 4607 διαδοχῇ,

404 4619 447 4682 ob
461 4640 500 4682 oo
518 4631 782 4687 commemoratos
801 4622 899 4687 fuisse
917 4623 1037 4707 gradus
1058 4623 1092 4686 in
1107 4623 1352 4707 uniuscujusque
1365 4622 1505 4687 ecclesiae
