<?xml version="1.0" encoding="UTF-8"?>
<!DOCTYPE html PUBLIC "-//W3C//DTD XHTML 1.0 Transitional//EN"
    "http://www.w3.org/TR/xhtml1/DTD/xhtml1-transitional.dtd">
<html xmlns="http://www.w3.org/1999/xhtml" xml:lang="en" lang="en">
 <head>
  <title>
</title>
<meta http-equiv="Content-Type" content="text/html;charset=utf-8" />
  <meta name='ocr-system' content='tesseract 3.04.00' />
  <meta name='ocr-capabilities' content='ocr_page ocr_carea ocr_par ocr_line ocrx_word'/>
</head>
<body>
  <div class='ocr_page' id='page_1' title='image "./reliquiaesacrae07routgoog_0523.png"; bbox 0 0 3809 5650; ppageno 0'>
   <div class='ocr_carea' id='block_1_1' title="bbox 485 670 1221 734">
    <p class='ocr_par' dir='ltr' id='par_1_1' title="bbox 485 670 1221 734">
     <span class='ocr_line' id='line_1_1' title="bbox 485 670 1221 734; baseline 0.001 -1"><span class='ocrx_word' id='word_1_1' title='bbox 485 672 563 733; x_wconf 76' lang='lat'>&#39;430</span> <span class='ocrx_word' id='word_1_2' title='bbox 869 670 1221 734; x_wconf 83' lang='lat' dir='ltr'>ANNOTATIONES</span> 
     </span>
    </p>
   </div>
   <div class='ocr_carea' id='block_1_2' title="bbox 492 835 1598 4314">
    <p class='ocr_par' dir='ltr' id='par_1_2' title="bbox 493 835 1598 2818">
     <span class='ocr_line' id='line_1_2' title="bbox 497 835 1598 920; baseline 0.003 -22"><span class='ocrx_word' id='word_1_3' title='bbox 497 836 572 920; x_wconf 69' lang='lat' dir='ltr'>topic</span> <span class='ocrx_word' id='word_1_4' title='bbox 587 857 644 898; x_wconf 92' lang='lat' dir='ltr'>suo</span> <span class='ocrx_word' id='word_1_5' title='bbox 660 858 678 915; x_wconf 85' lang='lat'>9</span> <span class='ocrx_word' id='word_1_6' title='bbox 696 835 776 898; x_wconf 89' lang='lat' dir='ltr'>Maii</span> <span class='ocrx_word' id='word_1_7' title='bbox 792 836 844 899; x_wconf 81' lang='lat' dir='ltr'>fol.</span> <span class='ocrx_word' id='word_1_8' title='bbox 862 854 913 917; x_wconf 89' lang='lat'>70.</span> <span class='ocrx_word' id='word_1_9' title='bbox 929 838 980 899; x_wconf 88' lang='lat' dir='ltr'>ed.</span> <span class='ocrx_word' id='word_1_10' title='bbox 998 837 1115 899; x_wconf 87' lang='lat' dir='ltr'>Lovau.</span> <span class='ocrx_word' id='word_1_11' title='bbox 1162 835 1215 898; x_wconf 91' lang='lat' dir='ltr'>Ad</span> <span class='ocrx_word' id='word_1_12' title='bbox 1236 836 1303 899; x_wconf 87' lang='lat' dir='ltr'>hsec</span> <span class='ocrx_word' id='word_1_13' title='bbox 1320 835 1506 920; x_wconf 84' lang='lat' dir='ltr'>Fragment—i</span> <span class='ocrx_word' id='word_1_14' title='bbox 1522 860 1598 901; x_wconf 85' lang='lat' dir='ltr'>auc-</span> 
     </span>
     <span class='ocr_line' id='line_1_3' title="bbox 496 935 1597 1018; baseline 0.001 -20"><span class='ocrx_word' id='word_1_15' title='bbox 496 942 549 998; x_wconf 90' lang='lat' dir='ltr'>tor</span> <span class='ocrx_word' id='word_1_16' title='bbox 563 935 679 997; x_wconf 90' lang='lat' dir='ltr'>librum</span> <span class='ocrx_word' id='word_1_17' title='bbox 695 937 858 998; x_wconf 79' lang='lat' dir='ltr'>Pastorem</span> <span class='ocrx_word' id='word_1_18' title='bbox 874 936 1005 1010; x_wconf 90' lang='lat' dir='ltr'>dietum,</span> <span class='ocrx_word' id='word_1_19' title='bbox 1017 936 1070 1018; x_wconf 93' lang='lat' dir='ltr'>qui</span> <span class='ocrx_word' id='word_1_20' title='bbox 1086 935 1217 998; x_wconf 84' lang='lat' dir='ltr'>Hermae</span> <span class='ocrx_word' id='word_1_21' title='bbox 1232 942 1332 1011; x_wconf 88' lang='lat' dir='ltr'>extat,</span> <span class='ocrx_word' id='word_1_22' title='bbox 1346 936 1487 1018; x_wconf 85' lang='lat' dir='ltr'>cogitare</span> <span class='ocrx_word' id='word_1_23' title='bbox 1502 959 1541 1000; x_wconf 90' lang='lat' dir='ltr'>ao</span> <span class='ocrx_word' id='word_1_24' title='bbox 1555 937 1597 999; x_wconf 88' lang='lat' dir='ltr'>de</span> 
     </span>
     <span class='ocr_line' id='line_1_4' title="bbox 495 1035 1596 1118; baseline 0 -20"><span class='ocrx_word' id='word_1_25' title='bbox 495 1057 533 1098; x_wconf 91' lang='lat' dir='ltr'>eo</span> <span class='ocrx_word' id='word_1_26' title='bbox 554 1035 639 1118; x_wconf 92' lang='lat' dir='ltr'>loqui</span> <span class='ocrx_word' id='word_1_27' title='bbox 662 1042 801 1118; x_wconf 85' lang='lat' dir='ltr'>poterat,</span> <span class='ocrx_word' id='word_1_28' title='bbox 816 1035 877 1099; x_wconf 89' lang='lat' dir='ltr'>etsi</span> <span class='ocrx_word' id='word_1_29' title='bbox 902 1037 1004 1117; x_wconf 84' lang='lat' dir='ltr'>fingas</span> <span class='ocrx_word' id='word_1_30' title='bbox 1031 1035 1118 1098; x_wconf 89' lang='lat' dir='ltr'>illum</span> <span class='ocrx_word' id='word_1_31' title='bbox 1144 1056 1202 1117; x_wconf 88' lang='lat' dir='ltr'>per</span> <span class='ocrx_word' id='word_1_32' title='bbox 1227 1056 1366 1097; x_wconf 87' lang='lat' dir='ltr'>errorem</span> <span class='ocrx_word' id='word_1_33' title='bbox 1387 1035 1529 1111; x_wconf 91' lang='lat' dir='ltr'>Hermae,</span> <span class='ocrx_word' id='word_1_34' title='bbox 1546 1037 1596 1100; x_wconf 86' lang='lat' dir='ltr'>vel</span> 
     </span>
     <span class='ocr_line' id='line_1_5' title="bbox 496 1134 1597 1218; baseline 0.002 -22"><span class='ocrx_word' id='word_1_35' title='bbox 496 1134 654 1209; x_wconf 89' lang='lat' dir='ltr'>Hermeti,</span> <span class='ocrx_word' id='word_1_36' title='bbox 672 1135 721 1197; x_wconf 91' lang='lat' dir='ltr'>Pii</span> <span class='ocrx_word' id='word_1_37' title='bbox 743 1157 834 1218; x_wconf 86' lang='lat' dir='ltr'>papae</span> <span class='ocrx_word' id='word_1_38' title='bbox 851 1135 944 1197; x_wconf 84' lang='lat' dir='ltr'>fratri</span> <span class='ocrx_word' id='word_1_39' title='bbox 961 1156 1040 1217; x_wconf 90' lang='lat' dir='ltr'>opus</span> <span class='ocrx_word' id='word_1_40' title='bbox 1060 1134 1281 1217; x_wconf 86' lang='lat' dir='ltr'>adscripsisse;</span> <span class='ocrx_word' id='word_1_41' title='bbox 1306 1142 1342 1197; x_wconf 90' lang='lat' dir='ltr'>at</span> <span class='ocrx_word' id='word_1_42' title='bbox 1357 1156 1442 1210; x_wconf 89' lang='lat' dir='ltr'>vero,</span> <span class='ocrx_word' id='word_1_43' title='bbox 1457 1142 1494 1197; x_wconf 90' lang='lat' dir='ltr'>ut</span> <span class='ocrx_word' id='word_1_44' title='bbox 1515 1138 1597 1198; x_wconf 90' lang='lat' dir='ltr'>bene</span> 
     </span>
     <span class='ocr_line' id='line_1_6' title="bbox 494 1233 1597 1316; baseline 0 -18"><span class='ocrx_word' id='word_1_45' title='bbox 494 1235 553 1310; x_wconf 90' lang='lat' dir='ltr'>ait,</span> <span class='ocrx_word' id='word_1_46' title='bbox 567 1235 622 1298; x_wconf 89' lang='lat' dir='ltr'>sed</span> <span class='ocrx_word' id='word_1_47' title='bbox 637 1235 701 1297; x_wconf 89' lang='lat' dir='ltr'>alio</span> <span class='ocrx_word' id='word_1_48' title='bbox 715 1235 794 1310; x_wconf 89' lang='lat' dir='ltr'>loco,</span> <span class='ocrx_word' id='word_1_49' title='bbox 811 1234 1017 1298; x_wconf 90' lang='lat' dir='ltr'>Freindaller.</span> <span class='ocrx_word' id='word_1_50' title='bbox 1031 1235 1199 1297; x_wconf 88' lang='lat' dir='ltr'>“fidenter</span> <span class='ocrx_word' id='word_1_51' title='bbox 1213 1233 1264 1296; x_wconf 94' lang='lat' dir='ltr'>hic</span> <span class='ocrx_word' id='word_1_52' title='bbox 1279 1234 1416 1316; x_wconf 79' lang='lat' dir='ltr'>scriptor</span> <span class='ocrx_word' id='word_1_53' title='bbox 1430 1235 1470 1297; x_wconf 95' lang='lat' dir='ltr'>de</span> <span class='ocrx_word' id='word_1_54' title='bbox 1485 1256 1519 1297; x_wconf 88' lang='lat' dir='ltr'>re</span> <span class='ocrx_word' id='word_1_55' title='bbox 1532 1235 1597 1298; x_wconf 88' lang='lat' dir='ltr'>ista</span> 
     </span>
     <span class='ocr_line' id='line_1_7' title="bbox 495 1333 1596 1417; baseline 0.003 -22"><span class='ocrx_word' id='word_1_56' title='bbox 495 1341 515 1370; x_wconf 82' lang='lat'>‘⁴</span> <span class='ocrx_word' id='word_1_57' title='bbox 529 1334 680 1416; x_wconf 88' lang='lat' dir='ltr'>loquitur,</span> <span class='ocrx_word' id='word_1_58' title='bbox 696 1335 960 1417; x_wconf 86' lang='lat' dir='ltr'>quemadmodum</span> <span class='ocrx_word' id='word_1_59' title='bbox 976 1334 1125 1397; x_wconf 92' lang='lat' dir='ltr'>derebus</span> <span class='ocrx_word' id='word_1_60' title='bbox 1142 1333 1311 1416; x_wconf 80' lang='lat' dir='ltr'>divulgatis</span> <span class='ocrx_word' id='word_1_61' title='bbox 1332 1334 1525 1417; x_wconf 81' lang='lat' dir='ltr'>quibuslibet</span> <span class='ocrx_word' id='word_1_62' title='bbox 1544 1341 1596 1398; x_wconf 85' lang='lat' dir='ltr'>at·</span> 
     </span>
     <span class='ocr_line' id='line_1_8' title="bbox 495 1433 1595 1516; baseline 0.002 -21"><span class='ocrx_word' id='word_1_63' title='bbox 495 1439 517 1469; x_wconf 88' lang='lat'>“</span> <span class='ocrx_word' id='word_1_64' title='bbox 533 1455 594 1516; x_wconf 90' lang='lat' dir='ltr'>que</span> <span class='ocrx_word' id='word_1_65' title='bbox 615 1435 795 1497; x_wconf 80' lang='lat' dir='ltr'>recentibus</span> <span class='ocrx_word' id='word_1_66' title='bbox 815 1434 1016 1498; x_wconf 86' lang='lat' dir='ltr'>sermocinari</span> <span class='ocrx_word' id='word_1_67' title='bbox 1041 1434 1112 1516; x_wconf 91' lang='lat' dir='ltr'>quis</span> <span class='ocrx_word' id='word_1_68' title='bbox 1136 1433 1245 1496; x_wconf 76' lang='lat' dir='ltr'>solet.&#39;&#39;</span> <span class='ocrx_word' id='word_1_69' title='bbox 1291 1433 1419 1496; x_wconf 77' lang='lat' dir='ltr'>Interea</span> <span class='ocrx_word' id='word_1_70' title='bbox 1442 1435 1595 1497; x_wconf 87' lang='lat' dir='ltr'>adversus</span> 
     </span>
     <span class='ocr_line' id='line_1_9' title="bbox 497 1532 1595 1617; baseline 0.001 -23"><span class='ocrx_word' id='word_1_71' title='bbox 497 1532 711 1610; x_wconf 89' lang='lat' dir='ltr'>Gallandium,</span> <span class='ocrx_word' id='word_1_72' title='bbox 736 1534 790 1616; x_wconf 90' lang='lat' dir='ltr'>qui</span> <span class='ocrx_word' id='word_1_73' title='bbox 816 1535 941 1610; x_wconf 83' lang='lat' dir='ltr'>statuit,</span> <span class='ocrx_word' id='word_1_74' title='bbox 962 1555 1026 1596; x_wconf 93' lang='lat' dir='ltr'>non</span> <span class='ocrx_word' id='word_1_75' title='bbox 1052 1555 1121 1596; x_wconf 90' lang='lat' dir='ltr'>esse</span> <span class='ocrx_word' id='word_1_76' title='bbox 1145 1533 1350 1617; x_wconf 87' lang='lat' dir='ltr'>intelligenda</span> <span class='ocrx_word' id='word_1_77' title='bbox 1372 1535 1468 1596; x_wconf 82' lang='lat' dir='ltr'>verbe</span> <span class='ocrx_word' id='word_1_78' title='bbox 1493 1533 1595 1617; x_wconf 84' lang='lat' dir='ltr'>Frag-</span> 
     </span>
     <span class='ocr_line' id='line_1_10' title="bbox 495 1632 1594 1717; baseline 0 -23"><span class='ocrx_word' id='word_1_79' title='bbox 495 1633 594 1696; x_wconf 90' lang='lat' dir='ltr'>menti</span> <span class='ocrx_word' id='word_1_80' title='bbox 609 1633 649 1695; x_wconf 92' lang='lat' dir='ltr'>de</span> <span class='ocrx_word' id='word_1_81' title='bbox 664 1633 740 1697; x_wconf 81' lang='lat' dir='ltr'>libro</span> <span class='ocrx_word' id='word_1_82' title='bbox 755 1636 890 1697; x_wconf 72' lang='lat' dir='ltr'>Pastoris</span> <span class='ocrx_word' id='word_1_83' title='bbox 905 1634 997 1696; x_wconf 91' lang='lat' dir='ltr'>nobis</span> <span class='ocrx_word' id='word_1_84' title='bbox 1012 1633 1149 1716; x_wconf 86' lang='lat' dir='ltr'>cognito,</span> <span class='ocrx_word' id='word_1_85' title='bbox 1165 1654 1272 1695; x_wconf 90' lang='lat' dir='ltr'>verum</span> <span class='ocrx_word' id='word_1_86' title='bbox 1293 1633 1332 1694; x_wconf 91' lang='lat' dir='ltr'>de</span> <span class='ocrx_word' id='word_1_87' title='bbox 1352 1632 1433 1695; x_wconf 92' lang='lat' dir='ltr'>libro</span> <span class='ocrx_word' id='word_1_88' title='bbox 1455 1635 1594 1717; x_wconf 92' lang='lat' dir='ltr'>quodam</span> 
     </span>
     <span class='ocr_line' id='line_1_11' title="bbox 494 1733 1595 1817; baseline 0.001 -22"><span class='ocrx_word' id='word_1_89' title='bbox 494 1733 663 1795; x_wconf 76' lang='lat' dir='ltr'>recentiori</span> <span class='ocrx_word' id='word_1_90' title='bbox 686 1755 770 1796; x_wconf 91' lang='lat' dir='ltr'>nunc</span> <span class='ocrx_word' id='word_1_91' title='bbox 793 1734 969 1817; x_wconf 89' lang='lat' dir='ltr'>deperdito,</span> <span class='ocrx_word' id='word_1_92' title='bbox 991 1734 1023 1795; x_wconf 91' lang='lat' dir='ltr'>in</span> <span class='ocrx_word' id='word_1_93' title='bbox 1046 1735 1129 1795; x_wconf 91' lang='lat' dir='ltr'>hunc</span> <span class='ocrx_word' id='word_1_94' title='bbox 1153 1733 1281 1794; x_wconf 89' lang='lat' dir='ltr'>modum</span> <span class='ocrx_word' id='word_1_95' title='bbox 1303 1741 1396 1795; x_wconf 88' lang='lat' dir='ltr'>acute</span> <span class='ocrx_word' id='word_1_96' title='bbox 1422 1734 1595 1817; x_wconf 80' lang='lat' dir='ltr'>respondet</span> 
     </span>
     <span class='ocr_line' id='line_1_12' title="bbox 494 1832 1594 1916; baseline 0.001 -21"><span class='ocrx_word' id='word_1_97' title='bbox 494 1833 578 1896; x_wconf 93' lang='lat' dir='ltr'>idem</span> <span class='ocrx_word' id='word_1_98' title='bbox 602 1834 808 1897; x_wconf 86' lang='lat' dir='ltr'>Freindaller.</span> <span class='ocrx_word' id='word_1_99' title='bbox 853 1843 874 1872; x_wconf 76' lang='lat'>‘⁶</span> <span class='ocrx_word' id='word_1_100' title='bbox 890 1835 943 1895; x_wconf 84' lang='lat' dir='ltr'>An</span> <span class='ocrx_word' id='word_1_101' title='bbox 966 1833 1017 1895; x_wconf 93' lang='lat' dir='ltr'>hic</span> <span class='ocrx_word' id='word_1_102' title='bbox 1039 1835 1196 1916; x_wconf 77' lang='lat' dir='ltr'>posterior</span> <span class='ocrx_word' id='word_1_103' title='bbox 1218 1832 1294 1895; x_wconf 79' lang='lat' dir='ltr'>liber</span> <span class='ocrx_word' id='word_1_104' title='bbox 1313 1834 1453 1895; x_wconf 80' lang='lat' dir='ltr'>Posteris</span> <span class='ocrx_word' id='word_1_105' title='bbox 1476 1834 1517 1895; x_wconf 86' lang='lat' dir='ltr'>ad</span> <span class='ocrx_word' id='word_1_106' title='bbox 1543 1855 1594 1896; x_wconf 88' lang='lat' dir='ltr'>ca·</span> 
     </span>
     <span class='ocr_line' id='line_1_13' title="bbox 496 1933 1595 2017; baseline 0.002 -21"><span class='ocrx_word' id='word_1_107' title='bbox 496 1942 517 1973; x_wconf 77' lang='lat'>‘⁶</span> <span class='ocrx_word' id='word_1_108' title='bbox 532 1936 661 1997; x_wconf 91' lang='lat' dir='ltr'>nonioos</span> <span class='ocrx_word' id='word_1_109' title='bbox 676 1935 747 1998; x_wconf 92' lang='lat' dir='ltr'>novi</span> <span class='ocrx_word' id='word_1_110' title='bbox 763 1935 891 1998; x_wconf 84' lang='lat' dir='ltr'>foederis</span> <span class='ocrx_word' id='word_1_111' title='bbox 905 1934 1004 1997; x_wconf 91' lang='lat' dir='ltr'>libros</span> <span class='ocrx_word' id='word_1_112' title='bbox 1018 1935 1189 2017; x_wconf 80' lang='lat' dir='ltr'>pertineat,</span> <span class='ocrx_word' id='word_1_113' title='bbox 1203 1933 1326 2016; x_wconf 82' lang='lat' dir='ltr'>legique</span> <span class='ocrx_word' id='word_1_114' title='bbox 1342 1935 1374 1995; x_wconf 93' lang='lat' dir='ltr'>in</span> <span class='ocrx_word' id='word_1_115' title='bbox 1389 1935 1521 1997; x_wconf 89' lang='lat' dir='ltr'>ecclesia</span> <span class='ocrx_word' id='word_1_116' title='bbox 1541 1936 1595 1998; x_wconf 91' lang='lat' dir='ltr'>de-</span> 
     </span>
     <span class='ocr_line' id='line_1_14' title="bbox 495 2034 1594 2118; baseline 0.001 -21"><span class='ocrx_word' id='word_1_117' title='bbox 495 2043 517 2073; x_wconf 84' lang='lat'><strong>“</strong></span> <span class='ocrx_word' id='word_1_118' title='bbox 532 2035 660 2109; x_wconf 84' lang='lat' dir='ltr'>debeat,</span> <span class='ocrx_word' id='word_1_119' title='bbox 674 2035 797 2117; x_wconf 77' lang='lat' dir='ltr'>uspiam</span> <span class='ocrx_word' id='word_1_120' title='bbox 812 2034 908 2096; x_wconf 82' lang='lat' dir='ltr'>fuisse</span> <span class='ocrx_word' id='word_1_121' title='bbox 927 2034 1134 2116; x_wconf 78' lang='lat' dir='ltr'>quaestionem</span> <span class='ocrx_word' id='word_1_122' title='bbox 1148 2041 1278 2107; x_wconf 89' lang='lat' dir='ltr'>motam,</span> <span class='ocrx_word' id='word_1_123' title='bbox 1294 2055 1352 2115; x_wconf 88' lang='lat' dir='ltr'>per</span> <span class='ocrx_word' id='word_1_124' title='bbox 1366 2036 1594 2118; x_wconf 78' lang='lat' dir='ltr'>antiquitatem</span> 
     </span>
     <span class='ocr_line' id='line_1_15' title="bbox 496 2133 1594 2217; baseline 0.003 -22"><span class='ocrx_word' id='word_1_125' title='bbox 496 2135 687 2216; x_wconf 84' lang='lat' dir='ltr'>“integram</span> <span class='ocrx_word' id='word_1_126' title='bbox 708 2133 816 2195; x_wconf 90' lang='lat' dir='ltr'>nullibi</span> <span class='ocrx_word' id='word_1_127' title='bbox 837 2133 1005 2217; x_wconf 81' lang='lat' dir='ltr'>vestigium</span> <span class='ocrx_word' id='word_1_128' title='bbox 1025 2134 1192 2215; x_wconf 82' lang='lat' dir='ltr'>reperitur.</span> <span class='ocrx_word' id='word_1_129' title='bbox 1239 2133 1343 2196; x_wconf 91' lang='lat' dir='ltr'>Nullis</span> <span class='ocrx_word' id='word_1_130' title='bbox 1362 2135 1470 2216; x_wconf 91' lang='lat' dir='ltr'>itaque</span> <span class='ocrx_word' id='word_1_131' title='bbox 1490 2138 1594 2198; x_wconf 81' lang='lat' dir='ltr'>modia</span> 
     </span>
     <span class='ocr_line' id='line_1_16' title="bbox 494 2232 1593 2317; baseline 0.001 -21"><span class='ocrx_word' id='word_1_132' title='bbox 494 2242 515 2270; x_wconf 77' lang='lat'>‘⁶</span> <span class='ocrx_word' id='word_1_133' title='bbox 530 2240 643 2296; x_wconf 88' lang='lat' dir='ltr'>auctor</span> <span class='ocrx_word' id='word_1_134' title='bbox 658 2232 906 2295; x_wconf 89' lang='lat' dir='ltr'>Gallandianum</span> <span class='ocrx_word' id='word_1_135' title='bbox 921 2233 1005 2294; x_wconf 90' lang='lat' dir='ltr'>hunc</span> <span class='ocrx_word' id='word_1_136' title='bbox 1024 2232 1179 2295; x_wconf 89' lang='lat' dir='ltr'>Hermam</span> <span class='ocrx_word' id='word_1_137' title='bbox 1199 2232 1339 2295; x_wconf 86' lang='lat' dir='ltr'>indicare</span> <span class='ocrx_word' id='word_1_138' title='bbox 1359 2255 1435 2296; x_wconf 89' lang='lat' dir='ltr'>sane</span> <span class='ocrx_word' id='word_1_139' title='bbox 1450 2242 1593 2317; x_wconf 89' lang='lat' dir='ltr'>poterat,</span> 
     </span>
     <span class='ocr_line' id='line_1_17' title="bbox 493 2330 1593 2417; baseline 0.004 -23"><span class='ocrx_word' id='word_1_140' title='bbox 493 2340 516 2370; x_wconf 83' lang='lat'>‘⁴</span> <span class='ocrx_word' id='word_1_141' title='bbox 531 2353 601 2394; x_wconf 92' lang='lat' dir='ltr'>cum</span> <span class='ocrx_word' id='word_1_142' title='bbox 617 2331 853 2414; x_wconf 65' lang='lat' dir='ltr'>universaquae</span> <span class='ocrx_word' id='word_1_143' title='bbox 865 2333 904 2394; x_wconf 95' lang='lat' dir='ltr'>de</span> <span class='ocrx_word' id='word_1_144' title='bbox 916 2330 992 2394; x_wconf 83' lang='lat' dir='ltr'>libro</span> <span class='ocrx_word' id='word_1_145' title='bbox 1004 2333 1145 2394; x_wconf 69' lang='lat' dir='ltr'>Pastoris</span> <span class='ocrx_word' id='word_1_146' title='bbox 1156 2333 1188 2394; x_wconf 92' lang='lat' dir='ltr'>in</span> <span class='ocrx_word' id='word_1_147' title='bbox 1199 2333 1337 2396; x_wconf 92' lang='lat' dir='ltr'>medium</span> <span class='ocrx_word' id='word_1_148' title='bbox 1349 2335 1491 2417; x_wconf 82' lang='lat' dir='ltr'>protulit,</span> <span class='ocrx_word' id='word_1_149' title='bbox 1504 2344 1593 2398; x_wconf 87' lang='lat' dir='ltr'>stent</span> 
     </span>
     <span class='ocr_line' id='line_1_18' title="bbox 494 2431 1592 2516; baseline 0.005 -23"><span class='ocrx_word' id='word_1_150' title='bbox 494 2440 514 2468; x_wconf 77' lang='lat'>‘⁶</span> <span class='ocrx_word' id='word_1_151' title='bbox 530 2453 588 2516; x_wconf 90' lang='lat' dir='ltr'>pro</span> <span class='ocrx_word' id='word_1_152' title='bbox 603 2440 680 2495; x_wconf 91' lang='lat' dir='ltr'>noto</span> <span class='ocrx_word' id='word_1_153' title='bbox 694 2431 874 2515; x_wconf 89' lang='lat' dir='ltr'>antiquiore</span> <span class='ocrx_word' id='word_1_154' title='bbox 888 2432 1002 2507; x_wconf 89' lang='lat' dir='ltr'>altero,</span> <span class='ocrx_word' id='word_1_155' title='bbox 1018 2432 1070 2516; x_wconf 92' lang='lat' dir='ltr'>qui</span> <span class='ocrx_word' id='word_1_156' title='bbox 1087 2433 1218 2516; x_wconf 92' lang='lat' dir='ltr'>proinde</span> <span class='ocrx_word' id='word_1_157' title='bbox 1233 2435 1281 2498; x_wconf 86' lang='lat' dir='ltr'>vel</span> <span class='ocrx_word' id='word_1_158' title='bbox 1296 2435 1367 2498; x_wconf 92' lang='lat' dir='ltr'>ideo</span> <span class='ocrx_word' id='word_1_159' title='bbox 1384 2457 1446 2496; x_wconf 91' lang='lat' dir='ltr'>non</span> <span class='ocrx_word' id='word_1_160' title='bbox 1461 2458 1481 2498; x_wconf 91' lang='lat' dir='ltr'>a</span> <span class='ocrx_word' id='word_1_161' title='bbox 1492 2436 1592 2499; x_wconf 86' lang='lat' dir='ltr'>veteri</span> 
     </span>
     <span class='ocr_line' id='line_1_19' title="bbox 494 2531 1592 2618; baseline 0.002 -23"><span class='ocrx_word' id='word_1_162' title='bbox 494 2539 514 2571; x_wconf 91' lang='lat'><strong>“</strong></span> <span class='ocrx_word' id='word_1_163' title='bbox 530 2532 653 2596; x_wconf 88' lang='lat' dir='ltr'>Herma</span> <span class='ocrx_word' id='word_1_164' title='bbox 667 2531 760 2614; x_wconf 86' lang='lat' dir='ltr'>primi</span> <span class='ocrx_word' id='word_1_165' title='bbox 776 2532 893 2607; x_wconf 82' lang='lat' dir='ltr'>saeculi,</span> <span class='ocrx_word' id='word_1_166' title='bbox 909 2533 964 2595; x_wconf 91' lang='lat' dir='ltr'>sed</span> <span class='ocrx_word' id='word_1_167' title='bbox 980 2532 1165 2596; x_wconf 89' lang='lat' dir='ltr'>insecundo</span> <span class='ocrx_word' id='word_1_168' title='bbox 1179 2555 1200 2596; x_wconf 91' lang='lat' dir='ltr'>a</span> <span class='ocrx_word' id='word_1_169' title='bbox 1214 2534 1314 2598; x_wconf 79' lang='lat' dir='ltr'>fratre</span> <span class='ocrx_word' id='word_1_170' title='bbox 1329 2535 1380 2597; x_wconf 91' lang='lat' dir='ltr'>Pii</span> <span class='ocrx_word' id='word_1_171' title='bbox 1397 2534 1422 2596; x_wconf 90' lang='grc' dir='ltr'>Ι.</span> <span class='ocrx_word' id='word_1_172' title='bbox 1435 2536 1592 2618; x_wconf 88' lang='lat' dir='ltr'>conscrip-</span> 
     </span>
     <span class='ocr_line' id='line_1_20' title="bbox 494 2633 1592 2716; baseline 0.001 -20"><span class='ocrx_word' id='word_1_173' title='bbox 494 2642 515 2672; x_wconf 90' lang='lat'>“</span> <span class='ocrx_word' id='word_1_174' title='bbox 530 2641 584 2696; x_wconf 88' lang='lat' dir='ltr'>tus</span> <span class='ocrx_word' id='word_1_175' title='bbox 609 2633 688 2697; x_wconf 84' lang='lat' dir='ltr'>est.”</span> <span class='ocrx_word' id='word_1_176' title='bbox 732 2633 880 2716; x_wconf 89' lang='lat' dir='ltr'>Denique</span> <span class='ocrx_word' id='word_1_177' title='bbox 903 2634 943 2696; x_wconf 91' lang='lat' dir='ltr'>de</span> <span class='ocrx_word' id='word_1_178' title='bbox 972 2633 1032 2696; x_wconf 89' lang='lat' dir='ltr'>hac</span> <span class='ocrx_word' id='word_1_179' title='bbox 1055 2655 1090 2697; x_wconf 88' lang='lat' dir='ltr'>re</span> <span class='ocrx_word' id='word_1_180' title='bbox 1115 2634 1259 2697; x_wconf 80' lang='lat' dir='ltr'>conferas</span> <span class='ocrx_word' id='word_1_181' title='bbox 1284 2634 1523 2698; x_wconf 89' lang='lat' dir='ltr'>annotationem</span> <span class='ocrx_word' id='word_1_182' title='bbox 1549 2636 1592 2698; x_wconf 86' lang='lat' dir='ltr'>ad</span> 
     </span>
     <span class='ocr_line' id='line_1_21' title="bbox 493 2733 1462 2818; baseline -0.002 -21"><span class='ocrx_word' id='word_1_183' title='bbox 493 2734 683 2818; x_wconf 71' lang='lat' dir='ltr'>Scriptorum</span> <span class='ocrx_word' id='word_1_184' title='bbox 703 2735 876 2798; x_wconf 66' lang='lat' dir='ltr'>Ecclesiam.</span> <span class='ocrx_word' id='word_1_185' title='bbox 900 2734 1052 2817; x_wconf 72' lang='lat' dir='ltr'>Opaeada</span> <span class='ocrx_word' id='word_1_186' title='bbox 1066 2733 1139 2796; x_wconf 88' lang='lat' dir='ltr'>Vol.</span> <span class='ocrx_word' id='word_1_187' title='bbox 1153 2734 1180 2795; x_wconf 93' lang='grc' dir='ltr'>Ι.</span> <span class='ocrx_word' id='word_1_188' title='bbox 1197 2757 1228 2818; x_wconf 92' lang='lat' dir='ltr'>p.</span> <span class='ocrx_word' id='word_1_189' title='bbox 1249 2738 1309 2816; x_wconf 90' lang='lat'>176</span> <span class='ocrx_word' id='word_1_190' title='bbox 1325 2735 1373 2797; x_wconf 90' lang='lat' dir='ltr'>vel</span> <span class='ocrx_word' id='word_1_191' title='bbox 1393 2736 1462 2796; x_wconf 79' lang='lat'>181.</span> 
     </span>
    </p>

    <p class='ocr_par' dir='ltr' id='par_1_3' title="bbox 537 2835 1289 2919">
     <span class='ocr_line' id='line_1_22' title="bbox 537 2835 1289 2919; baseline 0.003 -22"><span class='ocrx_word' id='word_1_192' title='bbox 537 2837 574 2898; x_wconf 91' lang='lat' dir='ltr'>P.</span> <span class='ocrx_word' id='word_1_193' title='bbox 585 2840 659 2919; x_wconf 84' lang='lat'><strong>396.</strong></span> <span class='ocrx_word' id='word_1_194' title='bbox 674 2837 694 2899; x_wconf 91' lang='lat' dir='ltr'>l.</span> <span class='ocrx_word' id='word_1_195' title='bbox 713 2837 760 2899; x_wconf 83' lang='lat'>18.</span> <span class='ocrx_word' id='word_1_196' title='bbox 774 2836 909 2918; x_wconf 88' lang='lat' dir='ltr'>Herma]</span> <span class='ocrx_word' id='word_1_197' title='bbox 930 2836 1005 2898; x_wconf 90' lang='lat' dir='ltr'>For.</span> <span class='ocrx_word' id='word_1_198' title='bbox 1015 2835 1138 2919; x_wconf 85' lang='lat' dir='ltr'>legend.</span> <span class='ocrx_word' id='word_1_199' title='bbox 1151 2837 1289 2899; x_wconf 75' lang='lat' dir='ltr'>Hermos.</span> 
     </span>
    </p>

    <p class='ocr_par' dir='ltr' id='par_1_4' title="bbox 492 2934 1592 3618">
     <span class='ocr_line' id='line_1_23' title="bbox 537 2934 1590 3018; baseline -0.002 -21"><span class='ocrx_word' id='word_1_200' title='bbox 537 2935 618 2999; x_wconf 91' lang='lat' dir='ltr'>lbid.</span> <span class='ocrx_word' id='word_1_201' title='bbox 635 2937 763 3001; x_wconf 87' lang='lat' dir='ltr'>sedente</span> <span class='ocrx_word' id='word_1_202' title='bbox 777 2936 931 3000; x_wconf 84' lang='lat' dir='ltr'>cathedra</span> <span class='ocrx_word' id='word_1_203' title='bbox 947 2935 1036 2998; x_wconf 86' lang='lat' dir='ltr'>urbis</span> <span class='ocrx_word' id='word_1_204' title='bbox 1057 2936 1168 2999; x_wconf 82' lang='lat' dir='ltr'>Romae</span> <span class='ocrx_word' id='word_1_205' title='bbox 1188 2936 1326 3000; x_wconf 85' lang='lat' dir='ltr'>ecclesiae</span> <span class='ocrx_word' id='word_1_206' title='bbox 1346 2934 1405 2997; x_wconf 92' lang='lat' dir='ltr'>Pio</span> <span class='ocrx_word' id='word_1_207' title='bbox 1425 2934 1590 3018; x_wconf 83' lang='lat' dir='ltr'>episcopo]</span> 
     </span>
     <span class='ocr_line' id='line_1_24' title="bbox 494 3035 1591 3121; baseline -0.003 -23"><span class='ocrx_word' id='word_1_208' title='bbox 494 3036 690 3099; x_wconf 87' lang='lat' dir='ltr'>Particulam</span> <span class='ocrx_word' id='word_1_209' title='bbox 699 3038 734 3099; x_wconf 76' lang='lat' dir='ltr'>ia</span> <span class='ocrx_word' id='word_1_210' title='bbox 749 3045 822 3121; x_wconf 94' lang='lat' dir='ltr'>post</span> <span class='ocrx_word' id='word_1_211' title='bbox 832 3036 944 3099; x_wconf 64' lang='lat' dir='ltr'>mena</span> <span class='ocrx_word' id='word_1_212' title='bbox 954 3035 1134 3098; x_wconf 86' lang='lat' dir='ltr'>addendam</span> <span class='ocrx_word' id='word_1_213' title='bbox 1149 3058 1218 3099; x_wconf 91' lang='lat' dir='ltr'>esse</span> <span class='ocrx_word' id='word_1_214' title='bbox 1232 3057 1354 3098; x_wconf 89' lang='lat' dir='ltr'>mecum</span> <span class='ocrx_word' id='word_1_215' title='bbox 1364 3041 1471 3097; x_wconf 89' lang='lat' dir='ltr'>censet</span> <span class='ocrx_word' id='word_1_216' title='bbox 1481 3035 1591 3096; x_wconf 87' lang='lat' dir='ltr'>Frein-</span> 
     </span>
     <span class='ocr_line' id='line_1_25' title="bbox 493 3135 1591 3211; baseline -0.002 -12"><span class='ocrx_word' id='word_1_217' title='bbox 493 3136 603 3199; x_wconf 85' lang='lat' dir='ltr'>deller.</span> <span class='ocrx_word' id='word_1_218' title='bbox 649 3136 800 3199; x_wconf 87' lang='lat' dir='ltr'>Ceterum</span> <span class='ocrx_word' id='word_1_219' title='bbox 826 3135 859 3198; x_wconf 92' lang='lat' dir='ltr'>id</span> <span class='ocrx_word' id='word_1_220' title='bbox 879 3136 1071 3199; x_wconf 93' lang='lat' dir='ltr'>monendum</span> <span class='ocrx_word' id='word_1_221' title='bbox 1091 3143 1148 3211; x_wconf 89' lang='lat' dir='ltr'>est,</span> <span class='ocrx_word' id='word_1_222' title='bbox 1168 3136 1354 3199; x_wconf 82' lang='lat' dir='ltr'>cathedram</span> <span class='ocrx_word' id='word_1_223' title='bbox 1373 3135 1460 3197; x_wconf 92' lang='lat' dir='ltr'>urbis</span> <span class='ocrx_word' id='word_1_224' title='bbox 1480 3135 1591 3197; x_wconf 84' lang='lat' dir='ltr'>Romae</span> 
     </span>
     <span class='ocr_line' id='line_1_26' title="bbox 492 3234 1591 3320; baseline -0.003 -21"><span class='ocrx_word' id='word_1_225' title='bbox 492 3258 550 3320; x_wconf 90' lang='lat' dir='ltr'>per</span> <span class='ocrx_word' id='word_1_226' title='bbox 564 3237 750 3300; x_wconf 91' lang='lat' dir='ltr'>decennium</span> <span class='ocrx_word' id='word_1_227' title='bbox 765 3238 905 3301; x_wconf 87' lang='lat' dir='ltr'>tenuisse</span> <span class='ocrx_word' id='word_1_228' title='bbox 925 3236 1017 3297; x_wconf 92' lang='lat' dir='ltr'>Pium</span> <span class='ocrx_word' id='word_1_229' title='bbox 1038 3242 1112 3319; x_wconf 87' lang='lat' dir='ltr'>post</span> <span class='ocrx_word' id='word_1_230' title='bbox 1129 3258 1247 3298; x_wconf 92' lang='lat' dir='ltr'>annum</span> <span class='ocrx_word' id='word_1_231' title='bbox 1262 3235 1381 3300; x_wconf 76' lang='lat' dir='ltr'>Christi</span> <span class='ocrx_word' id='word_1_232' title='bbox 1402 3257 1469 3297; x_wconf 78' lang='lat' dir='ltr'>cxc.</span> <span class='ocrx_word' id='word_1_233' title='bbox 1485 3234 1533 3297; x_wconf 85' lang='lat' dir='ltr'>vel</span> <span class='ocrx_word' id='word_1_234' title='bbox 1551 3256 1591 3297; x_wconf 87' lang='lat' dir='ltr'>ex</span> 
     </span>
     <span class='ocr_line' id='line_1_27' title="bbox 492 3334 1591 3417; baseline -0.001 -20"><span class='ocrx_word' id='word_1_235' title='bbox 492 3336 652 3398; x_wconf 90' lang='lat' dir='ltr'>sententia</span> <span class='ocrx_word' id='word_1_236' title='bbox 667 3335 884 3398; x_wconf 85' lang='lat' dir='ltr'>Pearsoniana</span> <span class='ocrx_word' id='word_1_237' title='bbox 897 3341 972 3417; x_wconf 90' lang='lat' dir='ltr'>post</span> <span class='ocrx_word' id='word_1_238' title='bbox 985 3356 1037 3397; x_wconf 86' lang='lat' dir='ltr'>an.</span> <span class='ocrx_word' id='word_1_239' title='bbox 1053 3357 1183 3398; x_wconf 86' lang='lat' dir='ltr'>cxxvm.</span> <span class='ocrx_word' id='word_1_240' title='bbox 1225 3336 1367 3398; x_wconf 76' lang='lat' dir='ltr'>Pastoris</span> <span class='ocrx_word' id='word_1_241' title='bbox 1378 3334 1501 3405; x_wconf 89' lang='lat' dir='ltr'>titulus,</span> <span class='ocrx_word' id='word_1_242' title='bbox 1514 3334 1591 3409; x_wconf 87' lang='lat' dir='ltr'>sive,</span> 
     </span>
     <span class='ocr_line' id='line_1_28' title="bbox 492 3433 1592 3516; baseline 0.004 -23"><span class='ocrx_word' id='word_1_243' title='bbox 492 3440 529 3495; x_wconf 91' lang='lat' dir='ltr'>ut</span> <span class='ocrx_word' id='word_1_244' title='bbox 544 3433 724 3516; x_wconf 89' lang='lat' dir='ltr'>loquuntur,</span> <span class='ocrx_word' id='word_1_245' title='bbox 735 3434 866 3497; x_wconf 87' lang='lat' dir='ltr'>ecclesia</span> <span class='ocrx_word' id='word_1_246' title='bbox 880 3435 1031 3508; x_wconf 88' lang='lat' dir='ltr'>titularis,</span> <span class='ocrx_word' id='word_1_247' title='bbox 1044 3436 1155 3497; x_wconf 82' lang='lat' dir='ltr'>Romae</span> <span class='ocrx_word' id='word_1_248' title='bbox 1167 3435 1240 3498; x_wconf 90' lang='lat' dir='ltr'>olim</span> <span class='ocrx_word' id='word_1_249' title='bbox 1253 3436 1373 3499; x_wconf 87' lang='lat' dir='ltr'>extitit.</span> <span class='ocrx_word' id='word_1_250' title='bbox 1418 3435 1592 3497; x_wconf 82' lang='lat' dir='ltr'>VidoActa</span> 
     </span>
     <span class='ocr_line' id='line_1_29' title="bbox 493 3533 1590 3618; baseline 0 -23"><span class='ocrx_word' id='word_1_251' title='bbox 493 3533 525 3595; x_wconf 81' lang='lat' dir='ltr'>S.</span> <span class='ocrx_word' id='word_1_252' title='bbox 536 3534 680 3616; x_wconf 49' lang='lat' dir='ltr'>Statarii</span> <span class='ocrx_word' id='word_1_253' title='bbox 696 3533 754 3594; x_wconf 93' lang='lat' dir='ltr'>sub</span> <span class='ocrx_word' id='word_1_254' title='bbox 770 3533 839 3595; x_wconf 89' lang='lat' dir='ltr'>init.</span> <span class='ocrx_word' id='word_1_255' title='bbox 855 3535 941 3615; x_wconf 89' lang='lat' dir='ltr'>apud</span> <span class='ocrx_word' id='word_1_256' title='bbox 957 3534 1128 3608; x_wconf 84' lang='lat' dir='ltr'>Surium,2</span> <span class='ocrx_word' id='word_1_257' title='bbox 1146 3535 1296 3618; x_wconf 85' lang='lat' dir='ltr'>Augusti,</span> <span class='ocrx_word' id='word_1_258' title='bbox 1311 3557 1342 3617; x_wconf 88' lang='lat' dir='ltr'>p.</span> <span class='ocrx_word' id='word_1_259' title='bbox 1361 3553 1398 3613; x_wconf 89' lang='lat'>27</span> <span class='ocrx_word' id='word_1_260' title='bbox 1416 3535 1466 3597; x_wconf 92' lang='lat' dir='ltr'>ed.</span> <span class='ocrx_word' id='word_1_261' title='bbox 1480 3535 1590 3597; x_wconf 71' lang='lat' dir='ltr'>celon.</span> 
     </span>
    </p>

    <p class='ocr_par' dir='ltr' id='par_1_5' title="bbox 492 3631 1593 4314">
     <span class='ocr_line' id='line_1_30' title="bbox 538 3631 1593 3717; baseline 0.005 -25"><span class='ocrx_word' id='word_1_262' title='bbox 538 3632 618 3694; x_wconf 89' lang='lat' dir='ltr'>lbid.</span> <span class='ocrx_word' id='word_1_263' title='bbox 629 3631 649 3693; x_wconf 91' lang='lat' dir='ltr'>l.</span> <span class='ocrx_word' id='word_1_264' title='bbox 661 3649 711 3694; x_wconf 88' lang='lat'>20.</span> <span class='ocrx_word' id='word_1_265' title='bbox 724 3653 758 3694; x_wconf 90' lang='lat' dir='ltr'>se</span> <span class='ocrx_word' id='word_1_266' title='bbox 771 3632 932 3716; x_wconf 88' lang='lat' dir='ltr'>publicare</span> <span class='ocrx_word' id='word_1_267' title='bbox 947 3634 1036 3716; x_wconf 87' lang='lat' dir='ltr'>vero]</span> <span class='ocrx_word' id='word_1_268' title='bbox 1052 3634 1128 3695; x_wconf 87' lang='lat' dir='ltr'>For.</span> <span class='ocrx_word' id='word_1_269' title='bbox 1139 3633 1353 3717; x_wconf 76' lang='lat' dir='ltr'>eedpellicori</span> <span class='ocrx_word' id='word_1_270' title='bbox 1363 3656 1447 3697; x_wconf 86' lang='lat' dir='ltr'>vero.</span> <span class='ocrx_word' id='word_1_271' title='bbox 1480 3636 1593 3698; x_wconf 81' lang='lat' dir='ltr'>Graece</span> 
     </span>
     <span class='ocr_line' id='line_1_31' title="bbox 493 3731 1592 3816; baseline 0 -21"><span class='ocrx_word' id='word_1_272' title='bbox 493 3734 575 3795; x_wconf 76' lang='grc' dir='ltr'>ἀλλὰ</span> <span class='ocrx_word' id='word_1_273' title='bbox 589 3734 817 3810; x_wconf 71' lang='grc' dir='ltr'>δημοσιεύεσθοι</span> <span class='ocrx_word' id='word_1_274' title='bbox 828 3731 873 3809; x_wconf 75' lang='grc' dir='ltr'>δή.</span> <span class='ocrx_word' id='word_1_275' title='bbox 911 3733 976 3795; x_wconf 77' lang='lat' dir='ltr'>Sed</span> <span class='ocrx_word' id='word_1_276' title='bbox 985 3754 1043 3815; x_wconf 93' lang='lat' dir='ltr'>pro</span> <span class='ocrx_word' id='word_1_277' title='bbox 1054 3754 1083 3795; x_wconf 81' lang='lat' dir='ltr'>so</span> <span class='ocrx_word' id='word_1_278' title='bbox 1097 3734 1205 3816; x_wconf 89' lang='lat' dir='ltr'>posuit</span> <span class='ocrx_word' id='word_1_279' title='bbox 1219 3740 1253 3796; x_wconf 91' lang='lat' dir='ltr'>et</span> <span class='ocrx_word' id='word_1_280' title='bbox 1265 3734 1472 3797; x_wconf 83' lang='lat' dir='ltr'>Freindcller.</span> <span class='ocrx_word' id='word_1_281' title='bbox 1509 3734 1592 3798; x_wconf 79' lang='lat' dir='ltr'>Gon-</span> 
     </span>
     <span class='ocr_line' id='line_1_32' title="bbox 493 3830 1592 3916; baseline 0.001 -22"><span class='ocrx_word' id='word_1_282' title='bbox 493 3833 540 3896; x_wconf 80' lang='lat' dir='ltr'>fer</span> <span class='ocrx_word' id='word_1_283' title='bbox 562 3853 657 3916; x_wconf 89' lang='lat' dir='ltr'>supra</span> <span class='ocrx_word' id='word_1_284' title='bbox 683 3853 756 3915; x_wconf 83' lang='lat' dir='ltr'>pag.</span> <span class='ocrx_word' id='word_1_285' title='bbox 772 3850 846 3915; x_wconf 82' lang='lat'>395.</span> <span class='ocrx_word' id='word_1_286' title='bbox 868 3830 922 3893; x_wconf 91' lang='lat' dir='ltr'>lin.</span> <span class='ocrx_word' id='word_1_287' title='bbox 942 3850 992 3894; x_wconf 86' lang='lat'>12.</span> <span class='ocrx_word' id='word_1_288' title='bbox 1038 3831 1193 3915; x_wconf 90' lang='lat' dir='ltr'>Reposuit</span> <span class='ocrx_word' id='word_1_289' title='bbox 1219 3838 1337 3908; x_wconf 88' lang='lat' dir='ltr'>temen,</span> <span class='ocrx_word' id='word_1_290' title='bbox 1369 3832 1474 3895; x_wconf 92' lang='lat' dir='ltr'>nescio</span> <span class='ocrx_word' id='word_1_291' title='bbox 1506 3833 1592 3896; x_wconf 93' lang='lat' dir='ltr'>unde</span> 
     </span>
     <span class='ocr_line' id='line_1_33' title="bbox 493 3932 1591 4016; baseline 0 -21"><span class='ocrx_word' id='word_1_292' title='bbox 493 3940 664 4016; x_wconf 85' lang='lat' dir='ltr'>sumptum,</span> <span class='ocrx_word' id='word_1_293' title='bbox 680 3932 740 3994; x_wconf 89' lang='lat' dir='ltr'>nisi</span> <span class='ocrx_word' id='word_1_294' title='bbox 755 3954 794 3995; x_wconf 83' lang='lat' dir='ltr'>ex</span> <span class='ocrx_word' id='word_1_295' title='bbox 809 3932 1001 4015; x_wconf 87' lang='lat' dir='ltr'>conjectura,</span> <span class='ocrx_word' id='word_1_296' title='bbox 1013 3953 1120 3995; x_wconf 89' lang='lat' dir='ltr'>vocem</span> <span class='ocrx_word' id='word_1_297' title='bbox 1135 3952 1218 3994; x_wconf 80' lang='grc' dir='ltr'>οοοιο</span> <span class='ocrx_word' id='word_1_298' title='bbox 1229 3953 1287 4014; x_wconf 89' lang='lat' dir='ltr'>pro</span> <span class='ocrx_word' id='word_1_299' title='bbox 1302 3953 1369 3993; x_wconf 80' lang='lat' dir='ltr'>cero</span> <span class='ocrx_word' id='word_1_300' title='bbox 1384 3932 1422 3994; x_wconf 93' lang='lat' dir='ltr'>cl.</span> <span class='ocrx_word' id='word_1_301' title='bbox 1435 3932 1591 3995; x_wconf 88' lang='lat' dir='ltr'>Schmidt.</span> 
     </span>
     <span class='ocr_line' id='line_1_34' title="bbox 494 4030 1589 4115; baseline 0 -22"><span class='ocrx_word' id='word_1_302' title='bbox 494 4033 589 4095; x_wconf 87' lang='lat' dir='ltr'>verba</span> <span class='ocrx_word' id='word_1_303' title='bbox 596 4034 756 4096; x_wconf 88' lang='lat' dir='ltr'>adducens</span> <span class='ocrx_word' id='word_1_304' title='bbox 767 4032 799 4094; x_wconf 92' lang='lat' dir='ltr'>in</span> <span class='ocrx_word' id='word_1_305' title='bbox 811 4032 893 4094; x_wconf 79' lang='lat' dir='ltr'>Hist.</span> <span class='ocrx_word' id='word_1_306' title='bbox 903 4041 930 4093; x_wconf 83' lang='lat' dir='ltr'>ct</span> <span class='ocrx_word' id='word_1_307' title='bbox 947 4030 1066 4094; x_wconf 71' lang='lat' dir='ltr'>Vindio.</span> <span class='ocrx_word' id='word_1_308' title='bbox 1082 4033 1213 4095; x_wconf 71' lang='lat' dir='ltr'>Cocconis</span> <span class='ocrx_word' id='word_1_309' title='bbox 1220 4033 1266 4094; x_wconf 90' lang='lat' dir='ltr'>N.</span> <span class='ocrx_word' id='word_1_310' title='bbox 1278 4042 1305 4093; x_wconf 74' lang='lat' dir='ltr'>a</span> <span class='ocrx_word' id='word_1_311' title='bbox 1322 4032 1355 4094; x_wconf 85' lang='lat' dir='ltr'>V.</span> <span class='ocrx_word' id='word_1_312' title='bbox 1370 4033 1403 4094; x_wconf 82' lang='grc' dir='ltr'>Τ.</span> <span class='ocrx_word' id='word_1_313' title='bbox 1416 4054 1446 4115; x_wconf 91' lang='lat' dir='ltr'>p.</span> <span class='ocrx_word' id='word_1_314' title='bbox 1459 4050 1509 4109; x_wconf 82' lang='lat'>24.</span> <span class='ocrx_word' id='word_1_315' title='bbox 1538 4033 1589 4093; x_wconf 90' lang='lat' dir='ltr'>In·</span> 
     </span>
     <span class='ocr_line' id='line_1_35' title="bbox 492 4131 1592 4216; baseline -0.002 -22"><span class='ocrx_word' id='word_1_316' title='bbox 492 4139 581 4195; x_wconf 91' lang='lat' dir='ltr'>terea</span> <span class='ocrx_word' id='word_1_317' title='bbox 595 4139 798 4216; x_wconf 91' lang='lat' dir='ltr'>opponuntur</span> <span class='ocrx_word' id='word_1_318' title='bbox 809 4138 869 4195; x_wconf 79' lang='grc' dir='ltr'>τοῖς</span> <span class='ocrx_word' id='word_1_319' title='bbox 884 4133 1066 4211; x_wconf 80' lang='grc' dir='ltr'>ἆποκρύφοις</span> <span class='ocrx_word' id='word_1_320' title='bbox 1079 4131 1150 4193; x_wconf 90' lang='lat' dir='ltr'>libri</span> <span class='ocrx_word' id='word_1_321' title='bbox 1165 4131 1337 4216; x_wconf 45' lang='lat' dir='ltr'>publicat&amp;</span> <span class='ocrx_word' id='word_1_322' title='bbox 1361 4132 1417 4193; x_wconf 90' lang='lat' dir='ltr'>scd</span> <span class='ocrx_word' id='word_1_323' title='bbox 1432 4131 1592 4193; x_wconf 87' lang='lat' dir='ltr'>Eusebius</span> 
     </span>
     <span class='ocr_line' id='line_1_36' title="bbox 492 4230 1590 4314; baseline 0 -23"><span class='ocrx_word' id='word_1_324' title='bbox 492 4230 544 4292; x_wconf 90' lang='lat' dir='ltr'>lib.</span> <span class='ocrx_word' id='word_1_325' title='bbox 559 4231 602 4292; x_wconf 90' lang='lat' dir='ltr'>iii.</span> <span class='ocrx_word' id='word_1_326' title='bbox 618 4230 699 4291; x_wconf 72' lang='lat' dir='ltr'>Hoc.</span> <span class='ocrx_word' id='word_1_327' title='bbox 720 4250 789 4312; x_wconf 88' lang='lat' dir='ltr'>cap.</span> <span class='ocrx_word' id='word_1_328' title='bbox 805 4248 835 4311; x_wconf 85' lang='lat'>3.</span> <span class='ocrx_word' id='word_1_329' title='bbox 857 4230 897 4291; x_wconf 93' lang='lat' dir='ltr'>de</span> <span class='ocrx_word' id='word_1_330' title='bbox 919 4251 977 4292; x_wconf 90' lang='lat' dir='ltr'>suo</span> <span class='ocrx_word' id='word_1_331' title='bbox 997 4230 1095 4313; x_wconf 82' lang='lat' dir='ltr'>ipsius</span> <span class='ocrx_word' id='word_1_332' title='bbox 1114 4239 1257 4313; x_wconf 86' lang='lat' dir='ltr'>tempore</span> <span class='ocrx_word' id='word_1_333' title='bbox 1275 4252 1313 4293; x_wconf 83' lang='lat' dir='ltr'>cc</span> <span class='ocrx_word' id='word_1_334' title='bbox 1332 4231 1461 4314; x_wconf 86' lang='lat' dir='ltr'>regione</span> <span class='ocrx_word' id='word_1_335' title='bbox 1481 4251 1590 4314; x_wconf 83' lang='lat' dir='ltr'>agens,</span> 
     </span>
    </p>
   </div>
   <div class='ocr_carea' id='block_1_3' title="bbox 491 4318 1592 4609">
    <p class='ocr_par' dir='ltr' id='par_1_6' title="bbox 491 4318 1592 4609">
     <span class='ocr_line' id='line_1_37' title="bbox 491 4318 1592 4414; baseline 0.001 -23"><span class='ocrx_word' id='word_1_336' title='bbox 491 4329 551 4392; x_wconf 91' lang='lat' dir='ltr'>hoe</span> <span class='ocrx_word' id='word_1_337' title='bbox 566 4331 668 4412; x_wconf 91' lang='lat' dir='ltr'>ipsum</span> <span class='ocrx_word' id='word_1_338' title='bbox 685 4330 815 4392; x_wconf 82' lang='lat' dir='ltr'>Hermae</span> <span class='ocrx_word' id='word_1_339' title='bbox 831 4351 911 4412; x_wconf 94' lang='lat' dir='ltr'>opus</span> <span class='ocrx_word' id='word_1_340' title='bbox 925 4330 1024 4392; x_wconf 88' lang='lat' dir='ltr'>etiam</span> <span class='ocrx_word' id='word_1_341' title='bbox 1040 4330 1071 4392; x_wconf 92' lang='lat' dir='ltr'>in</span> <span class='ocrx_word' id='word_1_342' title='bbox 1086 4330 1224 4393; x_wconf 90' lang='lat' dir='ltr'>ecclesiis</span> <span class='ocrx_word' id='word_1_343' title='bbox 1239 4318 1477 4409; x_wconf 73' lang='grc' dir='ltr'>δημοσιεύὲσθαι,</span> <span class='ocrx_word' id='word_1_344' title='bbox 1488 4329 1592 4414; x_wconf 81' lang='lat' dir='ltr'>padl&#39;-</span> 
     </span>
     <span class='ocr_line' id='line_1_38' title="bbox 491 4430 1590 4513; baseline -0.001 -22"><span class='ocrx_word' id='word_1_345' title='bbox 491 4432 560 4491; x_wconf 85' lang='lat' dir='ltr'>cari</span> <span class='ocrx_word' id='word_1_346' title='bbox 574 4452 628 4492; x_wconf 90' lang='lat' dir='ltr'>seu</span> <span class='ocrx_word' id='word_1_347' title='bbox 639 4430 761 4513; x_wconf 77' lang='lat' dir='ltr'>pollice</span> <span class='ocrx_word' id='word_1_348' title='bbox 777 4432 844 4512; x_wconf 61' lang='lat' dir='ltr'>lapi,</span> <span class='ocrx_word' id='word_1_349' title='bbox 857 4431 1055 4493; x_wconf 88' lang='lat' dir='ltr'>consuevisse</span> <span class='ocrx_word' id='word_1_350' title='bbox 1069 4430 1128 4505; x_wconf 91' lang='lat' dir='ltr'>ait,</span> <span class='ocrx_word' id='word_1_351' title='bbox 1139 4430 1199 4493; x_wconf 88' lang='lat' dir='ltr'>etsi</span> <span class='ocrx_word' id='word_1_352' title='bbox 1216 4433 1250 4493; x_wconf 83' lang='grc' dir='ltr'>ἐν</span> <span class='ocrx_word' id='word_1_353' title='bbox 1264 4430 1516 4510; x_wconf 73' lang='grc' dir='ltr'>ὁμολογουμένοις</span> <span class='ocrx_word' id='word_1_354' title='bbox 1527 4451 1590 4491; x_wconf 91' lang='lat' dir='ltr'>non</span> 
     </span>
     <span class='ocr_line' id='line_1_39' title="bbox 491 4529 1591 4609; baseline 0.005 -22"><span class='ocrx_word' id='word_1_355' title='bbox 491 4530 719 4609; x_wconf 88' lang='lat' dir='ltr'>reponendum.</span> <span class='ocrx_word' id='word_1_356' title='bbox 779 4531 879 4593; x_wconf 90' lang='lat' dir='ltr'>Liber</span> <span class='ocrx_word' id='word_1_357' title='bbox 907 4539 1015 4593; x_wconf 86' lang='lat' dir='ltr'>autem</span> <span class='ocrx_word' id='word_1_358' title='bbox 1045 4529 1096 4592; x_wconf 92' lang='lat' dir='ltr'>hic</span> <span class='ocrx_word' id='word_1_359' title='bbox 1126 4530 1281 4606; x_wconf 88' lang='lat' dir='ltr'>Pastoris,</span> <span class='ocrx_word' id='word_1_360' title='bbox 1308 4530 1353 4594; x_wconf 89' lang='lat' dir='ltr'>ait</span> <span class='ocrx_word' id='word_1_361' title='bbox 1383 4530 1591 4593; x_wconf 87' lang='lat' dir='ltr'>Freindaller.</span> 
     </span>
    </p>
   </div>
   <div class='ocr_carea' id='block_1_4' title="bbox 0 0 1910 5650">
    <p class='ocr_par' dir='ltr' id='par_1_7' title="bbox 0 0 1910 5650">
     <span class='ocr_line' id='line_1_40' title="bbox 0 0 1910 5650; baseline 0 2"><span class='ocrx_word' id='word_1_362' title='bbox 0 0 1910 5650; x_wconf 95' lang='lat' dir='ltr'> </span> 
     </span>
    </p>
   </div>
  </div>
 </body>
</html>
