3809 5650
498 691 549 753 IN
574 689 858 752 FRAGMENT.
884 689 1086 753 INCERTI
1111 692 1404 755 SCRIPTORIS.
1439 693 1502 754 423

398 865 565 922 enarratas
579 857 686 924 luisse.
728 858 810 921 Turn
830 880 903 922 vero
922 880 944 923 a
964 859 1051 943 Syris
1070 859 1238 944 epistolam
1257 859 1373 923 Jacobi
1395 881 1501 944 recep-

398 967 568 1034 tentasse,
593 959 691 1022 refert
717 959 849 1023 Oosmas
869 958 1121 1045 Iudicopleustes
1146 961 1195 1025 De
1221 960 1343 1024 allsacdo
1371 961 1501 1024 libuli.

398 1083 429 1144 p.
442 1080 513 1140 292.
526 1061 602 1124 edit.
615 1061 835 1125 Montsaucon.
851 1063 1025 1146 eademque
1035 1064 1170 1148 epistola
1181 1064 1212 1126 in
1224 1062 1366 1127 versione
1378 1085 1503 1147 semper

399 1160 509 1225 extitit
521 1160 662 1244 Syriaca,
678 1161 760 1223 sicut
775 1161 840 1223 lere
855 1183 979 1244 semper
994 1183 1057 1224 una
1071 1161 1133 1224 alia
1148 1184 1187 1224 ex
1197 1170 1318 1243 septem
1330 1160 1503 1245 Scripturis

400 1262 654 1343 ἀντιλεγομέναις,
670 1261 805 1345 epistola
818 1263 859 1324 ad
877 1263 1043 1325 Hebraeos.
1089 1262 1152 1324 Ill.
1176 1262 1321 1345 Denique
1337 1263 1376 1324 de
1398 1263 1504 1327 Tertia

399 1363 540 1447 Epistola
556 1365 590 1426 S.
599 1363 732 1425 Ioannis
750 1362 817 1425 haec
836 1363 973 1436 addam;
998 1369 1247 1427 commentatum
1262 1362 1388 1447 quidem
1407 1363 1504 1427 fuisse

401 1464 434 1525 in
450 1464 529 1526 duas
551 1462 672 1548 priores
694 1462 788 1546 hujus
809 1463 945 1546 apostoli
968 1463 1118 1547 epistolas
1140 1463 1274 1527 eundem
1293 1463 1502 1540 Clementem,

401 1564 434 1626 id
449 1571 590 1628 testante
604 1564 637 1626 in
652 1565 705 1627 lib.
720 1565 823 1649 primo
837 1564 946 1627 Dinia
966 1565 1138 1628 lacrimae
1159 1585 1286 1627 suarum
1303 1563 1504 1639 Cassiodorc,

401 1687 469 1749 cap.
487 1667 517 1727 8.
541 1666 638 1729 immo
658 1688 732 1730 vero
754 1675 865 1729 extare
879 1666 995 1742 adhuc,
1010 1687 1082 1749 quae
1105 1664 1329 1727 adscribuntur
1348 1655 1503 1728 Olementi

402 1766 496 1829 Alex.
519 1765 768 1830 Aducnbratiencs
788 1767 821 1829 iu
842 1767 902 1830 has
923 1767 1004 1829 duas
1025 1765 1187 1850 epistolas,
1209 1787 1272 1828 non
1294 1764 1326 1826 in
1351 1765 1504 1841 tertiam;

401 1866 457 1928 sed
473 1875 580 1930 tamen
595 1868 724 1931 tradere
739 1867 912 1930 Eusebium
923 1868 977 1930 lib.
988 1867 1029 1931 vi.
1046 1867 1133 1930 Hic.
1149 1888 1218 1950 cap.
1233 1885 1278 1944 14.
1309 1864 1504 1929 Clementem

402 1966 434 2030 in
449 1968 538 2030 libris
552 1966 789 2032 ‘Tecmessae
803 1969 943 2032 omniurn
963 1968 1128 2052 utriusque
1143 1965 1341 2030 Testamenti
1363 1965 1506 2049 Scriptu-

403 2090 510 2133 rarum
525 2070 779 2153 compendiosam
794 2069 968 2134 instituisse
983 2069 1227 2144 enarrationem,
1243 2069 1295 2130 Ns
1308 2067 1372 2130 illis
1385 2067 1505 2151 quidem

396 2172 610 2254 proetcrmissis
627 2172 796 2256 scripturis,
819 2171 980 2256 dequibus
998 2172 1080 2235 inter
1097 2169 1204 2233 ascitos
1222 2167 1506 2253 antiquandam

402 2272 537 2356 ορίείοὶα,
551 2283 578 2336 at
597 2272 765 2349 Baraaboe,
781 2297 818 2337 cc
836 2274 961 2358 reliquis
980 2273 1132 2337 catholicis
1149 2272 1289 2357 epistolas
1328 2271 1505 2356 Sumpserat

403 2396 479 2458 ergo
495 2374 648 2441 Clemens.
664 2375 690 2437 si
713 2382 881 2438 accuratus
894 2374 988 2438 testis
1008 2381 1058 2438 est
1081 2374 1247 2449 Eusebius,
1262 2373 1507 2437 commentarios

404 2475 436 2537 iu
451 2475 581 2539 tertiam
597 2474 763 2558 epistolam
779 2474 926 2547 loannis,
938 2497 1030 2559 aeque
1041 2496 1078 2538 ac
1093 2475 1116 2536 J
1119 2476 1209 2538 scobi
1224 2475 1401 2558 epistolam.
1443 2476 1505 2539 Ut-

404 2599 526 2661 cunque
540 2600 591 2640 res
611 2579 719 2653 habet,
734 2579 793 2640 hoc
808 2586 894 2641 certe
909 2579 1117 2662 colligendum
1133 2585 1191 2650 est,
1207 2600 1246 2640 ex
1262 2599 1300 2640 eo
1318 2579 1401 2661 quod
1422 2579 1505 2642 idem

405 2679 552 2741 Clemens
563 2678 595 2741 in
608 2679 701 2742 lib.ii.
717 2680 906 2741 Slrcncetum
915 2701 983 2762 cap.
993 2700 1000 2739 ι
1007 2698 1038 2761 5.
1052 2658 1213 2742 adducens
1224 2678 1358 2761 primam
1369 2678 1393 2740 J
1395 2679 1506 2742 cannis

404 2780 687 2865 epistolam,quan1
702 2802 811 2843 omues
821 2802 841 2844 a
853 2780 1020 2865 l‘olyearpi
1032 2787 1066 2846 et
1079 2781 1187 2865 Papiae
1200 2801 1298 2863 usque
1309 2779 1506 2864 temporibus

404 2889 601 2967 receperant,
618 2885 652 2945 ἐν
674 2884 710 2968 τῇ
732 2885 844 2961 μείζονι
866 2885 1010 2967 ἐπιστολῇ
1034 2884 1073 2947 de
1093 2905 1132 2946 ea
1155 2882 1280 2966 posuit;
1304 2881 1505 2945 tribuendam

405 3006 474 3047 esse
488 2983 601 3046 saltem
617 2984 786 3047 secundam
798 2983 963 3068 epistolam
976 3006 1016 3047 ex
1026 2982 1197 3048 Clementis
1212 2982 1372 3047 sententia
1386 2982 1409 3043 J
1411 2982 1506 3045 canni

404 3085 562 3169 apostolo,
583 3107 645 3148 non
668 3087 863 3169 presbytero,
880 3085 929 3149 cui
954 3085 1080 3169 quidem
1102 3084 1194 3149 multi
1216 3084 1403 3169 antiquitus,
1423 3090 1508 3147 teste

407 3188 604 3270 Hieronymo
619 3210 645 3250 c.
657 3208 685 3270 9.
702 3189 750 3249 Dc
772 3187 857 3251 Viris
878 3187 931 3251 Ill.
956 3194 990 3251 et
1013 3186 1151 3250 Eusebio
1173 3187 1225 3250 lib.
1244 3186 1286 3249 iii.
1310 3186 1397 3248 Hist.
1414 3207 1440 3248 c.
1452 3204 1471 3268 3
1473 3203 1506 3268 5.

405 3290 485 3353 duas
499 3289 648 3373 epistolas
663 3289 853 3372 posteriores
867 3311 1008 3352 asserere
1023 3289 1186 3364 solebant3
1208 3289 1293 3352 haud
1311 3296 1419 3351 tamen
1435 3309 1508 3350 con-

405 3391 562 3456 sentiente
585 3392 782 3474 Hieronymo
802 3391 882 3475 ipso,
898 3390 963 3474 qui,
979 3398 1016 3453 ut
1036 3413 1075 3453 ex
1096 3391 1248 3475 Epistola
1265 3391 1333 3475 ejus
1353 3391 1397 3453 ad
1418 3392 1509 3453 Pac*

405 3493 587 3577 discrepo.
603 3494 652 3555 ed.
670 3492 807 3556 Froben.
823 3499 857 3556 et
870 3493 1097 3577 chvapricaa
1107 3515 1138 3576 p.
1151 3511 1227 3577 334.
1239 3498 1378 3569 constat,
1389 3498 1509 3555 utram-

406 3616 467 3677 que
493 3594 610 3658 Joauni
635 3594 780 3678 apostole
805 3594 982 3678 adscripsit.
1030 3595 1161 3659 Interea
1186 3596 1314 3679 quinam
1339 3593 1509 3677 scriptores

405 3703 481 3759 ante
497 3694 645 3779 Cypriani
668 3702 813 3779 tempora
835 3696 1006 3760 secundam
1029 3696 1167 3781 amplexi
1191 3696 1309 3759 suerint
1329 3694 1508 3780 epistolam,

406 3796 531 3860 ostendi
553 3798 595 3860 ad
618 3800 744 3860 Conon.
767 3797 927 3863 Osarene.
943 3820 998 3860 v11.
1018 3820 1091 3881 pag.
1110 3799 1181 3860 166.
1200 3797 1313 3860 voliii.
1337 3796 1510 3879 Reliquiae.

407 3897 521 3980 quibus
546 3920 628 3962 nuuc
654 3900 771 3962 addam
795 3906 959 3962 auctorem
983 3905 1059 3961 ante
1085 3899 1239 3981 synodum
1266 3895 1428 3959 Nicaenam
1456 3894 1510 3979 qui

406 3995 544 4079 scripsit,
567 3996 788 4060 Alexandrum
813 3995 907 4059 Alex.
930 3996 963 4059 in
983 3996 1125 4081 Epistola
1145 4019 1203 4059 sua
1221 3997 1307 4079 apud
1334 3995 1510 4071 Socratem,

406 4094 459 4160 lib.
476 4096 497 4159 i.
513 4097 599 4160 Hist.
616 4120 643 4161 c.
654 4100 683 4160 6.
723 4098 905 4161 Fatendum
925 4119 1000 4161 vero
1020 4105 1080 4171 est,
1095 4098 1128 4160 iu
1149 4097 1269 4159 nullum
1288 4118 1340 4160 me
1363 4097 1511 4160 incidisse

406 4198 593 4283 scriptorem
621 4198 896 4274 AnteNieoenum,
923 4200 1061 4262 fortasse
1085 4208 1217 4282 propter
1241 4199 1383 4282 epistolae
1410 4198 1511 4261 brevi·

406 4308 520 4377 tatem,
536 4302 589 4386 qui
611 4301 742 4365 tertiam
757 4301 924 4385 epistolam
944 4301 1125 4378 adduxerit,
1139 4300 1201 4364 nisi
1221 4298 1273 4384 qui
1294 4307 1368 4384 post
1390 4299 1510 4363 factam

406 4404 599 4466 ment-ionem
624 4403 702 4489 ejus,
728 4403 776 4466 vel
800 4404 848 4467 sui
871 4404 979 4487 ipsius,
1002 4404 1050 4466 vel
1076 4403 1210 4466 aliorum
1234 4402 1359 4479 saltem,
1385 4402 1510 4466 dubita·

406 4503 527 4568 tionem
543 4505 582 4567 de
596 4504 692 4588 hujus
705 4513 803 4588 atque
818 4506 963 4568 seeundae
979 4504 1121 4588 epistolae
1136 4507 1307 4586 γνησιότητι
1317 4504 1410 4567 simul
1421 4504 1510 4567 addi-

407 4606 501 4670 derit.
547 4605 611 4669 Sed
625 4606 694 4670 haec
707 4607 871 4669 hactenus.

454 4708 584 4772 Interea
598 4709 653 4792 qul
674 4708 722 4785 fit,
740 4707 824 4792 quod
846 4707 947 4792 magis
970 4707 1130 4784 miremur,
1145 4716 1182 4772 ut
1204 4707 1297 4770 sileat
1318 4706 1415 4792 hujus
1427 4706 1510 4791 frag·
1567 4783 1571 4790 .
