3809 5650
523 695 748 763 EPISTOLA
772 698 1098 764 VIENNENSIUM
1123 696 1181 765 ET
1204 695 1339 761 LUGD.
1413 696 1481 762 ³07

379 858 440 934 καὶ
475 870 642 942 ποικιλας
678 860 817 964 ἔπασχε
852 858 1009 961 πληγείς·
1063 866 1137 940 τοῖν
1177 858 1244 959 μὲν
1289 857 1478 958 σύνεγγυς,

378 992 485 1092 χερσὶ
521 994 579 1071 καὶ
614 996 728 1074 ποσὶν
771 993 1023 1097 ἐνυβριζόντων
1057 994 1248 1089 παντοίως,
1285 989 1374 1091 μηδὲ
1413 988 1480 1089 τὴν

376 1123 520 1221 ἡλικίαν
554 1126 769 1225 αἰδουμένων
802 1127 925 1206 αὐτοῦ·
969 1133 1042 1206 τιῦν
1079 1124 1117 1206 δὲ
1148 1123 1299 1228 μακράν,
1336 1121 1357 1202 δ
1388 1120 1480 1222 μετὰ

376 1264 498 1361 χεῖρας
524 1258 677 1342 ἕκαστος
703 1256 807 1364 εἶχεν,
831 1265 880 1344 εἰς
907 1258 1015 1340 αὐτὸν
1042 1257 1304 1361 ἀκοντιζόντων
1332 1255 1480 1338 πάντων

351 1388 417 1485 sd&
441 1390 647 1492 ἡγουμένων
669 1392 837 1494 μεγιίλως
859 1398 1088 1491 πλημμελεῖν
1113 1394 1171 1471 καὶ
1195 1395 1352 1489 ἀσεβεῖν,
1371 1390 1406 1470 εἴ
1425 1424 1478 1474 τις

376 1525 612 1632 ἀπολειφθείη
644 1530 708 1624 τῆς
739 1533 788 1610 εῖς
816 1526 924 1606 αῦτδν
954 1528 1159 1628 ἀσελγείας.
1203 1529 1263 1606 καὶ
1293 1525 1366 1629 γάρ
1395 1524 1479 1610 τοῦς
1510 1567 1513 1571 ·

377 1655 479 1741 θεοὺς
511 1659 629 1738 αῦτῶν
662 1655 775 1766 ᾤοντο
806 1663 918 1746 οὕτως
942 1660 1153 1762 ἐκδικήσειν.
1192 1662 1251 1741 καὶ
1277 1659 1384 1761 μόγις
1410 1662 1476 1760 ε’μ-

374 1790 494 1870 πνέων
512 1792 639 1899 ε’ῤῥίφη
654 1794 758 1897 ε’ντῇ
782 1798 914 1900 εἱρκτῇ,
928 1800 993 1875 ,καὶ
1018 1793 1110 1894 μετὰ
1137 1793 1200 1874 δύο
1227 1793 1359 1895 ἡμέρας
1385 1794 1474 1874 ἀπέ-

374 1929 433 2030 ψν
458 1960 507 2005 εν.

331 2105 370 2143 ιο
434 2057 469 2140 ι’.
500 2061 681 2141 Ἐνταῦθα
714 2060 758 2162 δὴ
795 2062 937 2164 μεγάλη
973 2067 1027 2147 τῖς
1063 2065 1244 2163 οἰκονομία
1280 2070 1345 2142 τοῦ
1382 2068 1478 2143 θεοῦ

376 2193 520 2294 ἐγίνετο,
545 2198 604 2274 καὶ
631 2194 731 2280 ἕλεος
758 2196 955 2298 ἀμέτρητον
983 2198 1191 2302 ἀνεφαίνετο
1206 2198 1342 2296 Ἰησοῦ·
1373 2230 1473 2276 σπα-

377 2328 460 2411 νίως
476 2327 541 2427 μὲν
559 2331 597 2408 ε’ν
622 2335 668 2433 τῇ
693 2325 912 2434 ἀδελφότητι
936 2325 1095 2431 γεγονδς,
1117 2327 1168 2429 μὴ
1191 2326 1478 2427 ἀπολειπόμενον

376 2457 416 2538 δὲ
433 2464 498 2558 τῆς
515 2461 641 2565 τέχνης
658 2471 723 2542 τοῦ
740 2467 917 2564 Χριστοῦ.
977 2468 1011 2543 οῖ
1029 2462 1101 2566 γάρ
1124 2462 1215 2543 κατά
1239 2462 1305 2563 τὴν
1329 2464 1478 2566 πρώτην

376 2591 570 2698 σύλληψιν
606 2594 748 2699 ἔξαρνοι
779 2593 972 2695 γενόμενοι,
1005 2598 1254 2677 συνεκλείοντο
1286 2600 1345 2677 καὶ
1376 2600 1477 2678 αὐτοὶ

332 2727 436 2814 {snei
452 2731 614 2830 μετεῖχον
632 2733 704 2805 τῶν
722 2729 856 2806 δεινοῖν.
887 2726 967 2806 οῦδὲ
992 2727 1064 2831 γὰρ
1088 2732 1126 2808 ἐν
1150 2736 1203 2836 τῷ
1227 2736 1337 2838 καιρῷ
1360 2729 1476 2838 τούτῳ

374 2859 511 2965 ὄφελός
546 2894 582 2940 τι
613 2862 731 2945 αῦτοῖς
763 2862 786 2960 ἡ
818 2860 1010 2968 ἐξάρνησις
1041 2864 1189 2963 ε’γίνετο·
1233 2866 1317 2943 ἀλλ’
1347 2870 1380 2943 οῖ
1410 2864 1477 2963 μὲν

376 2996 637 3097 ὁμολογοῦντες
660 2994 681 3075 δ
706 2997 766 3074 καὶ
789 2994 895 3095 ἦσαν,
914 2996 1163 3076 συνεκλείοντο
1187 2998 1236 3080 ὡς
1263 3001 1476 3099 Χριστιανοὶ

374 3130 550 3227 μηδεμιᾶς
576 3126 695 3228 ἀλλης
720 3129 835 3212 αἰτίας
859 3131 979 3212 αὐτοῖς
1004 3127 1270 3235 ἐπιφερομένης.
1311 3129 1409 3210 οὗτοι
1437 3130 1477 3211 δὲ

376 3397 466 3463 atque
487 3385 648 3444 innumeris
668 3385 761 3466 pingis
780 3387 902 3447 effeetus
994 3407 1043 3447 ro.
1065 3387 1124 3446 Hie
1137 3406 1207 3446 vero
1218 3386 1377 3465 singularis
1395 3406 1474 3465 quae·

330 3480 368 3519 20
378 3476 431 3533 est,
449 3485 515 3524 cum
536 3464 557 3521 ii
574 3464 693 3541 quidem
711 3465 763 3542 qui
781 3467 902 3546 propius
952 3468 1018 3526 dam
1033 3467 1092 3526 Dei
1106 3466 1293 3546 dispensatio,
1308 3477 1339 3525 et
1353 3467 1474 3526 immen-

376 3545 540 3608 adstabant,
554 3542 681 3603 oaloibus
694 3555 725 3604 et
741 3547 847 3624 pugnis
864 3547 900 3605 il-
951 3567 984 3606 aa
996 3547 1070 3606 Jesu
1085 3546 1195 3605 Christi
1214 3546 1411 3605 miserioordia
1423 3566 1474 3626 ap·

376 3623 439 3682 lum
473 3622 682 3683 oontumeliose
719 3636 900 3702 appeterent,
951 3627 1067 3705 pamit:
1092 3645 1158 3684 raro
1179 3625 1296 3704 quidem
1320 3626 1397 3683 inter
1415 3626 1475 3684 sra-
1585 3637 1587 3642 ’

377 3723 431 3761 neo
444 3702 533 3760 ullam
545 3702 609 3779 ejus
619 3704 699 3761 etati
708 3706 900 3763 reverentiam
951 3717 1011 3765 tres
1029 3705 1174 3785 exemplo,
1187 3704 1239 3764 sed
1259 3725 1278 3763 a
1299 3703 1475 3764 dexteritate

377 3781 566 3841 exhdrerent:
599 3782 655 3859 qui
686 3802 756 3841 sero
785 3782 901 3861 longius
950 3785 1126 3863 ingenioque
1143 3782 1218 3843 desu
1231 3783 1341 3841 Christi
1355 3782 1475 3842 minime

329 3878 365 3934 25
377 3860 533 3931 distabant,
558 3861 696 3939 quioquid
721 3861 758 3920 ad
781 3882 900 3921 manum
949 3861 1410 3939 alienoOnrnessiquidemquia
1434 3863 1474 3920 ri·

376 3948 448 4005 erat,
463 3941 494 3997 in
507 3940 604 4019 ipsum
617 3942 812 4016 oonjioereut:
837 3961 900 3999 om.
949 3962 998 3999 ma
1010 3941 1110 4000 statim
1119 3939 1377 4019 comprehensione
1387 3881 1474 3998 fidem

376 4038 428 4077 nea
440 4018 566 4094 deniqne
578 4020 739 4096 gravnomi
753 4019 853 4079 delicti
867 4040 900 4078 ac
950 4030 1135 4099 negaverant.
1149 4019 1206 4097 ipsi
1226 4037 1343 4096 quoque
1362 4018 1394 4075 in
1412 4038 1474 4077 oar.

376 4097 484 4176 piaculi
498 4117 605 4156 reoase
618 4098 828 4166 existimarent,
843 4099 899 4157 nisi
950 4118 1043 4158 nerem
1065 4098 1199 4175 oonjeoti,
1219 4097 1320 4157 eadem
1341 4117 1406 4173 quor
1426 4117 1473 4157 ee-

376 4196 430 4253 pro
454 4196 507 4234 sua
535 4176 658 4253 quisque
687 4187 770 4256 parte
797 4177 825 4236 ei
848 4198 900 4256 pe-
951 4178 1007 4235 teri
1020 4187 1162 4255 martyres
1175 4176 1368 4253 perferebant.
1410 4176 1475 4237 Ne·

326 4254 506 4328 30tulanter
538 4254 679 4314 insultare
710 4255 900 4315 studuissent.
949 4275 1008 4332 qne
1035 4256 1112 4315 enim
1137 4255 1196 4315 illis
1219 4254 1375 4332 quidquam
1401 4266 1474 4315 tune

375 4334 496 4413 Quippe
510 4334 568 4391 hoo
585 4333 672 4392 modo
690 4335 826 4411 injuriam
840 4335 899 4393 Da-
950 4334 1063 4428 profuit
1073 4334 1142 4394 fidei
1152 4354 1211 4393 snae
1219 4334 1344 4411 negatio.
1360 4334 1473 4393 Verum

374 4432 459 4471 orum
486 4432 604 4472 suorum
632 4412 747 4472 ulturos
768 4433 799 4472 se
823 4413 900 4473 arbi-
949 4413 993 4471 rlli
1007 4414 1125 4491 quidem
1139 4414 1190 4491 qui
1204 4433 1267 4472 sese
1285 4412 1316 4470 id
1334 4414 1413 4489 quod
1426 4434 1472 4473 re·

376 4492 538 4552 trahantur.
587 4491 706 4551 Exinde
730 4494 780 4550 vix
804 4492 899 4551 adhue
949 4511 1019 4551 vera
1044 4503 1136 4559 erant,
1160 4512 1223 4552 esse
1250 4493 1471 4571 profitebantur,

376 4572 488 4649 spirans
496 4572 527 4629 in
536 4591 678 4630 oareerem
686 4572 833 4649 projectus
843 4582 898 4638 est.
949 4581 1088 4649 tanquam
1103 4571 1261 4630 Christiani
1280 4571 1473 4646 conjicieban-

324 4669 342 4725 3
347 4667 364 4727 5
376 4650 551 4728 tandemque
561 4662 628 4731 post
639 4651 759 4711 biduum
773 4651 899 4711 animam
949 4661 1000 4709 tur
1013 4652 1043 4707 in
1058 4651 1183 4717 vincula,
1193 4650 1276 4708 nullo
1285 4649 1343 4708 alio
1353 4651 1473 4712 crimine

376 4730 530 4789 exhalavit.
949 4730 1020 4809 ipsis
1040 4730 1164 4806 objecto.
1207 4730 1251 4788 Hi
1264 4749 1334 4789 vero
1351 4730 1473 4809 perinde

1020 4828 1041 4869 R
1053 4828 1072 4870 l'
1086 4826 1106 4874 2
