3809 5650
675 685 725 749 IN
747 685 907 751 PAPlAE
931 685 1228 752 FRAGMENTA.
1458 691 1500 751 43

398 860 419 888 ‘⁶
434 852 522 936 apud
537 850 691 915 Plotium
705 849 783 915 cod.
801 869 874 934 232.
890 849 1061 936 profitetur
1082 871 1116 914 se
1136 871 1200 913 non
1219 850 1355 934 probare
1375 854 1500 915 Παπίαν

399 961 421 991 “
436 954 491 1018 τὸν
514 953 713 1034 Ἱεραπόλεως
742 953 908 1017 ἐπίσκοπον
930 953 980 1016 καὶ
1003 950 1145 1034 μάρτυρα,
1169 953 1237 1016 οὐδὲ
1261 955 1422 1033 Εἰρηναῖον
1446 954 1500 1018 τὸν

399 1064 419 1088 “
435 1056 523 1118 ὅσιον
545 1057 709 1119 ἐπίσκοπον
725 1055 933 1134 Λονγδούνων,
954 1055 988 1117 έν
1005 1054 1049 1120 ola
1067 1053 1223 1135 λέγουσιν,
1242 1055 1391 1132 αἰσθητῶν
1410 1061 1500 1119 τινῶν

399 1163 421 1194 “
435 1154 603 1236 βρωμάτων
623 1156 794 1219 ἀπόλαυσιν
816 1154 893 1219 εἶναι
914 1154 970 1232 τὴν
991 1160 1050 1218 τῶν
1071 1155 1205 1235 οὐρανῶν
1228 1157 1402 1234 βασιλείαν.
1453 1155 1500 1220 Et

397 1263 420 1294 “
437 1255 600 1320 Maximus
621 1255 655 1318 in
669 1254 846 1320 comment.
860 1255 904 1319 ad
918 1253 1064 1340 Dionysii
1086 1276 1155 1340 cap.
1174 1260 1205 1331 7.
1222 1256 1262 1320 de
1275 1255 1500 1322 Ecclesiastico

399 1365 420 1394 “
437 1356 645 1421 Hierarohia:
670 1358 687 1419 ὁ
702 1357 824 1421 Παπίας
838 1357 873 1419 έν
888 1358 928 1440 τῷ
949 1353 1078 1439 τετάρτῳ
1094 1356 1184 1418 αὐτοῦ
1205 1357 1320 1442 βιβλίῳ
1335 1362 1394 1421 τῶν
1408 1362 1497 1438 Κυρι-

400 1464 420 1495 “
437 1463 516 1522 ακῶν
530 1456 712 1539 ἐξηγήσεων,
727 1460 780 1523 τὰς
794 1458 844 1520 διὸ
861 1455 1029 1536 βρωμάτων
1043 1455 1127 1521 εἶπεν
1142 1459 1177 1521 ἐν
1191 1459 1226 1543 τῇ
1242 1457 1409 1523 ἀναστάσει
1423 1460 1497 1523 dno·

399 1566 420 1596 “
436 1557 568 1625 λαύσεις.
593 1557 715 1642 Papias
730 1555 782 1620 ἰίἰ.
798 1556 840 1620 iv.
856 1557 1091 1620 Domiac'oorum
1105 1558 1351 1642 ιωρίαιιαίιλνινιιι
1364 1560 1498 1645 compsit,

400 1661 499 1742 “foro
527 1659 562 1721 ιἰι
589 1658 803 1722 resurrectione
831 1657 997 1742 voluptates
1024 1680 1092 1742 ηιιαι
1114 1660 1332 1744 ρονσίρίιιατων
1356 1682 1392 1723 αα
1415 1657 1498 1722 aba.

399 1767 420 1796 ‘⁸
438 1760 579 1842 Moxque
597 1758 705 1824 addit:
731 1759 790 1822 Kal
808 1761 966 1839 Εἰρηναῖος
988 1762 1021 1822 δὲ
1045 1763 1061 1822 ὁ
1086 1760 1275 1841 Λονγδοιίνον
1301 1763 1334 1824 έν
1357 1765 1398 1844 τῷ
1425 1765 1499 1824 κατὰ

398 1870 418 1898 “
436 1860 582 1941 αἱρέσεων
595 1859 717 1945 πέμπτῳ
731 1861 814 1943 λόγῳ
829 1859 863 1921 τὸ
879 1860 955 1921 αὐτό
966 1868 1051 1940 φησι,
1069 1862 1117 1924 καί
1137 1857 1267 1940 παράγει
1288 1858 1420 1940 μάρτυρα
1439 1865 1500 1924 τῶν

397 1969 419 1997 ‘⁶
434 1960 482 2024 ὑπ’
498 1961 587 2024 αὐτοῦ
603 1959 765 2042 εἰρημένων
785 1959 839 2022 τὸν
858 1958 1009 2041 λεχθέντα
1028 1962 1161 2024 Πασίαν.
1211 1961 1292 2038 Quin
1310 1970 1338 2024 at
1358 1962 1500 2024 Irenoeus

398 2071 419 2099 “
435 2060 652 2146 bledanensis
675 2061 844 2144 Episcopatu
865 2057 917 2122 lib.
933 2081 962 2122 v.
978 2060 1122 2125 adversus
1142 2061 1267 2125 larsaco
1288 2061 1368 2124 idam
1391 2062 1499 2139 tradit,

400 2171 419 2199 “
433 2162 486 2228 ubi
506 2162 694 2247 prodictam
720 2160 859 2244 Papiam
889 2160 980 2224 άίσίἰι
1007 2163 1070 2225 sais
1098 2171 1197 2226 traam
1226 2162 1356 2227 adlidet.
1404 2163 1501 2228 Unde

400 2271 419 2299 ‘⁴
434 2269 537 2347 patet,
551 2263 611 2327 hos
624 2261 800 2347 respexisse
811 2283 861 2337 ea,
873 2283 944 2345 quae
959 2284 1056 2346 supra
1071 2286 1111 2326 ex
1126 2265 1250 2328 lrenaeo
1267 2264 1498 2348 descripsimus.

399 2369 419 2400 “
435 2362 548 2426 Plures
577 2361 632 2446 qui
662 2361 797 2445 Papiam
829 2367 975 2424 nostrum
1009 2363 1189 2440 citaverint,
1215 2365 1386 2449 scriptores
1413 2366 1500 2429 haud

399 2473 420 2502 ‘⁶
435 2463 586 2527 memini:
617 2483 693 2525 nam
721 2461 803 2526 alius
824 2461 952 2524 omnino
978 2463 1072 2546 hujus
1102 2465 1237 2528 nominis
1266 2488 1335 2530 esse
1364 2467 1499 2544 videtur,

400 2574 419 2601 “
435 2566 524 2647 cujus
538 2565 781 2650 Syayrommoto
801 2561 980 2646 allegantur
994 2563 1027 2626 in
1043 2564 1203 2629 Chronica
1218 2566 1501 2643 demonstratione,

400 2675 419 2703 “
438 2664 550 2729 Allatii
571 2664 625 2727 lib.
641 2664 682 2727 de
703 2664 886 2727 Simeonum
908 2664 1037 2748 scriptis
1059 2666 1172 2729 suffixa
1197 2689 1271 2751 pag.
1285 2685 1334 2733 22.
1383 2668 1446 2730 Sed
1467 2676 1501 2731 et

400 2774 420 2802 ‘⁴
437 2765 533 2829 MSS.
545 2764 679 2829 Codices
690 2764 819 2850 Angliae
833 2764 912 2828 nihil
930 2765 1038 2850 Papiae
1054 2766 1271 2849 suppeditant,
1282 2773 1400 2851 praetor
1414 2767 1501 2831 istud

399 2877 422 2907 ‘⁶
438 2870 522 2953 quod
537 2868 681 2951 sequitur
696 2868 736 2930 de
751 2873 889 2950 quatuor
905 2867 1019 2930 Mariis
1034 2867 1067 2929 in
1083 2868 1258 2953 Evangelio
1273 2869 1487 2932 memoratis.”

444 2970 482 3033 P.
505 2971 553 3032 16.
569 2968 590 3031 l.
605 2969 665 3031 ult.
680 2967 855 3050 habuerit]
880 2967 1020 3031 Addidit
1042 2968 1078 3044 is,
1099 2968 1153 3051 qui
1174 2968 1242 3030 haeo
1263 2967 1439 3051 descripsit,
1462 2969 1501 3031 de

399 3093 477 3135 suo:
499 3072 613 3134 Maria
627 3070 744 3133 ιίἰσίἰιιν
758 3071 784 3133 I
782 3070 977 3133 thaminotmlc
990 3070 1053 3133 sico
1067 3069 1153 3133 stallo
1167 3069 1264 3133 ιιιανιό
1272 3096 1288 3144 ,·
1306 3070 1503 3153 paracterica

398 3172 499 3235 ἰιιαιοιι
520 3170 651 3234 silandi:
673 3190 803 3234 sormam
824 3180 924 3234 autem
946 3172 1026 3253 Syro
1048 3171 1183 3234 Domina
1209 3179 1413 3255 ιιιιασωραίιιν,
1427 3170 1502 3254 qaia

396 3271 499 3356 penult
523 3270 704 3336 Domimna.
757 3270 872 3333 Priora
894 3291 969 3334 voro
998 3292 1037 3334 ex
1066 3270 1175 3355 Papiae
1205 3272 1307 3335 nostri
1335 3270 1423 3334 libris
1449 3272 1501 3334 de-

400 3379 550 3457 prompta
571 3393 640 3435 esse
659 3371 774 3435 exinde
793 3371 915 3456 colligo,
932 3371 1007 3456 quia
1028 3371 1120 3436 initio
1140 3372 1254 3435 horum
1269 3373 1437 3437 verborum
1458 3374 1501 3437 ad

399 3472 574 3557 marginem
592 3494 740 3557 expresse
762 3471 958 3556 adscriptum
978 3472 1067 3558 lego:
1089 3473 1207 3557 Papio.
1252 3473 1412 3538 Oaeterum
1430 3496 1501 3558 quae

400 3574 590 3657 Ood.175a.
615 3572 669 3656 qui
695 3579 746 3636 est
769 3571 896 3656 Digbaei
918 3589 989 3656 151.
1012 3572 1045 3636 in
1068 3572 1222 3658 catalogo
1249 3574 1415 3658 signantur
1436 3575 1501 3639 Eo

399 3684 502 3758 carpto
516 3673 554 3737 da
567 3674 686 3758 Papia,
700 3681 775 3738 sunt
789 3673 955 3749 vocabula,
966 3695 1006 3737 ex
1020 3673 1220 3738 Dictionario
1233 3675 1365 3739 alterius
1381 3675 1501 3761 Papiae,

399 3790 536 3847 exeunte
550 3782 656 3846 seculo
669 3805 726 3846 xn.
739 3782 891 3859 florentis,
904 3781 1074 3866 descripta.
1091 3783 1240 3846 Gnnmus.
1271 3783 1330 3848 Ait
1345 3790 1502 3868 praeterea

399 3883 448 3947 vir
467 3883 505 3947 ol.
520 3883 554 3946 in
571 3883 667 3947 titulo
686 3905 781 3968 quem
800 3883 938 3969 praefixit
956 3887 992 3969 τῇ
1013 3884 1108 3964 ῥήσει,
1124 3885 1275 3962 codicem,
1291 3908 1331 3948 ex
1352 3908 1415 3969 quo
1432 3886 1501 3949 haec

398 3985 568 4069 desumpta
592 3991 678 4062 sunt,
705 4007 790 4048 anno
815 4002 908 4068 1302.
936 3989 970 4047 et
999 4003 1092 4068 1303.
1115 3985 1148 4047 in
1176 3985 1309 4049 abbatia
1335 3985 1499 4048 Osneiensi

399 4108 498 4170 propo
512 4084 673 4149 Oxonium
688 4085 841 4170 scriptum
855 4085 962 4149 samse.
986 4086 1086 4166 Quem
1101 4085 1227 4168 quidem
1243 4084 1382 4148 codicem
1396 4084 1501 4148 inveni

398 4191 494 4249 nolas
508 4185 663 4250 miscellas
678 4194 711 4251 et
723 4187 813 4270 justa
827 4187 974 4270 quaedam
989 4206 1087 4269 opera
1101 4185 1272 4261 continere,
1285 4186 1341 4248 sed
1355 4185 1399 4247 nil
1413 4184 1500 4248 aliud

399 4287 518 4351 habere
546 4295 703 4372 praeterea
731 4289 771 4351 de
800 4289 912 4351 eodem
937 4292 1135 4371 argumento.
1181 4286 1251 4366 Quo
1275 4284 1368 4348 citius
1391 4291 1501 4350 autem

398 4394 473 4451 tota
500 4410 551 4452 res
579 4387 801 4473 perspiciatur,
821 4387 951 4451 nomina
979 4386 1145 4449 mulierum
1175 4393 1358 4451 sanctarum
1380 4386 1423 4450 ibi
1446 4409 1501 4471 po

399 4487 464 4551 sita
489 4488 575 4552 notis
604 4488 745 4552 distinxi.
801 4488 912 4572 Neque
938 4488 1082 4573 profecto
1105 4488 1182 4551 levis
1211 4488 1363 4553 momenti
1395 4489 1501 4553 forent

399 4588 497 4653 verba
518 4589 583 4653 ista
603 4588 636 4653 in
659 4589 835 4673 quaestione
854 4590 895 4652 de
918 4588 1039 4654 Christi
1065 4588 1197 4653 Domini
1218 4590 1363 4674 cognatis
1388 4589 1501 4672 dijudi-

399 4689 511 4768 canda,
528 4691 623 4753 modo
645 4697 682 4754 ut
701 4713 722 4755 a
743 4690 845 4774 Papia
866 4690 1009 4772 prosecta
1031 4690 1159 4768 suerint,
1176 4692 1260 4774 quod
1279 4690 1406 4774 quidem
1421 4690 1498 4752 veri-

917 4814 937 4851 (ἰ
954 4810 971 4857 2
