3809 5650
452 711 502 777 IN
526 711 789 776 FRAGMENT.
816 712 1000 778 INOERTI
1025 712 1297 778 scalproals
1364 714 1429 782 399

329 879 566 945 Freindallerus
586 881 772 966 Fragmenti
796 883 890 967 hujus
912 905 1050 967 nuperus
1073 884 1187 958 editor,
1208 883 1248 946 de
1271 905 1333 966 quo
1355 904 1430 946 mox

328 983 524 1058 memorabo,
539 983 639 1046 fusius
661 983 822 1061 disseruit,
838 986 889 1065 ἕξ.
907 1006 936 1067 9.
956 991 989 1048 et
1013 1005 1062 1049 10.
1107 984 1206 1047 Aliud
1229 984 1358 1069 insuper
1382 992 1432 1049 est

328 1092 552 1168 argumentum
573 1090 686 1148 eontra
706 1084 818 1149 Gaium
837 1107 858 1149 a
881 1084 1029 1148 Stoschio
1051 1086 1098 1150 ita
1119 1086 1337 1170 propositum
1359 1107 1433 1150 aue-

330 1192 433 1248 torem
446 1185 631 1270 Fragmenti
643 1186 691 1248 vol
704 1186 831 1269 penitus
845 1186 1051 1269 ignoravisse,
1064 1186 1112 1250 vel
1127 1185 1240 1254 saltem
1256 1208 1319 1249 non
1334 1187 1432 1250 anim-

329 1283 516 1361 advertisse,
538 1285 689 1369 epistolas
711 1285 804 1350 Pauli
827 1287 948 1349 dudum
974 1293 1051 1350 ante
1075 1286 1175 1350 visam
1201 1291 1235 1349 et
1263 1286 1384 1350 edit-am
1413 1310 1433 1349 a

330 1385 458 1450 Joanne
479 1386 625 1469 apostolo
648 1386 865 1470 Apocalypsin
888 1387 1025 1470 scriptas
1047 1387 1152 1462 fuisse,
1179 1386 1280 1469 qualis
1305 1385 1434 1471 quidem

330 1507 420 1549 error
434 1495 468 1551 et
483 1486 692 1571 incogitantia
706 1486 874 1550 difficulter
888 1487 929 1550 de
943 1487 1033 1563 Gaio,
1048 1509 1142 1571 quem
1156 1487 1314 1551 Eusebius
1329 1488 1373 1552 H.
1389 1488 1433 1551 Ε.

330 1588 369 1650 vi.
388 1605 438 1650 20.
454 1589 547 1667 ἄνδρα
561 1589 755 1667 λογιώτατον,
772 1595 805 1651 et
818 1587 907 1670 cujus
919 1588 1219 1652 commentationem
1230 1593 1343 1651 eontra
1355 1588 1434 1650 Pro·

329 1689 414 1751 alum
429 1687 567 1751 Photius
582 1687 651 1751 cod.
667 1689 720 1767 48.
736 1690 901 1752 annotatae
916 1688 1049 1767 διάλεξιν
1063 1696 1167 1765 vocat,
1184 1690 1306 1773 concipi
1321 1690 1433 1774 possit.

332 1789 384 1854 Sic
399 1789 468 1864 ille;
492 1788 552 1852 hoe
567 1810 653 1863 vero,
668 1789 793 1853 etiamsi
808 1797 939 1873 apertus
959 1797 1044 1854 esset
1061 1791 1247 1875 Fragmenti
1267 1792 1434 1855 verborum

331 1912 451 1967 sensus,
463 1892 544 1970 napa
564 1889 616 1952 τὸν
629 1892 741 1971 χρόνον
756 1891 916 1954 duntaxat
931 1890 1088 1971 ἁμάρτημα
1102 1892 1195 1969 foret,
1212 1893 1296 1975 quod
1313 1893 1436 1956 interea

330 1992 380 2056 ita
393 1990 638 2054 existimandum
653 1998 807 2075 negarent
822 2012 894 2054 cum
908 1990 1090 2075 Epiphanio
1105 1991 1138 2055 in
1148 1992 1237 2055 Hoer.
1253 1993 1287 2056 li.
1301 2014 1369 2077 cap.
1386 2012 1435 2058 ια.

331 2101 366 2158 ct
380 2115 449 2176 cap.
463 2094 516 2176 36.
532 2091 591 2154 viri
616 2091 741 2169 eruditi,
759 2091 823 2174 qui,
842 2099 880 2155 ut
903 2098 998 2154 notat
1022 2091 1091 2176 ipse
1114 2115 1239 2178 quoque
1261 2093 1435 2172 Stoschius,

332 2193 549 2279 Apoctdypsin
570 2193 707 2257 Joannis
728 2193 771 2256 ad
796 2200 942 2277 tempora
969 2191 1092 2257 Claudii
1118 2193 1258 2277 Augusti
1284 2194 1437 2259 referunt.

333 2297 427 2362 (lons.
450 2303 484 2360 et
508 2293 639 2359 Thomae
665 2293 811 2357 Newtoni
837 2293 1053 2358 Bristoliensis
1079 2294 1218 2379 episcopi
1239 2296 1379 2360 Dissatt.
1403 2296 1438 2359 ia

335 2396 519 2480 Prophetas
542 2394 680 2479 Anglica
701 2394 810 2477 lingua
831 2395 1039 2478 conscriptas,
1063 2394 1122 2458 vol.
1144 2394 1186 2458 iii.
1208 2397 1237 2476 ξ.
1258 2397 1343 2461 xxiv.
1364 2418 1390 2460 e.
1410 2416 1438 2462 1.

334 2511 434 2583 atque
450 2499 484 2562 J.
500 2499 541 2561 D.
559 2497 729 2560 Michaelis
746 2497 898 2561 Prata.
915 2499 952 2560 dc
968 2496 1054 2560 Lite.
1070 2499 1116 2560 N.
1138 2498 1171 2560 T.
1187 2505 1264 2561 seot.
1280 2500 1338 2564 ult.

378 2600 440 2664 Sed
464 2620 645 2684 quanquam
665 2598 713 2660 vir
735 2598 772 2660 cl.
788 2597 857 2662 haee
872 2597 941 2662 caii
957 2596 1053 2660 luisse
1074 2597 1166 2673 nolit,
1183 2619 1317 2680 quocum
1340 2599 1438 2663 sentit

335 2709 405 2765 tum
420 2701 459 2763 cl.
475 2698 602 2763 Keilius
617 2699 649 2762 in
664 2697 894 2762 additamentis
909 2698 951 2761 ad
965 2695 1166 2760 Fabriciaaoe
1177 2697 1320 2761 Eiectat.
1338 2700 1438 2762 Graec.

335 2801 397 2866 vol.
413 2801 464 2866 vii.
480 2822 552 2886 pag.
571 2801 610 2865 28
611 2814 644 2885 5.
661 2806 730 2863 tum
750 2797 805 2864 alii
819 2796 878 2861 viri
901 2796 998 2874 docti,
1015 2818 1094 2881 quos
1116 2797 1159 2860 ibi
1182 2799 1440 2865 commemoravit

337 2903 470 2976 Keilius,
491 2902 594 2967 eidem
616 2907 726 2965 tamen
749 2899 897 2964 Stoschio
919 2898 1083 2983 probabile
1108 2890 1281 2962 admodum
1302 2900 1441 2977 videtur,

335 3006 551 3088 fragmentum
573 3003 701 3067 omnino
723 3023 792 3066 esse
813 2999 1078 3084 antiquissimum,
1104 3008 1138 3065 et
1160 3000 1245 3065 eirca
1267 3002 1373 3067 soeculi
1394 3024 1441 3066 se-

337 3104 433 3167 cundi
454 3103 550 3167 finem
572 3110 630 3167 aut
649 3101 739 3167 tertii
758 3101 852 3166 initia
873 3100 1107 3184 conscriptum3
1131 3101 1174 3165 ad
1197 3123 1292 3185 quam
1315 3102 1442 3187 quidem

340 3204 533 3269 sententiam
549 3204 740 3268 firmandam
759 3203 876 3266 multas
896 3202 948 3266 ille
968 3202 1118 3280 rationes,
1134 3224 1250 3287 easque
1271 3225 1368 3289 quam
1390 3225 1443 3269 va·

336 3306 539 3383 lentissimae,
555 3304 702 3389 subjecit.
736 3303 782 3368 Et
793 3303 1048 3368 inessententia
1058 3304 1251 3368 conveniunt
1262 3304 1442 3389 scriptores,

340 3408 425 3493 quod
440 3406 549 3483 sciam,
565 3427 686 3482 omnes,
701 3404 755 3489 qui
770 3404 865 3469 breve
880 3404 967 3469 istud
989 3406 1314 3472 commemoraverint.
1360 3408 1442 3471 Haee

340 3515 449 3573 autem
465 3507 602 3572 Stoschii
616 3513 806 3592 argumenta
819 3507 861 3570 ad
877 3506 910 3570 S.
927 3506 1102 3592 Scriptura.
1116 3506 1214 3571 libros
1228 3507 1378 3594 singulos,
1389 3508 1443 3591 qui

339 3607 373 3670 in
383 3607 579 3691 Fragmento
589 3607 807 3684 nominantur,
818 3607 966 3692 deinceps
976 3606 1139 3671 afferenda
1151 3615 1236 3685 sunt,
1247 3614 1361 3692 utpote
1374 3630 1445 3692 quae

341 3707 567 3792 antiquitatem
590 3709 658 3793 ejus
680 3729 743 3771 nou
765 3714 893 3772 tantum
914 3709 1069 3786 muniant,
1086 3708 1142 3772 sod
1164 3708 1262 3772 etiam
1283 3708 1386 3793 ipsum
1409 3730 1442 3772 e-

340 3808 448 3893 gregie
462 3808 633 3874 illustrent.
666 3808 776 3893 Neque
786 3809 880 3873 aliter
891 3809 931 3873 de
941 3816 1041 3874 aetate
1052 3808 1162 3893 scripti
1174 3815 1250 3872 ante
1262 3808 1446 3871 Stoschium

338 3909 538 3993 judicaverat
567 3909 665 3973 celeb.
697 3909 907 3987 Moshemius,
933 3911 986 3993 qui
1018 3911 1051 3972 in
1082 3910 1244 3973 Commeat.
1273 3909 1311 3972 da
1341 3908 1444 3972 Rotas

344 4010 586 4073 Olenia-iacerem
607 4018 676 4072 acte
700 4010 928 4073 Caelestinum
949 4012 999 4074 M.
1021 4011 1064 4074 ad
1087 4009 1165 4074 Saec.
1181 4010 1328 4094 primum,
1347 4012 1376 4091 ξ.
1391 4009 1444 4074 liv.

343 4133 373 4194 p.
394 4112 464 4190 164.
481 4110 521 4172 de
536 4111 648 4173 eodem
662 4109 730 4172 haec
745 4110 870 4193 posuit:
896 4117 919 4148 ‘⁴
937 4110 1062 4174 Auctor
1080 4110 1209 4193 ignotus
1228 4117 1287 4174 est.
1333 4108 1445 4173 Mura-

344 4218 364 4247 “
377 4210 482 4273 torius
497 4210 621 4286 (laium,
638 4210 865 4293 Presbyterum
880 4209 1071 4287 Romanum,
1087 4231 1157 4274 esse
1171 4216 1276 4293 putat,
1293 4210 1347 4295 qui
1365 4210 1445 4274 ecci·

344 4317 365 4348 “
382 4311 478 4375 dente
506 4311 621 4374 saeculo
650 4312 788 4373 secundo
813 4310 941 4375 floruit:
972 4313 1047 4375 Hoc
1074 4310 1202 4395 quidem
1227 4310 1359 4374 dubium
1381 4317 1446 4374 est:

344 4418 366 4449 “
382 4411 459 4474 illud
475 4433 549 4475 voro
564 4434 605 4476 ex
619 4411 689 4495 ipso
703 4410 809 4475 libello
824 4419 957 4489 certum,
974 4411 1088 4476 saemdo
1104 4432 1176 4475 eum
1191 4412 1331 4474 mcundo
1345 4419 1379 4475 et
1394 4411 1448 4475 illo

346 4512 513 4595 “quidem
535 4518 687 4597 tempore,
705 4534 768 4595 quo
789 4512 928 4576 Hamas
949 4514 983 4576 in
1002 4513 1080 4578 vivis
1101 4513 1172 4591 fuit,
1192 4513 1361 4597 scripsisse.
1408 4515 1448 4576 In

348 4619 368 4649 “
383 4613 443 4677 hoc
458 4614 556 4698 igitur
570 4613 677 4697 magni
692 4613 786 4697 pretii
802 4613 980 4697 fragmento
995 4615 1063 4679 haee
1079 4615 1119 4678 de
1135 4614 1258 4679 Herma
1273 4614 1393 4698 scripta
1407 4614 1449 4677 le·

347 4722 368 4753 ‘¹
384 4722 521 4799 guntur:
544 4715 704 4779 Pastorem
720 4737 787 4779 cero
808 4716 981 4798 atqverrimo
1000 4715 1179 4801 tenuioribus
1197 4715 1306 4781 matris
1325 4716 1359 4778 ia
1378 4713 1451 4778 arta
