3809 5650
728 718 778 786 IN
801 719 833 784 S.
858 718 1167 785 SERAPIONEM.
1435 719 1496 785 461

398 905 491 967 etiam
505 925 554 968 cos
567 905 696 984 disesia
712 928 749 969 sn
762 906 809 970 aa
826 928 894 992 qaoe
911 908 1028 991 scripto
1047 914 1117 970 aas
1134 903 1224 969 cebri.
1269 903 1431 969 Exhibent
1450 906 1498 969 in·

399 1004 495 1068 terim
508 1006 602 1069 Lecti.
622 1005 879 1091 cuasaplorsoni
898 1010 914 1070 ὁ
936 1009 1080 1087 Μαρκίων
1103 1006 1135 1073 ὃς
1159 1007 1217 1069 καί.
1236 1005 1327 1081 male,
1349 1007 1434 1088 quod
1457 1007 1500 1070 ud

400 1105 543 1169 haeretici
566 1129 681 1171 nomen
700 1109 828 1172 attinet.
874 1108 977 1172 Extat
1000 1109 1191 1188 Μακαριανὸς
1212 1107 1245 1170 iu
1264 1108 1343 1172 MS.
1360 1109 1499 1192 Norfolc.

401 1208 633 1272 Verumtamen
658 1232 730 1273 cum
750 1210 912 1273 Halloixio
929 1211 963 1273 in
982 1231 1077 1294 opere
1098 1208 1223 1286 eximio,
1241 1209 1314 1271 Via
1324 1209 1501 1293 Serapionm

402 1309 435 1372 in
453 1310 527 1373 Vin.
544 1311 619 1373 ΡΡ.
639 1311 784 1375 Orirntcl.
800 1313 905 1380 fateor
923 1333 976 1375 me
996 1312 1036 1373 de
1056 1311 1119 1373 isto
1140 1309 1307 1373 Marciano
1327 1310 1404 1373 nihil
1425 1311 1500 1374 alibi

401 1411 515 1495 legisse
533 1412 723 1475 meminisse.
769 1413 838 1476 Nisi
853 1414 880 1476 si
895 1413 980 1476 idem
994 1411 1089 1474 luerit
1104 1418 1201 1493 atque
1217 1412 1348 1475 Marcus
1363 1413 1500 1491 Doceta,

402 1513 442 1575 de
457 1535 520 1596 quo
535 1513 672 1576 diximus
686 1514 749 1577 fine
764 1516 918 1578 Annotatt.
934 1514 968 1577 in
983 1514 1223 1579 SENIORES
1234 1515 1322 1597 apud
1334 1517 1498 1579 Ircnoernn.

446 1615 565 1698 P.453.
576 1614 596 1677 l.
608 1636 638 1695 4.
650 1616 864 1701 ἃμαθήσεσθε]
878 1617 991 1679 Codex
1000 1617 1087 1678 Mau.
1095 1616 1185 1677 Med.
1195 1623 1229 1679 et
1239 1615 1355 1681 Fuket.
1366 1619 1502 1701 primam

401 1738 509 1779 vocem
524 1738 588 1780 non
603 1726 789 1801 agnoscunt.
807 1721 964 1782 Vnuurus.
1011 1721 1052 1781 Iu
1067 1725 1181 1781 neutro
1198 1719 1341 1782 codicum
1360 1743 1501 1785 meorum

401 1826 490 1883 extat
502 1847 509 1891 ;
534 1841 636 1902 neque
651 1820 779 1884 inventa
792 1821 861 1884 haec
875 1827 950 1884 sunt
965 1820 998 1883 iu
1012 1820 1210 1895 Florentinis,
1222 1821 1280 1884 dat
1291 1842 1366 1884 vero
1380 1845 1419 1887 ea
1433 1824 1500 1886 Ru-

401 1921 484 1984 finus
499 1942 592 2004 quem
602 1928 679 1983 ante
693 1921 819 2004 protuli.
853 1923 935 1984 Mox
945 1926 1032 1984 τοῦτο
1045 1921 1080 1998 δὴ
1094 1921 1129 1982 τὸ
1142 1920 1319 2001 εὐαγγέλιον
1327 1923 1406 1988 MS.
1418 1926 1501 1986 Nor·

393 2022 471 2104 solo.
483 2029 517 2086 et
527 2022 622 2106 paulo
631 2029 704 2106 post
715 2025 752 2084 τὰ
761 2025 819 2102 γὰρ
830 2021 1006 2102 φρονήματα
1015 2025 1054 2084 τὸ
1062 2023 1190 2084 πλείονα
1200 2022 1278 2087 MS.
1288 2022 1379 2086 Bodl.
1398 2022 1502 2088 Addit

402 2146 485 2187 nunc
501 2124 663 2188 Burtonus
683 2124 766 2186 codd.
784 2123 868 2185 Med.
883 2124 973 2186 Mor.
991 2130 1024 2186 et
1039 2123 1147 2185 Fuket.
1194 2123 1397 2208 Quapropter
1414 2125 1502 2189 istud

401 2247 461 2309 pro
476 2226 554 2289 edito
569 2229 606 2288 τὸ
619 2228 678 2306 γὰρ
690 2228 817 2289 πλείονα
831 2225 1007 2306 φρονήματα
1021 2224 1054 2287 in
1069 2231 1194 2289 textum
1208 2223 1323 2308 recepi.

447 2327 528 2389 Ibid.
546 2326 565 2388 l.
588 2347 636 2389 10.
651 2326 850 2410 χρησόμενοι]
870 2327 962 2389 Idem
977 2333 1027 2390 est
1043 2328 1127 2409 quod
1139 2327 1289 2404 mutuati,
1304 2326 1352 2390 vel
1363 2349 1501 2393 commo-

402 2426 481 2489 dato
498 2427 557 2489 usi.
601 2426 662 2489 Ait
682 2427 765 2489 enim
788 2426 930 2509 Serapio,
946 2448 980 2488 se
1000 2426 1195 2511 evangelium
1215 2426 1292 2490 illud
1309 2428 1399 2491 Petri
1419 2450 1503 2492 oom-

402 2527 567 2589 modatum
587 2528 744 2609 accepisse
762 2549 783 2589 a
805 2527 1037 2589 successoribus
1061 2528 1259 2609 quorundam
1282 2528 1504 2592 haereticorum

402 2626 456 2710 qni
472 2627 591 2704 δοκηταὶ
601 2626 797 2703 dicebantur,
809 2647 942 2708 quorum
954 2626 1099 2688 haeresim
1110 2626 1295 2689 sectabatur
1305 2629 1503 2692 Marcianus.

403 2727 494 2790 Nihil
506 2728 565 2790 hoc
579 2727 648 2790 loco
663 2727 811 2791 viderunt
826 2727 1025 2812 interpretes.
1065 2726 1115 2789 De
1130 2726 1262 2790 Docetis
1276 2727 1435 2791 haereticis
1449 2727 1504 2811 qui

403 2830 566 2893 Christum
584 2852 647 2892 uon
661 2852 744 2906 vere,
761 2830 817 2892 sed
831 2829 978 2912 opinione
995 2832 1123 2891 tantum
1143 2828 1343 2892 incarnatum
1361 2850 1504 2912 passum·

403 2953 465 3015 que
479 2953 548 2994 esse
562 2932 720 3008 dicebaut,
734 2931 879 2997 Clemens
891 2928 1127 2993 Alexandrinus
1142 2928 1174 2991 in
1185 2928 1240 2992 lib.
1251 2929 1303 2992 vii.
1318 2929 1503 3007 stromatei,

402 3040 436 3096 et
451 3032 664 3097 Theodoritus
678 3033 710 3096 in
721 3033 803 3096 libro
814 3032 992 3095 divinorum
1004 3031 1214 3094 Decretorum
1229 3052 1297 3113 cap.
1313 3049 1361 3095 ια.
1397 3030 1505 3114 Hujus

402 3140 497 3197 seotae
513 3134 658 3217 princeps
672 3134 732 3197 fuit
747 3132 853 3196 Julius
868 3130 1052 3206 Cassianus,
1067 3137 1104 3193 ut
1119 3131 1212 3194 docet
1227 3130 1375 3193 Clemens
1395 3130 1429 3192 in
1449 3131 1503 3194 lib.

403 3234 446 3298 iii.
463 3235 512 3298 De
526 3235 576 3297 his
592 3233 779 3298 Methodius
794 3234 827 3296 in
842 3232 986 3296 convivio
1001 3254 1074 3316 pag.
1096 3251 1164 3295 110.
1181 3233 1220 3298 ὡς
1234 3234 1251 3294 ὁ
1267 3233 1395 3312 &menis
1410 3233 1457 3294 καὶ
1476 3234 1505 3295 οἱ

402 3336 523 3414 δοκήσει
538 3336 628 3399 αὐτὸν
643 3335 869 3420 ἀποφῃνάμενοι
883 3333 1058 3416 πεφνκέναι.
1104 3332 1261 3397 Eusebius
1275 3332 1308 3394 in
1322 3331 1404 3394 libro
1419 3332 1448 3395 I.
1465 3333 1505 3396 de

403 3437 628 3500 Ecclesiastico.
643 3435 817 3521 Theologia
831 3458 901 3519 cap.
918 3454 947 3514 7.
990 3435 1207 3519 Hieronymus
1221 3434 1254 3497 iu
1269 3440 1367 3518 caput
1381 3434 1402 3497 i.
1414 3441 1448 3498 et
1463 3434 1504 3499 iv.

403 3538 558 3622 Epistola
573 3539 615 3601 ad
630 3538 774 3601 Galatas.
819 3536 990 3621 Subrepwat
1010 3537 1063 3600 loc
1083 3536 1142 3600 loco
1161 3545 1265 3600 cstrrae
1283 3536 1421 3615 loermcs,
1434 3557 1506 3620 qcoe

397 3640 573 3728 putativam
590 3638 703 3702 Christi
716 3659 837 3702 comm
852 3638 1049 3715 vindicantes,
1060 3640 1160 3701 Decem
1170 3639 1261 3701 αἰναί
1271 3637 1426 3701 curasan
1436 3658 1504 3713 csse,

401 3763 461 3804 aon
480 3742 634 3804 bornicum.
680 3740 874 3825 Hujusmodi
896 3740 1065 3804 haereticos
1081 3739 1188 3803 Latini
1204 3738 1505 3801 Phantasmatarios

402 3849 556 3905 vocarunt
571 3848 654 3905 teste
671 3842 856 3905 Prudentio.
901 3840 1116 3922 Hieronymus
1131 3839 1163 3900 in
1178 3843 1276 3920 capnt
1290 3837 1331 3899 vi.
1349 3835 1505 3919 Epistolae

401 3942 444 4004 ad
469 3940 603 4004 Galatas
627 3940 798 4003 Tatianum
822 3939 917 4021 hujus
941 3946 1038 4001 sectae
1062 3937 1166 4000 lacere
1181 3935 1307 3999 videtur
1329 3941 1503 3998 auctorem.

405 4042 567 4117 Poliones,
583 4041 695 4124 inquit,
712 4040 765 4124 qui
773 4040 950 4122 patarinum
968 4037 1085 4100 Christi
1098 4058 1220 4100 carnem
1234 4036 1505 4108 retransmeare

401 4163 470 4210 nem
487 4141 718 4224 conjuncticrwm
736 4139 863 4202 marcidi
881 4138 927 4200 od
936 4137 1088 4220 feminam
1109 4137 1299 4200 immundum
1321 4134 1505 4214 arbitratur,

403 4243 458 4303 &c
506 4241 649 4323 Sumpsit
673 4247 782 4303 nutem
806 4238 888 4301 hanc
907 4238 1058 4322 loquendi
1079 4238 1215 4301 formam
1230 4237 1448 4321 Hieronymus
1465 4261 1504 4302 ex

402 4342 614 4413 Tertulliano,
632 4340 685 4424 qni
700 4338 792 4402 initio
811 4338 882 4401 libri
903 4339 944 4402 de
963 4360 1057 4402 carne
1073 4338 1192 4403 Christi
1207 4338 1255 4401 ita
1275 4338 1370 4401 dicit:
1393 4338 1458 4401 Sed
1477 4349 1506 4403 ct

400 4444 455 4528 qui
469 4463 590 4506 carnem
600 4441 718 4505 Chresti
725 4441 902 4524 putativam
915 4440 1094 4517 introduced,
1107 4461 1189 4524 oeqoe
1196 4440 1301 4523 potuit
1313 4440 1506 4503 collatorem

401 4565 513 4627 quoqne
520 4541 708 4626 phantasma
721 4543 894 4626 ocajlcycrc,
906 4551 940 4604 ct
952 4550 980 4604 et
993 4551 1147 4625 οοαοφεαο
1156 4550 1183 4603 cl
1190 4548 1376 4624 praeyrectua
1389 4548 1418 4602 et
1425 4562 1505 4624 par-

401 4653 450 4705 tus
464 4644 595 4727 oiryicr's
610 4653 636 4706 α
651 4643 748 4726 ἱρείας
766 4643 874 4705 ccirdr
893 4643 1026 4725 insontis
1044 4643 1128 4718 ordo,
1143 4643 1177 4705 τὸ
1198 4646 1298 4705 δοκεῖν
1316 4638 1504 4705 meatur.

405 4745 621 4829 Hieronymus
634 4746 786 4808 adversus
796 4744 819 4807 J
821 4766 956 4808 oannem
970 4744 1098 4809 Hieros.
1111 4766 1183 4829 pag.
1197 4761 1239 4822 24
1239 4759 1271 4827 5.
1282 4748 1316 4806 et
1329 4749 1406 4806 ante
1416 4743 1504 4805 illurn
