3809 5650
705 1527 1152 1625 MONITUbi.

825 1784 1041 1832 -4-

382 1970 584 2072 HABES,
601 1992 651 2058 mi
671 1991 813 2077 hoctor,
831 2016 936 2083 quum
954 1996 1054 2085 potui
1071 1996 1391 2075 instructissimum,
1409 1996 1480 2065 hu·

378 2113 493 2182 ‹lovioi
516 2112 705 2184 Muratorii
724 2111 855 2210 εὕρημα,
872 2115 917 2185 ad
936 2116 1117 2187 Cononem
1138 2116 1235 2188 Novi
1261 2118 1480 2189 Testamenti

379 2238 568 2327 pertinens,
587 2238 835 2329 imperfectum
854 2239 998 2329 quidem
1016 2240 1084 2310 hoo
1105 2249 1142 2311 et
1165 2238 1365 2323 ἇδέσποτον,
1382 2263 1482 2335 mag-

378 2360 414 2427 ni
433 2367 553 2428 tamon
570 2362 752 2442 momenti,
772 2362 902 2452 quippo
920 2384 1001 2431 oum
1020 2364 1115 2432 ineo
1136 2361 1234 2432 Libri
1253 2365 1340 2433 saeri
1359 2362 1481 2433 ordine

380 2482 549 2550 nominati
567 2490 694 2563 essent,
718 2482 825 2552 etiam
844 2491 927 2552 ante
945 2483 1043 2553 illam
1061 2482 1225 2577 Origonis
1247 2486 1482 2555 enumeratio-

378 2625 471 2672 nem.
523 2602 568 2671 In
585 2604 622 2672 id
639 2626 742 2694 porro
760 2625 898 2672 summa
915 2626 1000 2673 eura
1022 2605 1177 2685 incubui,
1196 2614 1237 2674 ut
1261 2608 1290 2675 si
1315 2607 1375 2696 qui
1399 2629 1482 2677 auo-

379 2734 473 2796 tores
491 2726 717 2796 eeelesiastiei
735 2749 757 2795 e
773 2726 971 2816 primordiis
988 2726 1071 2796 fidei
1087 2726 1134 2795 ad
1152 2726 1349 2796 Eusebium
1368 2748 1479 2817 usquo

379 2848 435 2918 vel
452 2849 635 2940 proferunt
651 2848 708 2918 rel
726 2856 867 2918 tantum
884 2855 1085 2917 memorant
1107 2857 1245 2919 sanetas
1262 2847 1339 2919 illas
1363 2848 1481 2941 Serip-

379 2979 487 3054 turas,
505 2992 581 3061 quae
605 2971 664 3041 hie
688 2977 949 3051 enumerantur,
971 2970 997 3038 ii
1022 2970 1166 3060 quidem
1190 2993 1312 3042 omnes
1329 2979 1386 3053 τῆς
1403 3000 1482 3063 γνη-

379 3095 537 3178 σιότητος
557 3096 712 3187 ipsarum
738 3103 848 3164 testes
873 3093 1135 3164 adhiberentur.
1190 3092 1269 3165 Nee
1295 3097 1416 3178 timeo,
1434 3118 1481 3165 ne

379 3218 479 3288 nihili
510 3220 685 3311 pendatur
702 3216 801 3287 labor
816 3239 939 3300 meus;
965 3217 1131 3308 quoniam
1158 3216 1292 3310 legenti
1315 3216 1403 3287 mihi
1427 3225 1482 3287 to-

380 3350 458 3410 tum
481 3342 651 3432 cujusque
674 3341 827 3410 auctoris
852 3363 940 3432 opus
969 3362 1007 3410 se
1034 3340 1241 3410 obtulemnt
1266 3341 1480 3426 testimonia,

378 3487 457 3556 queo
483 3464 637 3533 breviter
664 3463 876 3557 consignavi.
927 3462 1034 3534 Adde
1059 3464 1155 3556 quod
1181 3464 1401 3558 spicilegium
1428 3487 1482 3534 re·

379 3587 505 3658 lictum
527 3587 616 3657 mibi
640 3589 747 3658 fuisse
770 3595 851 3679 post
874 3586 1033 3669 aliorum,
1053 3611 1135 3658 eum
1160 3589 1384 3670 nostratium,
1402 3596 1479 3657 tum

379 3718 593 3793 exterorum,
612 3709 748 3781 labores
765 3710 879 3792 sensi;
908 3708 1004 3778 haud
1022 3710 1157 3779 interea
1174 3709 1349 3789 dubitans,
1366 3705 1481 3774 multa

380 3833 562 3926 permagni
579 3834 752 3903 momenti
770 3853 856 3914 esse,
874 3853 952 3920 quae
969 3838 1007 3899 et
1024 3851 1083 3899 me
1100 3829 1341 3920 praeterierint
