3809 5650
505 680 569 744 406
880 678 1238 745 ANNOTATIONES

504 857 625 920 sebium
640 856 684 920 H.
700 858 740 918 E.
756 855 809 920 lib,
825 856 856 919 ii.
872 879 899 919 c.
916 858 946 920 8.
961 863 1035 940 post
1050 856 1241 920 mentionem
1262 855 1302 918 de
1320 855 1421 918 Marci
1439 856 1610 922 Matthaei·

499 980 565 1041 vque
581 958 771 1042 Evangelia,
787 965 806 994 “
825 957 927 1021 Lucas
942 980 1066 1042 quoquo
1081 964 1224 1022 sectator
1237 957 1339 1034 Pauli,
1357 957 1567 1042 Evangelium
1590 983 1612 1023 a

505 1066 525 1097 “
542 1059 642 1122 Paulo
667 1060 874 1143 praedicatum
899 1060 1016 1123 litteris
1042 1059 1235 1124 mandavit.'’
1280 1060 1335 1122 An
1361 1058 1495 1123 forsitan
1522 1061 1611 1146 frng-

504 1161 659 1225 mentan'o
674 1169 783 1224 nostro
799 1162 902 1225 dicero
918 1161 1010 1237 idem,
1026 1183 1116 1224 mens
1130 1161 1210 1224 luit:
1235 1161 1355 1225 Lucam
1377 1162 1526 1224 nimirum
1547 1185 1610 1226 suo

503 1263 628 1325 nomine
653 1263 864 1346 praedicatan
889 1263 1000 1337 Paulo,
1025 1270 1099 1326 aeta
1121 1262 1321 1347 Evangeliea,
1342 1265 1514 1327 secundum
1538 1264 1608 1348 opi-

504 1364 629 1426 nionem
651 1363 881 1447 plerorumque,
900 1387 927 1426 e.
944 1386 977 1449 g.
996 1363 1119 1439 lrenaei,
1136 1364 1168 1426 in
1189 1365 1324 1427 formam
1344 1364 1425 1428 lianc
1445 1366 1607 1449 conscrip-

503 1465 599 1528 sisset
643 1465 804 1528 Medicum
829 1465 947 1529 Lucam
973 1465 1095 1549 antiqui
1123 1465 1240 1550 passim
1264 1466 1442 1549 prodidere,
1462 1466 1606 1528 nonnulli

503 1587 628 1649 quoquo
650 1566 822 1650 pictorem3
846 1565 997 1629 Callistus
1012 1566 1138 1630 demum
1155 1566 1352 1652 Nicephorus
1370 1567 1415 1644 (in
1436 1565 1603 1629 Breviario

503 1666 592 1728 Hist.
608 1666 662 1728 lib.
678 1667 708 1728 ii.
727 1688 785 1751 cap
813 1668 884 1752 45.)
911 1675 1023 1731 narrat
1046 1669 1086 1730 de
1112 1667 1164 1730 illo
1191 1666 1432 1751 quamplurima.
1478 1666 1605 1729 Verum

495 1769 581 1851 juris
596 1790 720 1852 qnoque
737 1769 913 1846 acediosum,
930 1791 1072 1853 cumque,
1089 1776 1126 1833 ut
1147 1769 1255 1845 talem,
1269 1790 1289 1831 a
1305 1767 1406 1831 Paule
1426 1767 1485 1830 sibi
1506 1767 1604 1831 comi·

502 1878 569 1934 tem
583 1871 779 1954 adjunctum,
795 1877 832 1934 nt
846 1872 987 1934 adducto
1001 1870 1170 1951 fragmenti
1186 1870 1255 1932 loco
1270 1869 1397 1946 dicitur,
1413 1869 1499 1932 haud
1514 1869 1604 1933 ullibi

502 1973 640 2036 locorum
656 1972 767 2057 legisse
782 1994 841 2046 me,
858 1973 995 2035 memini.
1042 1970 1168 2035 Fecerit
1187 1970 1248 2033 hoc
1267 1971 1349 2034 forte
1365 1970 1542 2054 Apostolus
1562 1993 1602 2034 ec

502 2074 574 2150 fine,
591 2082 628 2137 ut
639 2072 864 2157 jurisconsulto
879 2074 976 2148 socio,
992 2072 1162 2136 faciliorem
1178 2072 1237 2134 sibi
1255 2072 1319 2134 sivo
1339 2073 1380 2135 ad
1403 2073 1514 2136 doctos
1534 2072 1601 2137 sive

501 2175 709 2257 magistratus
723 2174 906 2257 disponeret
921 2196 1090 2238 aceessum.
1137 2174 1279 2236 Maxime
1295 2180 1412 2251 autem,
1429 2173 1500 2257 quis
1515 2174 1601 2236 vocis

501 2275 630 2345 additae,
646 2275 814 2351 secundam,
827 2276 982 2359 genuinus
997 2298 1106 2339 sensus
1122 2276 1175 2349 sit,
1188 2275 1331 2339 divinata
1347 2275 1491 2338 arduum.
1530 2275 1600 2337 An·

502 2396 541 2437 ne
557 2374 650 2449 idem,
666 2396 713 2449 ac,
729 2376 855 2459 repet-ite
875 2377 966 2439 cicc?
990 2384 1058 2440 turn
1082 2377 1240 2442 obtineret
1263 2377 1331 2440 haec
1355 2374 1597 2461 interpretati03

501 2482 670 2559 postquam
682 2498 753 2538 cnm
766 2477 893 2555 Paulus,
903 2480 1038 2556 soeuccdc,
1048 2480 1106 2543 sibi
1119 2485 1155 2542 ut
1163 2476 1422 2562 jurisconsultum
1435 2476 1599 2553 sociasset,

500 2576 587 2639 illum
601 2577 661 2640 hoe
677 2577 883 2663 Evangelium
895 2582 1065 2665 scripsisse.
1100 2581 1153 2643 An
1170 2602 1243 2643 vero
1259 2579 1451 2664 praecedens,
1462 2578 1510 2640 vel
1526 2577 1599 2641 sub-

500 2701 634 2762 sequens
653 2679 734 2743 hanc
749 2681 901 2759 voculam,
917 2683 1020 2746 altera
1039 2684 1184 2768 quaedam
1204 2681 1426 2745 desideratur?
1469 2679 1511 2742 Id
1529 2680 1598 2743 fore

499 2781 639 2844 arbitror
655 2782 833 2867 proximum
848 2783 1009 2848 veritati.”
1033 2783 1113 2848 Haec
1129 2783 1359 2847 Funisulanus.
1407 2780 1598 2864 lnquinatis

499 2883 597 2946 simus
612 2892 661 2947 est
676 2884 772 2960 locus,
788 2885 843 2948 sed
859 2887 994 2949 fortasse
1013 2887 1059 2950 ita
1079 2886 1316 2970 repurgandum
1341 2906 1413 2947 cum
1431 2905 1497 2946 ocra
1513 2883 1598 2947 Pau·

499 2984 548 3047 lus
563 2985 651 3069 quasi
666 2995 693 3048 et
702 2986 785 3070 juris
801 2988 865 3070 (καὶ
880 2992 932 3050 ταῦ
942 2990 1068 3064 δικαίου)
1085 2987 1262 3049 studiosum
1272 3007 1368 3049 ccccm
1380 2983 1597 3061 adsumsisset,

498 3087 616 3147 rwmirrc
629 3109 686 3150 suo
701 3110 740 3150 ex
758 3088 864 3151 ordine
881 3092 1019 3171 (καθεξῆς
1033 3113 1082 3149 σοι
1103 3087 1221 3168 γράψαι
1240 3086 1306 3169 ipse
1322 3086 1397 3149 lace.
1413 3085 1432 3148 i.
1450 3107 1481 3170 3.
1496 3108 1533 3148 cc
1550 3108 1599 3149 or-

499 3187 571 3249 dine
585 3187 642 3251 tici
660 3188 785 3252 scribac
799 3190 927 3273 Vulgat.
945 3191 1069 3273 Interp.
1085 3188 1147 3251 vid.
1164 3195 1197 3251 et
1221 3188 1313 3261 infra,
1328 3187 1382 3250 ubi
1409 3188 1448 3250 de
1469 3186 1599 3251 Jounne

498 3288 567 3351 haec
576 3296 662 3366 sunt,
670 3291 844 3374 somptorcm
855 3314 889 3354 se
900 3291 1032 3354 crucium
1042 3289 1231 3353 mirabilium
1239 3290 1368 3352 Doncicc'
1377 3311 1434 3373 per
1444 3288 1597 3364 ordinem,

492 3388 662 3473 profitetur.
677 3412 707 3472 p.
720 3412 752 3468 4.
764 3390 786 3454 l.
802 3392 867 3471 ιι.)
878 3392 1062 3476 consempsit.
1098 3390 1306 3475 Evangelium
1322 3390 1448 3475 quidem
1463 3389 1597 3453 aPaulo

498 3489 706 3573 predicatum
723 3490 842 3553 Lucam
857 3499 1049 3556 sectatorem
1067 3492 1134 3577 ojus
1155 3492 1255 3555 litoris
1272 3491 1450 3567 mandasse,
1467 3490 1559 3553 multi
1579 3512 1598 3562 e

498 3595 656 3658 veteribus
671 3595 882 3669 tradiderunt,
899 3602 935 3658 ut
952 3596 1091 3661 lronaeus
1105 3595 1213 3659 libili.
1231 3596 1344 3658 Contra
1356 3595 1471 3659 Hoercs.
1484 3617 1551 3678 cap.
1569 3616 1596 3658 1.

497 3694 662 3780 Origenes,
679 3696 844 3773 Eusebius,
861 3697 1147 3781 Hieronymusque.
1192 3698 1280 3760 Nom
1296 3705 1325 3760 ot
1339 3697 1432 3759 Lace
1452 3697 1597 3779 dipcstcm

497 3798 601 3861 Paulo
616 3797 784 3861 adscribere
797 3798 897 3875 solent,
910 3798 957 3862 ait
965 3799 1188 3862 Tertullianus
1202 3798 1272 3861 edo.
1284 3800 1439 3862 Marcion.
1451 3822 1481 3879 4.
1493 3818 1523 3882 5.
1534 3798 1596 3861 hoo

497 3898 578 3963 bene
601 3901 721 3978 addito,
746 3900 957 3986 rmzprbtrcrcm»
980 3901 1081 3963 cidari
1097 3921 1191 3985 posse,
1207 3922 1274 3984 qcae
1296 3900 1442 3983 ‹lisapali
1458 3900 1596 3984 promel·

493 4002 608 4084 μανίαι.
656 4003 710 4064 Ad
726 4004 822 4066 verba
836 4012 944 4066 autem
960 4002 1013 4065 illa
1028 4003 1112 4085 quod
1133 4001 1260 4077 attinet,
1277 4010 1305 4064 et
1312 4002 1399 4084 juris
1416 4002 1594 4080 audieram,

496 4101 566 4163 vide
582 4124 686 4165 annon
703 4103 830 4168 collatio
845 4106 992 4187 quaedam
1006 4103 1057 4167 hic
1072 4105 1229 4167 habeatur
1240 4102 1521 4187 jurisprudentiae,
1538 4126 1594 4167 scu

496 4202 635 4267 scientiae
653 4206 735 4287 aeqni
751 4205 898 4289 bonique,
913 4227 984 4268 cum
1000 4212 1070 4268 arte
1091 4205 1224 4280 medica,
1241 4226 1336 4288 quarn
1353 4204 1468 4280 Lucas,
1484 4209 1520 4267 ut
1531 4209 1596 4267 tes·

495 4309 585 4365 tatur
611 4304 643 4367 S.
661 4305 789 4383 Paulus,
814 4306 974 4390 professus
996 4312 1056 4370 est.
1101 4306 1196 4370 Certe
1219 4307 1261 4369 ad
1285 4305 1503 4390 integritatem
1527 4325 1595 4366 ver·

496 4403 607 4466 borum
619 4404 706 4487 juris
727 4406 893 4469 studiosam
918 4406 1167 4469 confirmandam
1194 4407 1271 4470 facit
1296 4406 1482 4491 principium
1509 4404 1595 4467 Gom·

495 4506 640 4567 preaterii
658 4507 772 4569 Rerum
787 4509 883 4571 Lucre
902 4528 923 4570 a
946 4506 1138 4570 combefisio
1162 4507 1194 4570 in
1212 4509 1362 4570 Auctoris
1385 4528 1442 4569 suo
1456 4507 1594 4568 Petrum

490 4603 629 4686 primum
653 4605 740 4669 editi.
762 4629 792 4690 p.
812 4624 850 4689 5¹
856 4627 888 4691 3.
935 4610 972 4670 El
995 4609 1043 4671 καὶ
1066 4611 1176 4691 δικαίῳ,
1200 4608 1248 4671 ait
1270 4608 1313 4670 ibi
1340 4605 1594 4690 Metaphrastcs,

492 4704 591 4783 μνήμη
613 4709 689 4784 (eor.
705 4706 835 4789 μνήμην)
850 4708 914 4786 μετ’
933 4710 1086 4789 ἐγκωμίων
1106 4715 1269 4783 τελεῖσθαι,
1287 4710 1367 4774 θεῖός
1386 4733 1430 4774 τις
1450 4707 1524 4785 ἀνὴρ
1544 4704 1595 4768 xci
