3809 5650
451 657 515 722 206
862 659 1162 725 HEGESIPPUS.

449 810 570 871 secundi
585 810 738 868 dimidium
762 813 952 888 perterruisse,
973 810 1025 869 sed
1044 822 1186 888 quantum
1201 831 1237 869 ex
1252 810 1423 889 fragmentis
1437 830 1501 887 quae
1515 830 1552 868 ex

449 913 501 971 illo
515 933 603 992 opere
618 913 762 993 producit,
778 914 845 972 licet
860 914 1006 992 colligere,
1020 933 1066 972 res
1081 913 1292 992 Apostolorum
1307 914 1490 992 potissimum
1507 926 1551 973 est

448 1028 629 1097 persecutus,
641 1028 672 1076 et
687 1018 794 1097 primas
808 1018 1007 1078 Ecclesiarum
1022 1018 1203 1096 quarundam
1216 1019 1350 1096 origines,
1366 1017 1422 1076 alia
1437 1019 1552 1097 parcius

449 1123 557 1199 attigit.
580 1122 764 1180 Faanrcrus.

490 1224 507 1271 b
531 1226 598 1285 Hoc
620 1236 665 1285 est
690 1225 829 1292 decimus,
857 1226 947 1284 Petro
969 1247 1028 1285 uns
1052 1239 1230 1305 computato.
1273 1227 1322 1286 Sic
1345 1248 1433 1305 supra
1457 1249 1481 1286 c.
1498 1249 1544 1285 xv.

450 1330 576 1388 Clerueas
597 1339 716 1409 prrartus
736 1338 800 1408 post
818 1330 933 1388 Petrum
949 1330 1096 1389 Romam
1113 1331 1271 1411 episcopus,
1292 1331 1429 1410 siquidem
1452 1353 1550 1389 secun-

448 1434 503 1492 dus
531 1434 626 1492 Linus
639 1433 705 1512 suit
730 1441 756 1491 cl
779 1432 881 1491 tertius
911 1434 1019 1493 Cletus.
1055 1435 1244 1494 Fanmcrus.
1287 1434 1455 1493 Secundum
1478 1435 1549 1493 alios

448 1551 569 1600 notante
590 1539 698 1599 ibidem
713 1540 857 1605 Fabricio,
881 1538 1011 1599 decimus
1032 1551 1076 1599 est
1092 1540 1173 1606 Pius,
1189 1538 1333 1598 Anicetus
1353 1541 1409 1598 iste
1430 1539 1549 1599 undeci-

449 1666 533 1715 mus;
555 1646 606 1705 sed
622 1645 804 1723 Hieronymo
819 1654 852 1703 ut
866 1642 929 1702 eliis
943 1644 1058 1704 Latinis
1072 1664 1241 1723 persuasum
1257 1644 1348 1703 fuisse
1362 1645 1413 1711 sit,
1424 1644 1551 1704 Aniceto

449 1752 535 1810 Pium
548 1751 728 1817 successisse,
740 1760 770 1808 et
781 1749 833 1808 Pio
842 1749 986 1809 Soterem.
1008 1751 1103 1809 Alteri
1112 1770 1181 1809 vero
1192 1750 1344 1809 sententiae
1354 1749 1551 1828 adstipulatur

449 1855 646 1934 Hegesippus,
669 1855 719 1933 qui
746 1854 870 1913 Romam
893 1853 974 1913 venit
997 1855 1051 1913 sub
1075 1853 1212 1924 Aniceto,
1237 1853 1427 1930 disertimquc
1450 1853 1550 1919 tradit,

448 1957 577 2017 Aniceto
602 1959 772 2017 successisse
795 1957 936 2017 Soterem.
962 1957 1032 2016 vid.
1050 1958 1166 2035 Fragor.
1182 1958 1222 2015 vi.
1238 1957 1316 2014 infra
1335 1976 1364 2035 p.
1383 1972 1450 2031 217.
1488 1957 1550 2014 Ire-

448 2082 543 2120 naeum
569 2082 685 2140 quoque
712 2061 789 2120 idem
814 2062 989 2121 referentem
1013 2062 1145 2120 videmus
1169 2061 1293 2120 inferius
1317 2060 1395 2138 apud
1419 2061 1551 2119 Corsoru-

448 2168 548 2225 Luan.
607 2164 700 2223 Porro
721 2165 775 2222 hac
799 2164 917 2240 quidem
943 2165 974 2222 in
997 2185 1028 2223 re
1053 2164 1216 2225 Eusebium
1241 2184 1326 2222 suum
1351 2163 1551 2242 Hieronymus

448 2270 609 2330 deseruisse
631 2268 790 2336 videretur,
815 2267 894 2346 quod
912 2279 1011 2326 tamen
1035 2268 1088 2326 vix
1107 2267 1257 2347 probabile
1280 2278 1324 2327 est
1335 2290 1345 2337 ς
1367 2287 1447 2326 cons.
1471 2269 1547 2325 enirn

448 2376 498 2436 lib.
514 2375 553 2433 ir.
573 2375 653 2433 Hirt.
670 2374 749 2432 Eccl.
764 2395 791 2433 c.
810 2393 856 2432 ια.
876 2374 927 2432 ubi
947 2373 1028 2441 Pius,
1044 2392 1103 2429 non
1125 2371 1280 2438 Anicetus,
1296 2370 1419 2450 Hygino
1436 2390 1549 2429 succes·

447 2480 518 2537 aisse
533 2478 650 2537 dicitnr.
683 2478 766 2549 Quin
780 2490 811 2539 et
826 2478 1003 2537 Cbronicum
1021 2475 1230 2541 Eusebisnum,
1246 2485 1379 2534 vertente
1393 2475 1458 2553 ipso
1478 2475 1551 2531 Hie-

447 2603 580 2663 ronymo,
608 2583 770 2662 Hyginum,
797 2583 894 2652 Pium,
923 2582 1091 2650 Anicetum,
1118 2579 1221 2639 ordine
1249 2590 1389 2638 consueto
1418 2579 1550 2644 collocat,

448 2687 575 2746 Aniceta
590 2688 702 2747 decimo
717 2700 829 2757 vocato,
842 2689 932 2747 Petro
946 2686 1024 2745 haud
1039 2696 1217 2764 computato.
1253 2684 1310 2743 Sed
1325 2684 1361 2744 de
1376 2685 1551 2764 Hieronymi

447 2792 593 2851 sententis
620 2791 721 2850 confer
751 2791 942 2851 Penrsonium
970 2789 1067 2868 Opera
1092 2787 1239 2848 Postumo.
1260 2788 1339 2848 Diss.
1355 2788 1398 2847 ΙΙ.
1421 2789 1462 2848 xi.
1477 2808 1505 2861 4.
1521 2809 1550 2868 p.

450 2897 517 2974 269.
531 2896 576 2956 ed.
592 2896 687 2955 Lond.
731 2896 877 2955 Coeterum
893 2893 1012 2953 Aniceti
1027 2912 1122 2952 sunus
1135 2893 1248 2972 primus
1265 2894 1301 2952 ud
1316 2912 1424 2951 sunum
1440 2893 1550 2951 Christi

451 3020 460 3057 r
469 3018 517 3077 51.
533 3002 595 3060 fere
615 3008 729 3080 semper
743 3000 915 3079 assignatur,
931 2998 1053 3057 ultimus
1073 2996 1203 3074 ejusdem
1225 2996 1353 3075 episcopi
1367 2996 1404 3054 ed
1417 3016 1464 3054 sn.
1483 2999 1550 3055 160.

448 3106 602 3165 Eleutheri
614 3117 713 3165 sutem
727 3125 822 3165 annus
832 3105 945 3184 primus
959 3104 996 3162 ad
1010 3123 1057 3163 sn.
1074 3104 1139 3178 169.
1155 3101 1278 3161 ultimus
1291 3100 1328 3160 sd
1342 3121 1390 3158 un.
1404 3101 1469 3173 184,

474 3213 527 3271 οΝ
528 3233 566 3271 οη
578 3212 814 3291 npudAatr'rroum
824 3211 967 3270 civitatem
975 3210 1142 3289 gymnicum
1148 3207 1282 3267 Antinoo
1292 3226 1412 3286 agonem
1423 3208 1550 3265 exerceri

447 3318 576 3386 solitum,
591 3317 642 3376 sed
657 3317 686 3374 in
701 3317 863 3382 Mantinea,
878 3315 979 3374 scribit
998 3313 1157 3373 Pausanias
1171 3313 1201 3370 in
1219 3311 1381 3378 Arcadicis,
1396 3317 1411 3367 ὁ
1425 3315 1552 3377 βασιλεὺς

447 3423 630 3492 καταστήσαιτο
644 3425 714 3498 αὐτῷ
728 3424 756 3478 ἕν
765 3422 904 3491 Μαντινείᾳ
918 3421 993 3491 ripas
1007 3423 1048 3475 sal
1060 3421 1249 3489 τελετὴν-καὶ
1263 3418 1333 3491 ἁγών
1347 3424 1420 3476 ἔστιν
1433 3422 1503 3492 αὐτῷ
1517 3419 1551 3472 δι’

446 3531 521 3585 ἔτους
534 3529 660 3598 πέμπτου.
702 3525 769 3583 Jam
785 3525 883 3602 itsque
897 3522 994 3581 malim
1010 3522 1165 3581 emendare
1182 3523 1213 3579 in
1228 3521 1465 3600 prestantissima
1480 3519 1550 3576 MS.

448 3643 556 3696 nostro,
574 3653 649 3710 agon
664 3637 810 3689 recreetur
826 3627 992 3693 Antonaius,
1013 3625 1209 3707 civitatemque
1227 3648 1263 3685 ea
1283 3629 1349 3706 ejus
1368 3626 1478 3685 nomine
1496 3627 1548 3682 dcc.

447 3757 540 3814 eoque
554 3736 656 3813 magis,
671 3733 749 3812 quod
765 3733 842 3792 idem
857 3732 1044 3811 Hegesippus
1058 3735 1074 3786 ὁ
1088 3734 1129 3788 sai
1141 3732 1213 3805 ἀγὼν
1225 3733 1316 3806 ἄγεται
1327 3730 1486 3788 'ansearius
1500 3733 1550 3789 &c

449 3843 664 3901 Vanususrus.
688 3839 748 3917 Op.
769 3838 801 3898 S.
815 3839 937 3897 Hieron.
961 3836 1056 3896 editor
1077 3837 1261 3897 novissimus.
1297 3834 1358 3895 Sed
1380 3835 1468 3893 verbs
1489 3836 1552 3913 ipss

449 3947 608 4026 Hegesippi
623 3946 700 4004 iufra
713 3944 845 4003 invenies
858 3963 923 4023 pag.
941 3943 1009 4001 218.
1026 3942 1182 4020 descripta.
