3809 5650
482 702 548 764 328
858 698 1208 766 ANNOTATIONES

476 881 610 956 posteros
624 870 801 933 transmissa
816 880 895 933 nont.
929 873 1058 934 Electa
1073 872 1193 956 quidem
1207 873 1276 955 ipsa
1291 868 1398 954 quibus
1406 871 1590 955 plenissima

482 973 592 1035 barum
606 993 708 1033 rerum
722 972 864 1035 narratio
878 975 1055 1050 continetur,
1071 975 1103 1036 in
1117 996 1203 1055 opere
1217 974 1255 1036 do
1270 972 1456 1054 martyribus
1469 975 1592 1059 intepro

483 1096 504 1136 a
520 1071 602 1134 nobis
618 1072 731 1135 inserta
750 1083 838 1135 sunt:
863 1075 915 1135 En
934 1073 1042 1158 quibus
1061 1096 1120 1137 non
1139 1074 1235 1137 solum
1256 1075 1383 1157 counitio
1405 1097 1509 1137 rermn
1527 1098 1591 1160 pes·

484 1185 596 1246 tarnem,
615 1195 721 1235 emnem
741 1174 832 1236 etiam
846 1175 1022 1239 wumenta
1035 1177 1162 1259 pietatis
1177 1177 1300 1260 percipi
1316 1185 1449 1260 possunt.
1497 1178 1590 1256 Quae-

484 1297 597 1358 memque
612 1285 710 1337 tamen
724 1275 770 1337 acl
784 1275 955 1339 institutam
974 1287 1107 1339 codrum
1126 1287 1258 1361 spectare
1277 1277 1354 1340 mibi
1374 1278 1440 1340 uisa
1458 1288 1536 1353 mont,
1553 1301 1589 1342 ea

484 1379 751 1462 inpraesentiarum
769 1379 901 1464 selipcns,
921 1379 970 1442 bic
993 1402 1154 1464 apponam.
1198 1381 1245 1442 Ac
1271 1381 1360 1443 ceteri
1383 1381 1503 1464 quidem
1528 1381 1589 1444 bis·

484 1481 634 1544 toriarum
647 1480 814 1563 ereptores,
825 1480 907 1544 nibil
915 1480 1080 1564 aliudfere
1096 1483 1291 1546 monumentis
1304 1482 1589 1566 snisprodidernnt,

483 1604 575 1667 qnam
591 1580 710 1644 bellicas
725 1582 875 1657 vinarias,
890 1592 918 1645 et
932 1591 1029 1645 erecta
1043 1582 1079 1644 de
1089 1581 1216 1646 bostibns
1226 1584 1315 1646 uictis
1325 1594 1460 1667 tropoea;
1478 1584 1588 1648 docum

484 1705 532 1747 res
550 1683 703 1767 proeclore
723 1693 828 1766 postas,
841 1684 945 1766 fortia
971 1683 1104 1746 militnm
1120 1687 1221 1766 facto,
1238 1686 1291 1768 qui
1310 1707 1372 1769 pro
1390 1687 1511 1769 putria,
1527 1707 1590 1770 pro

485 1784 587 1848 liberis
601 1785 785 1868 acsortrmis
804 1786 875 1856 suis,
892 1807 1000 1848 manus
1019 1807 1090 1848 suas
1108 1787 1253 1871 saupnine
1272 1796 1299 1850 et
1319 1789 1441 1870 infinita
1460 1789 1588 1851 bostium

484 1888 564 1950 cade
578 1886 874 1950 cornmacnlaocrant.
919 1891 965 1974 dt
980 1889 1100 1972 eosqui
1121 1910 1217 1952 sacrm
1237 1891 1395 1972 cujusdem
1413 1914 1450 1953 ac
1470 1892 1588 1954 dioinae

484 1988 660 2073 reipublice
683 1988 840 2051 historiam
862 2010 1036 2066 maurannus,
1049 1992 1250 2074 pacatissima
1270 1994 1410 2076 quaedem
1433 1993 1510 2056 bellu
1524 2017 1588 2078 pro

482 2090 621 2177 spiritali
633 2113 707 2174 paca
721 2101 865 2174 suscepta,
882 2113 981 2175 eosque
994 2093 1049 2176 qui
1063 2093 1097 2155 in
1111 2093 1283 2175 hujusmodi
1294 2093 1377 2158 bellis
1384 2117 1446 2179 pro
1461 2098 1588 2160 ueritate

483 2214 521 2255 ac
535 2192 676 2274 relipiona
684 2190 790 2274 potius
801 2214 892 2275 qnam
900 2213 962 2275 pro
974 2195 1082 2277 patria
1093 2217 1131 2257 ac
1142 2193 1244 2258 liberis
1245 2196 1374 2278 sortiter
1384 2196 1586 2274 decertarunt,

483 2290 702 2356 inmortalibus
713 2292 872 2355 literarum
883 2296 1078 2359 monumentis
1086 2294 1313 2359 ruarsdubimns:
1330 2296 1585 2380 Atbletarumpro

478 2395 594 2479 pictate
610 2394 817 2476 papnnutium
837 2397 1045 2473 coruscantium,
1062 2406 1089 2459 et
1108 2397 1141 2459 in
1156 2396 1348 2480 perferendis
1368 2395 1585 2480 multiplicibus

483 2496 635 2558 tormentis
641 2495 868 2577 fortitudinem,
885 2508 1001 2580 tropaea
1017 2498 1158 2561 adversus
1170 2498 1329 2562 Damone
1343 2507 1465 2574 statuta,
1472 2508 1587 2582 partas

483 2619 520 2660 es
534 2596 737 2660 invisibilibus
749 2597 877 2661 bostibus
896 2599 1047 2674 uictorias,
1064 2621 1186 2662 coronas
1206 2600 1333 2685 deniqnce
1352 2600 1396 2663 ad
1407 2609 1587 2684 perpetuam

476 2700 665 2785 posteritatis
691 2701 866 2763 meritoriam
883 2701 1099 2784 praedicantes.
1147 2703 1249 2764 Porro
1273 2703 1353 2787 rapio
1376 2703 1444 2785 ipsa
1468 2703 1502 2764 in
1524 2723 1587 2784 qua

482 2812 616 2875 stadium
631 2810 676 2873 ad
687 2810 750 2875 boec
763 2834 831 2896 qius
845 2810 914 2873 dici
929 2810 1096 2873 certamina
1113 2810 1302 2873 constitutum
1310 2809 1389 2891 snit,
1410 2808 1519 2872 Gallia
1539 2832 1586 2872 oo·

483 2924 581 2977 catur.
627 2913 669 2975 In
689 2913 834 2976 laedens
847 2935 920 2997 prae
940 2914 1043 2976 ceteris
1061 2913 1191 2997 insinnes
1202 2920 1442 2996 prestantesque
1461 2910 1585 2974 urbium

483 3026 594 3079 matres
617 3014 814 3091 celebrantur,
835 3016 1020 3099 Lugudunum
1045 3036 1082 3077 ao
1106 3016 1244 3077 bienna:
1276 3035 1407 3097 quorum
1430 3022 1587 3097 utramque

477 3126 613 3199 permeat
628 3117 805 3191 Rhodanus,
820 3118 994 3180 rcriicersam
1007 3117 1153 3201 cepionem
1168 3114 1329 3199 praecipiti
1349 3135 1439 3177 cursu
1459 3114 1586 3176 circum

475 3220 584 3301 fluens.
623 3218 728 3301 Ipitur
741 3217 933 3281 nobilissimas
943 3218 1050 3281 borum
1062 3218 1191 3282 locorum
1202 3217 1330 3281 cccbsice
1339 3216 1586 3279 commentarium

484 3320 521 3382 de
541 3321 679 3406 passione
704 3331 874 3402 martyrum
899 3342 1021 3383 suornm
1046 3320 1091 3382 od
1113 3319 1247 3383 eccmsios
1268 3319 1359 3382 Asiae
1382 3318 1587 3401 Pbrppioeque

484 3421 637 3494 mussant,
654 3442 690 3482 ea
704 3441 772 3503 qua
786 3420 874 3503 apud
885 3442 914 3482 se
930 3430 1013 3503 peste
1033 3431 1130 3496 mant,
1149 3420 1201 3483 boc
1221 3420 1305 3483 modo
1319 3428 1586 3482 commemorantes.

484 3521 563 3603 Ipsa
577 3520 654 3581 enim
673 3519 763 3582 acrba
781 3543 840 3582 non
856 3520 1008 3604 precabor
1027 3544 1184 3605 apparuere.
1230 3522 1364 3583 SERVI
1389 3519 1509 3584 Christi
1533 3520 1587 3603 qui

484 3621 569 3704 apud
588 3620 743 3683 Viennam
760 3631 793 3684 et
811 3621 1014 3705 Lugdunum,
1033 3626 1087 3685 &a
1106 3626 1161 3685 &a

530 3722 566 3785 P.
585 3740 658 3805 295.
675 3722 694 3785 l.
712 3724 742 3786 6.
758 3727 799 3787 Οἱ
823 3726 856 3786 ἓν
878 3723 985 3802 Beiram
1011 3726 1059 3787 sai
1083 3724 1260 3807 Λουγὸούνῳ
1286 3726 1357 3806 bru]
1386 3724 1513 3807 Duplex
1536 3722 1587 3786 hie

485 3824 620 3908 quaestio
635 3824 746 3889 oritur.
779 3825 898 3901 Prima,
912 3847 968 3887 cur
983 3825 1051 3888 haee
1063 3824 1198 3909 epistola
1209 3824 1329 3907 scripta
1340 3825 1382 3887 sit
1394 3824 1587 3910 conjunctim

484 3950 505 3991 a
531 3927 655 3992 duabus
680 3928 827 4005 eeclesiis,
857 3927 1025 3990 Viennensi
1050 3950 1088 3991 ac
1115 3925 1332 4010 Lugdunensi.
1378 3925 1503 4001 Altera,
1531 3947 1588 3989 eur

485 4030 568 4096 Gelli
593 4031 704 4093 Graece
727 4030 866 4094 scribant
888 4031 929 4093 ad
956 4029 1104 4093 eeclesias
1127 4028 1216 4091 Asiae
1244 4034 1278 4090 et
1306 4027 1466 4111 Phrygiae,
1489 4035 1521 4090 et
1544 4027 1586 4089 ad

485 4131 692 4195 Eleutherum
708 4132 860 4196 Romanae
877 4132 964 4194 urbis
980 4132 1171 4216 episcopum.
1219 4132 1311 4208 Quod
1327 4132 1368 4194 ad
1385 4130 1521 4215 primam
1535 4137 1585 4192 at-

484 4233 577 4312 tinet,
598 4234 657 4297 hoe
681 4233 798 4297 ideireo
823 4234 943 4297 factum
970 4234 1128 4309 existima,
1153 4234 1237 4316 quod
1263 4232 1402 4296 ecclesiae
1428 4231 1588 4293 Viennen-

485 4336 565 4398 sium
588 4359 626 4399 ae
650 4336 920 4419 Lugdunensium,
937 4357 1001 4398 non
1024 4336 1117 4398 modo
1140 4335 1198 4398 loci
1214 4335 1387 4408 vicinitate,
1411 4333 1466 4396 sed
1489 4332 1587 4396 etiam

486 4437 587 4499 mutui
604 4438 722 4501 amoris
738 4437 860 4501 vinculo
875 4437 1054 4522 conjunctae
1069 4444 1170 4501 erant.
1195 4437 1239 4499 Et
1255 4458 1325 4499 cum
1341 4436 1373 4498 in
1389 4436 1499 4498 eadem
1516 4456 1586 4518 per-

485 4538 645 4601 secutione
660 4539 752 4601 simul
767 4541 994 4616 decertassent,
1011 4539 1177 4624 epistolam
1193 4540 1233 4601 de
1248 4537 1312 4601 suis
1331 4534 1524 4619 martyribus
1545 4534 1586 4596 si-

486 4640 550 4702 mul
563 4646 596 4702 et
607 4640 799 4723 conjunctim
811 4640 1014 4724 scripserunt.
1056 4639 1107 4702 Ad
1120 4640 1188 4702 haee
1202 4645 1338 4722 utraque
1352 4635 1513 4721 provincia
1528 4634 1586 4696 sub

486 4741 578 4804 unius
606 4740 758 4804 Praesidis
777 4741 1009 4824 jurisdictione,
1034 4749 1110 4805 tunc
1135 4740 1262 4824 quidem
1288 4736 1441 4822 temporis
1461 4736 1587 4800 videtur
