3809 5650
633 686 683 750 IN
705 685 938 779 RHODONIS
963 685 1259 750 FRAGMENTA.
1434 688 1497 749 443

993 796 1008 826 ἱ

444 853 692 938 P.438.1.11.e
710 855 817 933 ναύτης
833 855 988 939 Μαρκίων]
1006 856 1088 919 Haec
1099 861 1150 919 est
1161 852 1277 918 codicis
1288 851 1380 938 Regii
1391 852 1495 927 lectio,

401 975 498 1039 quam
513 954 678 1018 confirmat
693 955 916 1040 interpretatio
931 954 1048 1020 Rufini.
1094 955 1146 1020 Sic
1161 954 1245 1020 cuim
1261 953 1331 1018 ille:
1354 953 1422 1018 Alii
1440 973 1497 1017 αν-

399 1065 469 1133 tem,
488 1056 568 1120 cioca
585 1056 648 1140 ipsc
669 1065 766 1120 coca
785 1058 941 1134 Marcion,
957 1056 1017 1120 duo
1037 1077 1095 1120 cccc
1109 1056 1274 1141 Panapio
1292 1054 1496 1120 introducant.

401 1159 499 1221 Certe
513 1155 728 1222 Tertullianus
741 1156 774 1220 in
789 1157 870 1221 libro
883 1158 924 1221 de
938 1156 1238 1243 praescriptionibus,
1254 1163 1394 1224 testatur
1409 1155 1499 1221 Mar·

400 1256 523 1322 cionem
537 1257 628 1322 initio
648 1256 872 1322 navicularium
887 1257 994 1322 fuisse.
1046 1257 1108 1322 Uli
1125 1267 1207 1337 traco,
1223 1256 1338 1343 inquit,
1351 1255 1498 1320 Marcion

401 1359 548 1423 Ponticas
560 1359 728 1437 moclena,
744 1361 857 1423 Sto'icae
875 1359 1047 1424 studiosus?
1092 1359 1138 1424 Et
1156 1359 1189 1424 in
1208 1359 1290 1427 libro
1305 1359 1333 1424 Ι.
1347 1359 1498 1424 adversus

403 1458 601 1524 Marcionem
622 1483 690 1544 cap.
716 1462 765 1524 18.
785 1462 853 1524 Noc
871 1461 1063 1525 Marcionem
1083 1460 1257 1525 nauclerum
1277 1461 1421 1536 αανύνννς,
1439 1480 1499 1524 aaa

400 1581 497 1644 repom
509 1583 569 1625 aaa
583 1562 665 1646 Imp.
712 1561 758 1625 Et
771 1560 804 1624 in
818 1561 873 1625 lib.
888 1561 931 1625 iii.
948 1584 1015 1647 cap.
1033 1565 1064 1625 6.
1077 1569 1111 1625 ct
1121 1561 1176 1624 lib.
1188 1560 1227 1625 iv.
1240 1583 1308 1645 cap.
1320 1581 1352 1644 9.
1362 1568 1397 1625 et
1408 1560 1499 1623 initio

400 1661 455 1726 lib.
470 1684 499 1727 v.
545 1664 586 1726 In
600 1662 729 1746 reliquis
742 1670 851 1727 tamen
866 1663 1099 1747 exemplaribus
1114 1663 1199 1727 Maz.
1212 1663 1344 1727 Madet
1359 1661 1500 1739 Fulretii

402 1785 524 1828 necnon
538 1764 625 1849 apud
640 1764 853 1851 Nicephorum
868 1765 984 1828 desunt
998 1764 1048 1827 hae
1062 1785 1154 1827 voces
1165 1765 1181 1826 ὁ
1193 1764 1309 1842 ναύτης.
1333 1763 1498 1829 Vaamms.

402 1865 566 1930 Omittunt
594 1866 715 1928 Codicis
738 1886 862 1950 quoque
884 1865 988 1929 Veneti
1011 1866 1105 1929 lacti.
1130 1871 1165 1931 ct
1189 1885 1292 1950 ννανηο
1316 1864 1363 1928 cd.
1390 1867 1498 1928 Gcccc.

403 1965 475 2030 Dici
490 1975 609 2051 posset,
625 1975 754 2032 enatem
769 1989 837 2031 esse
851 1967 933 2032 hanc
948 1988 1056 2031 vocem
1069 1989 1110 2031 ex
1124 1965 1228 2030 vicina
1242 1966 1340 2038 αὐτὸς,
1356 1965 1411 2029 sed
1426 1987 1498 2029 cum

403 2066 602 2132 Marcionem
615 2075 748 2132 nautam
763 2068 868 2145 fuisse,
884 2074 972 2132 certe
989 2067 1034 2132 sic
1053 2067 1247 2152 appellatum
1267 2089 1347 2144 esse,
1361 2089 1402 2131 ex
1424 2066 1505 2130 Ter-

402 2167 536 2232 tulliano
550 2175 687 2246 constct‚
702 2177 874 2254 nostraque
888 2168 993 2246 lectio,
1008 2174 1122 2252 utpote
1136 2168 1170 2231 in
1185 2165 1301 2230 Rufino
1311 2167 1380 2251 jam
1394 2167 1501 2244 obvia,

402 2269 447 2334 sit
461 2269 624 2355 antiquior
634 2271 746 2350 altera,
763 2271 929 2335 dicendum
943 2271 1052 2357 potius
1066 2276 1127 2347 cst,
1141 2270 1183 2334 ab
1198 2269 1311 2334 eadcm
1325 2291 1400 2333 voce
1415 2268 1502 2336 αὐτὸς

402 2372 590 2456 absorptam
604 2395 673 2437 csse
687 2373 770 2437 hanc
780 2373 849 2456 jam
863 2381 939 2437 ante
955 2371 1124 2456 Nicephori
1139 2379 1285 2456 tempora
1297 2370 1331 2436 in
1345 2369 1503 2436 nonnullis

403 2474 494 2536 codd.
539 2472 699 2537 Gaeterum
717 2473 804 2537 haud
826 2474 972 2558 displicet
993 2474 1026 2536 S.
1042 2473 1086 2536 V.
1104 2472 1243 2536 Walchii
1263 2472 1431 2549 sententia,
1448 2471 1503 2556 qui

403 2573 445 2637 ob
460 2574 601 2638 Pontum
615 2574 764 2658 patriam,
779 2573 825 2636 rei
841 2574 976 2636 nauticae
991 2574 1162 2636 admodum
1177 2573 1330 2650 deditam,
1343 2572 1502 2636 Marcioni

403 2673 486 2738 hanc
504 2674 748 2758 appellationem
768 2673 903 2737 inditam
925 2679 1031 2757 putat.
1055 2671 1188 2734 Sanora.
1234 2670 1359 2736 Desunt
1374 2673 1502 2736 vocent

404 2777 510 2855 ναύτης
530 2775 563 2839 in
587 2775 659 2839 Ood.
674 2795 798 2861 quoque
819 2774 917 2838 Socil.
937 2779 972 2840 et
997 2773 1029 2837 in
1051 2772 1193 2837 versione
1218 2771 1352 2847 Valcsii;
1386 2773 1442 2837 sed
1467 2772 1501 2836 in

405 2878 479 2942 MS.
496 2876 634 2961 Norsolc.
650 2880 666 2940 ὁ
682 2876 738 2940 σὺν
753 2877 850 2944 αὐτοῖς
863 2897 921 2961 pro
937 2878 954 2939 ὁ
970 2876 1074 2954 ναύτης
1088 2873 1242 2959 scriptum
1257 2879 1358 2937 extat.
1400 2873 1501 2938 Omit-

403 2987 472 3046 tere
490 3000 582 3043 voces
605 2981 621 3041 ὁ
646 2979 751 3058 ναύτης
770 2978 855 3041 codd.
878 2977 1079 3054 Florentiam,
1106 2998 1188 3039 nunc
1213 2976 1305 3040 addit
1328 2976 1500 3055 Burlonns,

403 3090 438 3145 et
452 3080 515 3144 cod.
527 3079 725 3143 Drcedcmea.
739 3078 925 3142 Heinichcn.
940 3078 973 3142 in
989 3078 1199 3163 Scpplcmecto
1213 3079 1376 3142 Notcram.

449 3184 486 3247 P.
502 3183 575 3266 438.
591 3182 613 3243 l.
632 3200 681 3245 12.
694 3180 833 3263 Horace]
850 3181 981 3259 Πότιμος
995 3180 1039 3242 cd.
1056 3179 1162 3263 Steplc.
1198 3178 1329 3242 Rectius
1344 3179 1376 3241 in
1391 3179 1499 3242 codice

405 3285 492 3348 Maz.
509 3283 597 3348 Med.
611 3281 692 3345 Fuk.
704 3289 738 3345 et
755 3279 912 3345 Saviliano
926 3280 1044 3365 legitur
1058 3283 1195 3347 Πότιτας.
1235 3279 1287 3343 Sic
1304 3279 1388 3343 enim
1400 3280 1501 3343 Theo-

404 3384 529 3449 doritus
543 3384 575 3448 in
589 3383 670 3446 libro
686 3382 713 3446 l.
729 3382 950 3446 haereticarum
965 3380 1155 3455 fabularum,
1164 3387 1198 3445 ct
1210 3379 1346 3444 Rufinus
1359 3402 1432 3445 eum
1447 3403 1501 3446 no·

405 3486 538 3550 minant.
559 3486 716 3548 Vannsms.
755 3484 847 3548 Citct
857 3489 973 3547 testem
984 3503 1043 3567 pro
1053 3480 1187 3546 lectione
1197 3482 1329 3563 Πότιμας
1339 3480 1504 3549 Strothius

407 3586 714 3670 Olristopleraoaam‚
728 3585 817 3669 cujus
831 3592 939 3649 tamen
958 3585 1055 3648 carrio
1070 3584 1217 3649 Potitum
1235 3585 1377 3667 praefert,
1393 3592 1502 3651 notat·

404 3709 466 3771 quc
487 3686 537 3750 vir
557 3687 595 3749 cl.
612 3688 758 3753 Πόντικος
779 3687 865 3772 apud
880 3686 1009 3773 Niccplc.
1032 3692 1153 3761 extare,
1174 3683 1258 3769 quod
1280 3685 1408 3767 quidem
1427 3687 1501 3749 Ma.

404 3795 514 3852 noster
527 3786 666 3870 Norsolc.
681 3788 788 3853 habet.
823 3790 955 3867 Πότιμος
969 3786 1063 3853 scribi
1078 3786 1111 3849 in
1125 3784 1209 3849 codd.
1222 3786 1297 3868 ray.
1308 3794 1341 3848 ct
1350 3787 1460 3850 Paria.
1474 3808 1501 3852 ι.

403 3888 497 3953 addit
512 3911 595 3953 nnnc
610 3890 784 3954 Burtonus.
1441 3898 1442 3901 ’

448 3989 531 4054 Ibid.
553 3989 574 4053 l.
601 4009 648 4073 13.
671 3994 711 4075 τῷ
735 3990 872 4073 Ποντικῷ
895 3988 990 4071 λύκῳ]
1018 3986 1149 4072 Ittigius
1169 3985 1306 4050 Dissert.
1326 3985 1378 4049 Da
1394 3985 1502 4051 Hoere·

403 4091 543 4170 dorchia,
557 4097 635 4154 sect.
652 4090 685 4153 ii.
700 4111 771 4174 cap.
787 4088 817 4151 8.
832 4110 863 4172 p.
884 4090 954 4172 156.
998 4095 1019 4124 ‘⁴
1037 4089 1129 4151 inter
1145 4085 1319 4152 Marcionis
1332 4085 1503 4171 discipulos

405 4200 428 4235 ‘⁴
443 4194 505 4257 l'uit
526 4192 683 4267 Lucanus,
705 4211 799 4274 quem
822 4189 881 4252 sub
905 4188 1031 4252 nomine
1045 4190 1155 4262 Λύκαν,
1171 4209 1227 4251 seu
1248 4186 1314 4272 lupi
1333 4187 1460 4252 Pontici
1483 4212 1503 4254 a

405 4299 426 4330 ‘⁶
441 4294 595 4357 Rhodone
618 4293 703 4376 apud
728 4290 903 4354 Eusebium
925 4289 981 4352 lib.
997 4311 1026 4353 v.
1041 4310 1109 4373 cap.
1130 4308 1178 4373 13.
1194 4287 1311 4351 Hister.
1326 4287 1438 4352 Ecclos.
1454 4288 1502 4352 in.

406 4402 427 4433 ‘⁶
441 4394 541 4480 telligi
555 4392 719 4457 existimat
733 4391 899 4457 Batonius.
945 4389 1068 4454 Verum
1084 4389 1242 4454 Marcioni
1257 4388 1365 4473 potius
1378 4388 1412 4454 id
1432 4409 1503 4475 cog-

405 4502 426 4532 “
440 4501 625 4558 nomentum
639 4516 660 4558 a
675 4494 830 4559 Rhodone
844 4491 1037 4557 attributum
1052 4491 1158 4569 fuisse,
1173 4489 1421 4577 precedentium
1435 4514 1505 4555 ver·

405 4604 425 4635 ‘⁶
440 4596 554 4660 borum
569 4602 740 4660 contextus
754 4594 905 4659 indicat.''

796 4746 798 4749 ,
902 4716 921 4779 3
941 4718 957 4759 n
974 4715 992 4762 2
