3809 5650
538 691 592 756 IN
616 691 881 758 MELITONIS
905 694 1208 761 FRAGMENTA.
1382 701 1442 763 141

343 860 510 926 Melitonis
524 861 605 926 liber
618 863 659 926 de
673 863 780 926 anima
793 873 827 926 et
842 885 984 947 corpore,
990 865 1059 949 jam
1072 873 1167 929 antea
1179 884 1446 933 commemoratus

343 963 398 1040 sit,
414 964 491 1048 quid
506 987 587 1049 opus
600 972 651 1028 est
665 987 776 1028 rursus
790 987 861 1029 eum
877 965 928 1029 hic
943 972 1126 1031 recenseret
1170 969 1265 1032 Certe
1285 970 1317 1032 in
1338 971 1446 1035 codice

344 1063 434 1127 Med.
451 1063 533 1127 Fulr.
549 1074 584 1127 et·
599 1063 694 1127 Savil.
710 1064 806 1127 verba
820 1064 874 1127 illa
891 1068 938 1127 καὶ
952 1068 1020 1145 περὶ
1037 1072 1137 1148 ψυχῆς
1159 1069 1206 1129 καὶ
1226 1070 1362 1147 σώματος
1383 1092 1446 1134 non

344 1165 512 1230 habentur.
557 1165 622 1229 Sed
636 1187 738 1248 neque
752 1167 838 1249 apud
853 1166 1086 1251 Hieronymum
1100 1190 1139 1232 ao
1154 1167 1367 1253 Nicephorum
1383 1171 1447 1235 ulla

343 1288 453 1331 corum
469 1273 577 1330 exstat
592 1267 711 1330 mentio
727 1266 787 1330 hoc
809 1267 888 1329 loco.
934 1268 1083 1351 Optimus
1105 1277 1213 1333 tamen
1236 1271 1336 1333 codex
1360 1272 1448 1336 Maz.

344 1390 383 1432 oa
396 1368 525 1445 retinet,
542 1368 598 1431 sed
613 1367 737 1430 inverso
752 1368 862 1431 ordine
877 1369 909 1430 in
925 1369 1009 1433 huuc
1025 1373 1154 1434 modum
1170 1374 1218 1435 καὶ
1236 1375 1252 1434 ὁ
1273 1375 1340 1452 περὶ
1361 1382 1449 1454 φιλο-

345 1469 456 1547 ξενίας·
473 1469 520 1532 acl
535 1470 552 1530 d
567 1469 635 1548 περὶ
650 1472 752 1551 ψυχῆς
772 1469 821 1531 καὶ
840 1472 986 1548 σώματος.
1032 1474 1110 1534 Van.
1157 1475 1220 1535 l'ro
1240 1472 1300 1536 hoc
1321 1474 1448 1537 addita·

344 1578 454 1635 mento
468 1570 661 1633 adferendos
675 1578 725 1633 est
739 1571 802 1634 cod.
818 1571 956 1654 Norfolc.
973 1593 1055 1634 nunc
1070 1573 1161 1635 addit
1171 1574 1336 1636 Burtonus
1356 1596 1449 1636 anam

344 1693 381 1734 aa
407 1671 494 1735 codd.
519 1670 718 1735 Fbrmtiaas
749 1677 782 1734 et
808 1671 1013 1734 Paris-iaceam
1044 1682 1213 1757 atramque,
1236 1681 1349 1737 contra
1375 1697 1449 1738 vero

345 1794 488 1858 pugnare
502 1773 611 1836 aiebat
628 1772 790 1836 Strothius
805 1773 868 1835 cod.
889 1773 993 1836 Veneti
1003 1776 1096 1836 Leclt.
1114 1775 1446 1861 eted.Gerteo.ll1cr9.

391 1873 562 1943 P.‚121.l.
589 1894 615 1936 1.
636 1875 654 1951 ἡ
679 1873 773 1958 κλεὶς]
798 1874 956 1937 Labbaeus
979 1875 1011 1937 in
1034 1885 1110 1938 tom.
1135 1876 1167 1938 ii.
1194 1878 1238 1938 De
1259 1878 1372 1960 Seript.
1389 1879 1447 1940 Ec

345 1975 473 2039 deciam
489 1997 562 2060 pag.
578 1975 630 2057 87.
648 1982 667 2012 “
685 1977 725 2038 ln
740 1975 848 2039 codice
863 1984 973 2039 nostro
989 1977 1062 2040 MS.
1078 1978 1281 2041 membraneo
1305 1979 1447 2063 (collegii

348 2085 367 2114 “
385 2077 579 2141 (llaromont.
609 2077 755 2159 Parisiis)
782 2098 897 2140 nomen
922 2078 1064 2162 ejusdem
1093 2078 1290 2163 (Melitonis)
1317 2080 1448 2164 praefert

347 2186 366 2212 ‘⁴
384 2177 489 2241 Obicis
508 2179 681 2262 Scapham
703 2178 874 2257 (Eusebius
896 2178 980 2242 inter
1002 2188 1119 2243 caetera
1142 2180 1306 2244 Melitonis
1328 2182 1448 2266 scripta

347 2288 367 2314 ‘⁴
381 2288 526 2343 recenset
545 2278 599 2357 τὴν
622 2284 734 2356 κλεῖδα,
750 2286 784 2343 et
807 2279 839 2342 S.
857 2279 1072 2365 Hieronymus
1096 2282 1129 2345 in
1154 2283 1299 2367 cascayo
1321 2283 1446 2361 librum,

348 2380 437 2464 “qui
462 2380 570 2445 Charis
594 2380 792 2465 inscribitur)
818 2380 903 2443 haud
929 2382 1065 2447 multum
1090 2384 1216 2449 diversa
1240 2408 1261 2450 a
1287 2385 1315 2447 F
1317 2387 1448 2451 ormulis

346 2481 555 2566 “spiritualis
576 2482 802 2566 intelligentiae,
827 2483 1005 2565 quainter
1030 2505 1128 2569 opera
1155 2485 1187 2548 S.
1215 2486 1364 2549 Eucherii
1392 2510 1447 2551 an·

348 2589 367 2616 “
381 2582 621 2645 numerantur.'’
666 2581 747 2646 Haec
763 2583 895 2646 Labbaei
911 2607 931 2646 a
946 2584 1094 2649 Fabricio
1109 2608 1234 2670 quoque
1248 2588 1289 2650 ad
1313 2589 1447 2652 Hieron.

346 2682 395 2745 Dc
429 2683 514 2747 Virrio
542 2684 598 2747 Ill.
628 2705 696 2768 cap.
726 2685 811 2748 xxiv.
838 2685 938 2748 allata
964 2693 1049 2749 sunt.
1096 2687 1187 2750 lnter
1215 2689 1348 2751 schedas
1374 2713 1447 2753 vero

347 2783 457 2848 Grabii
475 2784 616 2849 MSStas
636 2806 707 2868 quae
729 2784 763 2848 in
786 2785 987 2851 Bibliotheca
1010 2787 1185 2852 Bodleiano
1207 2799 1446 2866 conservantur,

347 2895 436 2950 extat
447 2886 563 2950 codicis
576 2887 658 2950 illius
670 2888 908 2953 claromontani
920 2890 1140 2973 apographum
1152 2912 1224 2953 cum
1235 2891 1297 2953 alic
1309 2893 1448 2974 quodam

346 2988 487 3070 ejusdcm
516 2990 621 3073 operis
636 2989 819 3072 'exemplari
846 2990 1008 3052 collatum.
1055 2992 1226 3054 Inventum
1248 3001 1356 3054 autem
1379 3014 1447 3056 esse

346 3088 462 3152 dicitur
491 3088 653 3172 exemplar·
682 3090 841 3174 posterius
866 3091 914 3156 ad
934 3090 1052 3153 calcem
1080 3090 1255 3155 Bibliorum
1282 3092 1447 3157 Thecdulli

345 3190 582 3254 Aurelianensis
597 3191 746 3274 episcopi,
762 3214 832 3274 quae
847 3202 923 3255 tunc
938 3193 980 3254 ad
997 3192 1220 3256 bibliothecam
1242 3194 1447 3277 pertinebant

346 3293 489 3375 praeaidis
503 3302 634 3356 senatus
649 3292 838 3355 Parisiensis
853 3293 903 3356 De
918 3293 1068 3356 Mesmes.
1101 3293 1201 3357 Initio
1212 3295 1328 3358 codicis
1340 3296 1447 3359 Olaro

345 3394 489 3457 montani
509 3394 625 3478 legitur
647 3392 698 3457 bic
722 3393 846 3469 titulus,
869 3395 990 3471 eadem,
1007 3415 1071 3477 qua
1092 3394 1173 3457 liber
1191 3394 1268 3478 ipse,
1283 3418 1379 3460 manu
1395 3420 1447 3461 ex·

346 3502 465 3557 aratus.
524 3501 546 3530 ‘⁸
561 3493 690 3555 Melitae
712 3494 851 3556 Asianus
876 3496 1028 3578 episcopas
1052 3495 1130 3557 hamc
1156 3495 1169 3557 l
1174 3494 1268 3558 ‘brem
1291 3497 1397 3574 edidit,
1420 3508 1449 3563 ct

346 3601 368 3629 ‘⁶
381 3615 509 3677 coaprcc
530 3593 648 3655 nomiae
670 3592 784 3656 edacem
808 3593 1006 3677 appellarit.''
1052 3595 1196 3658 Iudicem
1225 3597 1371 3673 alterum,
1394 3600 1448 3682 qui

346 3693 461 3757 ibidem
478 3702 580 3770 extat,
598 3694 759 3757 Labbaeus
779 3695 993 3779 composuisse
1013 3696 1123 3771 fertur,
1140 3697 1185 3761 sic
1207 3719 1241 3760 se
1263 3699 1447 3776 habentem,

348 3803 368 3831 ‘⁶
382 3796 540 3859 Melt‘toaia
557 3795 686 3878 ‹piscopi
707 3796 742 3857 in
756 3796 839 3859 Asia
860 3806 887 3858 et
902 3798 1059 3879 Alampria
1081 3798 1188 3861 Clacis
1210 3800 1319 3861 Sacra
1342 3800 1448 3883 Scrip-

348 3903 367 3933 “
380 3896 487 3958 turoe.”
510 3895 566 3957 Ad
578 3896 645 3958 baec
657 3894 800 3958 continet
816 3894 857 3975 87
873 3896 1006 3979 paginas
1020 3895 1054 3957 in
1069 3904 1195 3978 quarto,
1208 3904 1245 3960 ut
1263 3898 1446 3980 loquuntur,

346 3996 406 4059 hoc
421 3997 534 4060 Grabii
547 3996 776 4080 apographum.

389 4097 478 4181 Opus
493 4118 567 4159 vero
583 4096 669 4159 istud
686 4096 834 4159 Melitoni
849 4095 1058 4177 adscriptum,
1075 4096 1150 4158 dum
1168 4097 1201 4158 in
1221 4097 1366 4181 figuratis
1381 4121 1448 4161 ver-

346 4196 395 4258 bis
408 4205 529 4259 sanctae
544 4195 727 4278 Scriptura,
744 4194 874 4278 perinde
889 4216 928 4257 ac
944 4193 1103 4258 Formulae
1125 4195 1187 4259 illae
1210 4198 1242 4260 S.
1259 4197 1408 4261 Eucherii
1428 4222 1449 4263 a

347 4295 488 4360 Iabbaeo
514 4304 710 4372 memoratas,
732 4295 913 4378 abditisque
935 4317 1046 4357 eorum
1071 4297 1216 4360 sensibus
1242 4301 1447 4382 exponendis,

346 4406 502 4471 versatur,
517 4397 565 4459 ita
580 4407 688 4459 tamen
708 4397 749 4459 ab
773 4397 810 4458 iis
833 4396 1006 4480 discrepat,
1020 4403 1057 4459 ut
1079 4396 1216 4481 plurima
1237 4399 1297 4462 sibi
1322 4403 1450 4485 propria

346 4520 425 4580 opus
439 4507 615 4561 conservet.
661 4495 801 4560 atvero
821 4496 988 4560 Formulas
1003 4497 1084 4573 illas,
1100 4497 1182 4562 sicut
1203 4501 1356 4582 opuscula
1376 4504 1449 4581 alia,

348 4597 507 4663 Eucherio
536 4596 766 4678 abjudicandas
795 4604 903 4660 censet
933 4598 1044 4662 Sixtus
1074 4599 1222 4663 Senensis
1250 4601 1282 4662 in
1305 4603 1450 4668 Biblioth.

347 4700 462 4762 Sancta
483 4699 536 4761 lib.
553 4697 593 4759 iv.
611 4718 641 4778 p.
660 4701 732 4760 226.
755 4704 865 4778 utpote
889 4719 960 4780 quae
983 4720 1023 4761 ex
1045 4700 1230 4765 auctoribus
1251 4703 1363 4765 eodem
1387 4706 1451 4768 Eu·
