<?xml version="1.0" encoding="UTF-8"?>
<!DOCTYPE html PUBLIC "-//W3C//DTD XHTML 1.0 Transitional//EN"
    "http://www.w3.org/TR/xhtml1/DTD/xhtml1-transitional.dtd">
<html xmlns="http://www.w3.org/1999/xhtml" xml:lang="en" lang="en">
 <head>
  <title>
</title>
<meta http-equiv="Content-Type" content="text/html;charset=utf-8" />
  <meta name='ocr-system' content='tesseract 3.04.00' />
  <meta name='ocr-capabilities' content='ocr_page ocr_carea ocr_par ocr_line ocrx_word'/>
</head>
<body>
  <div class='ocr_page' id='page_1' title='image "./reliquiaesacrae07routgoog_0119.png"; bbox 0 0 3809 5650; ppageno 0'>
   <div class='ocr_carea' id='block_1_1' title="bbox 620 702 1505 779">
    <p class='ocr_par' dir='ltr' id='par_1_1' title="bbox 620 702 1505 779">
     <span class='ocr_line' id='line_1_1' title="bbox 620 702 1505 779; baseline -0.002 -14"><span class='ocrx_word' id='word_1_1' title='bbox 620 702 912 779; x_wconf 80' lang='lat' dir='ltr'><strong>QUADRATUS</strong></span> <span class='ocrx_word' id='word_1_2' title='bbox 935 703 1000 764; x_wconf 86' lang='lat' dir='ltr'><strong><em>ET</em></strong></span> <span class='ocrx_word' id='word_1_3' title='bbox 1025 702 1294 765; x_wconf 84' lang='lat' dir='ltr'><strong><em>ARISTIDES.</em></strong></span> <span class='ocrx_word' id='word_1_4' title='bbox 1463 703 1505 767; x_wconf 79' lang='lat'><strong><em>73</em></strong></span> 
     </span>
    </p>
   </div>
   <div class='ocr_carea' id='block_1_2' title="bbox 403 868 1504 948">
    <p class='ocr_par' dir='ltr' id='par_1_2' title="bbox 403 868 1504 948">
     <span class='ocr_line' id='line_1_2' title="bbox 403 868 1504 948; baseline 0.002 -22"><span class='ocrx_word' id='word_1_5' title='bbox 403 868 446 926; x_wconf 85' lang='lat' dir='ltr'><strong><em>eir</em></strong></span> <span class='ocrx_word' id='word_1_6' title='bbox 462 869 594 947; x_wconf 75' lang='lat' dir='ltr'><strong><em>adprime</em></strong></span> <span class='ocrx_word' id='word_1_7' title='bbox 608 870 709 928; x_wconf 83' lang='lat' dir='ltr'><strong><em>nobilis</em></strong></span> <span class='ocrx_word' id='word_1_8' title='bbox 727 871 827 928; x_wconf 76' lang='lat' dir='ltr'><em>literas</em></span> <span class='ocrx_word' id='word_1_9' title='bbox 841 871 880 927; x_wconf 82' lang='lat' dir='ltr'><strong><em>aet</em></strong></span> <span class='ocrx_word' id='word_1_10' title='bbox 902 873 1098 947; x_wconf 79' lang='lat' dir='ltr'><em>imperatorem</em></span> <span class='ocrx_word' id='word_1_11' title='bbox 1114 869 1200 934; x_wconf 87' lang='lat' dir='ltr'><strong><em>misit,</em></strong></span> <span class='ocrx_word' id='word_1_12' title='bbox 1222 869 1428 948; x_wconf 83' lang='lat' dir='ltr'><strong><em>iniquissimum</em></strong></span> <span class='ocrx_word' id='word_1_13' title='bbox 1443 891 1504 928; x_wconf 84' lang='lat' dir='ltr'><strong><em>esse</em></strong></span> 
     </span>
    </p>
   </div>
   <div class='ocr_carea' id='block_1_3' title="bbox 396 972 1504 4589">
    <p class='ocr_par' dir='ltr' id='par_1_3' title="bbox 396 972 1504 4589">
     <span class='ocr_line' id='line_1_3' title="bbox 400 972 1501 1052; baseline 0.003 -23"><span class='ocrx_word' id='word_1_14' title='bbox 400 972 496 1031; x_wconf 81' lang='lat' dir='ltr'><strong><em>dicens</em></strong></span> <span class='ocrx_word' id='word_1_15' title='bbox 511 973 683 1032; x_wconf 86' lang='lat' dir='ltr'><strong><em>clamoribus</em></strong></span> <span class='ocrx_word' id='word_1_16' title='bbox 697 973 775 1051; x_wconf 84' lang='lat' dir='ltr'><strong><em>uulgi</em></strong></span> <span class='ocrx_word' id='word_1_17' title='bbox 791 973 977 1031; x_wconf 87' lang='lat' dir='ltr'><strong><em>innocentium</em></strong></span> <span class='ocrx_word' id='word_1_18' title='bbox 993 973 1134 1031; x_wconf 81' lang='lat' dir='ltr'><strong><em>borninum</em></strong></span> <span class='ocrx_word' id='word_1_19' title='bbox 1150 975 1319 1052; x_wconf 84' lang='lat' dir='ltr'><strong><em>sauguinem</em></strong></span> <span class='ocrx_word' id='word_1_20' title='bbox 1334 976 1457 1043; x_wconf 82' lang='lat' dir='ltr'><strong><em>concedi,</em></strong></span> <span class='ocrx_word' id='word_1_21' title='bbox 1477 984 1501 1033; x_wconf 88' lang='lat' dir='ltr'><strong><em>et</em></strong></span> 
     </span>
     <span class='ocr_line' id='line_1_4' title="bbox 400 1076 1503 1156; baseline 0.004 -21"><span class='ocrx_word' id='word_1_22' title='bbox 400 1077 527 1136; x_wconf 72' lang='lat' dir='ltr'><strong><em>sincello</em></strong></span> <span class='ocrx_word' id='word_1_23' title='bbox 538 1077 665 1147; x_wconf 87' lang='lat' dir='ltr'><strong><em>crimine,</em></strong></span> <span class='ocrx_word' id='word_1_24' title='bbox 677 1076 798 1135; x_wconf 87' lang='lat' dir='ltr'><strong><em>nominis</em></strong></span> <span class='ocrx_word' id='word_1_25' title='bbox 809 1089 917 1138; x_wconf 78' lang='lat' dir='ltr'><strong><em>teritum</em></strong></span> <span class='ocrx_word' id='word_1_26' title='bbox 928 1088 953 1137; x_wconf 92' lang='lat' dir='ltr'><strong><em>et</em></strong></span> <span class='ocrx_word' id='word_1_27' title='bbox 963 1088 1044 1137; x_wconf 81' lang='lat' dir='ltr'><strong><em>secte</em></strong></span> <span class='ocrx_word' id='word_1_28' title='bbox 1057 1083 1199 1156; x_wconf 81' lang='lat' dir='ltr'><strong><em>reosfieri.</em></strong></span> <span class='ocrx_word' id='word_1_29' title='bbox 1233 1082 1343 1146; x_wconf 79' lang='lat' dir='ltr'><em>Quibus</em></span> <span class='ocrx_word' id='word_1_30' title='bbox 1354 1090 1503 1140; x_wconf 88' lang='lat' dir='ltr'><strong><em>connnotus</em></strong></span> 
     </span>
     <span class='ocr_line' id='line_1_5' title="bbox 399 1182 1502 1264; baseline 0.002 -23"><span class='ocrx_word' id='word_1_31' title='bbox 399 1183 574 1241; x_wconf 77' lang='lat' dir='ltr'><em>Hadrianus</em></span> <span class='ocrx_word' id='word_1_32' title='bbox 589 1183 717 1241; x_wconf 82' lang='lat' dir='ltr'><strong><em>llinntia</em></strong></span> <span class='ocrx_word' id='word_1_33' title='bbox 733 1184 761 1240; x_wconf 89' lang='lat' dir='ltr'><em>F</em></span> <span class='ocrx_word' id='word_1_34' title='bbox 761 1184 873 1241; x_wconf 76' lang='lat' dir='ltr'><strong><em>undenso</em></strong></span> <span class='ocrx_word' id='word_1_35' title='bbox 889 1182 1061 1239; x_wconf 77' lang='lat' dir='ltr'><em>Proconsuli</em></span> <span class='ocrx_word' id='word_1_36' title='bbox 1084 1183 1160 1240; x_wconf 81' lang='lat' dir='ltr'><strong><em>Asia</em></strong></span> <span class='ocrx_word' id='word_1_37' title='bbox 1180 1185 1289 1249; x_wconf 85' lang='lat' dir='ltr'><strong><em>scribit,</em></strong></span> <span class='ocrx_word' id='word_1_38' title='bbox 1313 1185 1375 1243; x_wconf 87' lang='lat' dir='ltr'><strong><em>sinc</em></strong></span> <span class='ocrx_word' id='word_1_39' title='bbox 1392 1185 1502 1264; x_wconf 81' lang='lat' dir='ltr'><strong><em>objectu</em></strong></span> 
     </span>
     <span class='ocr_line' id='line_1_6' title="bbox 399 1287 1504 1367; baseline -0.001 -20"><span class='ocrx_word' id='word_1_40' title='bbox 399 1287 549 1347; x_wconf 85' lang='lat' dir='ltr'><strong><em>criminum</em></strong></span> <span class='ocrx_word' id='word_1_41' title='bbox 572 1288 754 1347; x_wconf 83' lang='lat' dir='ltr'><strong><em>Christianos</em></strong></span> <span class='ocrx_word' id='word_1_42' title='bbox 771 1311 824 1346; x_wconf 77' lang='lat' dir='ltr'><strong><em>reon</em></strong></span> <span class='ocrx_word' id='word_1_43' title='bbox 845 1289 1071 1346; x_wconf 79' lang='lat' dir='ltr'><strong><em>corudernuauelos</em></strong></span> <span class='ocrx_word' id='word_1_44' title='bbox 1081 1310 1094 1353; x_wconf 89' lang='lat'><em>;</em></span> <span class='ocrx_word' id='word_1_45' title='bbox 1117 1291 1202 1365; x_wconf 88' lang='lat' dir='ltr'><strong><em>eujus</em></strong></span> <span class='ocrx_word' id='word_1_46' title='bbox 1221 1290 1344 1366; x_wconf 83' lang='lat' dir='ltr'><strong><em>epistole</em></strong></span> <span class='ocrx_word' id='word_1_47' title='bbox 1361 1289 1504 1367; x_wconf 82' lang='lat' dir='ltr'><strong><em>usquead</em></strong></span> 
     </span>
     <span class='ocr_line' id='line_1_7' title="bbox 401 1390 1501 1472; baseline 0.001 -22"><span class='ocrx_word' id='word_1_48' title='bbox 401 1400 526 1450; x_wconf 76' lang='lat' dir='ltr'><strong><em>nostram</em></strong></span> <span class='ocrx_word' id='word_1_49' title='bbox 554 1392 715 1450; x_wconf 80' lang='lat' dir='ltr'><strong><em>memoriam</em></strong></span> <span class='ocrx_word' id='word_1_50' title='bbox 738 1394 825 1450; x_wconf 87' lang='lat' dir='ltr'><strong><em>durat</em></strong></span> <span class='ocrx_word' id='word_1_51' title='bbox 850 1392 1015 1469; x_wconf 72' lang='lat' dir='ltr'><strong><em>exemplum.</em></strong></span> <span class='ocrx_word' id='word_1_52' title='bbox 1045 1390 1082 1448; x_wconf 87' lang='lat' dir='ltr'><strong><em>ad</em></strong></span> <span class='ocrx_word' id='word_1_53' title='bbox 1104 1412 1150 1448; x_wconf 88' lang='lat' dir='ltr'><strong><em>an.</em></strong></span> <span class='ocrx_word' id='word_1_54' title='bbox 1175 1394 1201 1449; x_wconf 86' lang='grc'><strong><em>8.</em></strong></span> <span class='ocrx_word' id='word_1_55' title='bbox 1225 1391 1366 1449; x_wconf 85' lang='lat' dir='ltr'><strong><em>Hadriani</em></strong></span> <span class='ocrx_word' id='word_1_56' title='bbox 1389 1396 1501 1472; x_wconf 85' lang='lat' dir='ltr'><strong><em>p.385.</em></strong></span> 
     </span>
     <span class='ocr_line' id='line_1_8' title="bbox 399 1492 1501 1572; baseline 0.002 -20"><span class='ocrx_word' id='word_1_57' title='bbox 399 1492 447 1552; x_wconf 83' lang='lat' dir='ltr'><strong><em>ed.</em></strong></span> <span class='ocrx_word' id='word_1_58' title='bbox 470 1494 556 1553; x_wconf 78' lang='lat' dir='ltr'><strong><em>utsii.</em></strong></span> <span class='ocrx_word' id='word_1_59' title='bbox 600 1494 693 1552; x_wconf 81' lang='lat' dir='ltr'><strong><em>Extat</em></strong></span> <span class='ocrx_word' id='word_1_60' title='bbox 714 1495 769 1552; x_wconf 89' lang='lat' dir='ltr'><strong><em>hac</em></strong></span> <span class='ocrx_word' id='word_1_61' title='bbox 794 1495 968 1572; x_wconf 89' lang='lat' dir='ltr'><strong><em>rescriptum</em></strong></span> <span class='ocrx_word' id='word_1_62' title='bbox 989 1494 1067 1572; x_wconf 88' lang='lat' dir='ltr'><strong><em>apud</em></strong></span> <span class='ocrx_word' id='word_1_63' title='bbox 1089 1495 1250 1553; x_wconf 79' lang='lat' dir='ltr'><strong><em>Eusebium</em></strong></span> <span class='ocrx_word' id='word_1_64' title='bbox 1272 1497 1303 1552; x_wconf 92' lang='lat' dir='ltr'><strong><em>in</em></strong></span> <span class='ocrx_word' id='word_1_65' title='bbox 1325 1497 1400 1555; x_wconf 87' lang='lat' dir='ltr'><strong><em>Hist.</em></strong></span> <span class='ocrx_word' id='word_1_66' title='bbox 1422 1498 1501 1556; x_wconf 86' lang='lat' dir='ltr'><strong><em>Eccl.</em></strong></span> 
     </span>
     <span class='ocr_line' id='line_1_9' title="bbox 399 1597 1504 1677; baseline 0.005 -23"><span class='ocrx_word' id='word_1_67' title='bbox 399 1597 451 1655; x_wconf 93' lang='lat' dir='ltr'><strong><em>lib.</em></strong></span> <span class='ocrx_word' id='word_1_68' title='bbox 467 1598 505 1655; x_wconf 80' lang='lat' dir='ltr'><strong><em>ir.</em></strong></span> <span class='ocrx_word' id='word_1_69' title='bbox 521 1618 582 1676; x_wconf 86' lang='lat' dir='ltr'><strong><em>cap.</em></strong></span> <span class='ocrx_word' id='word_1_70' title='bbox 597 1618 627 1673; x_wconf 90' lang='lat'><strong><em>9.</em></strong></span> <span class='ocrx_word' id='word_1_71' title='bbox 664 1599 750 1657; x_wconf 86' lang='lat' dir='ltr'>Unde</span> <span class='ocrx_word' id='word_1_72' title='bbox 765 1600 794 1656; x_wconf 91' lang='lat' dir='ltr'><strong><em>in</em></strong></span> <span class='ocrx_word' id='word_1_73' title='bbox 811 1598 943 1676; x_wconf 77' lang='lat' dir='ltr'><strong><em>Epistola</em></strong></span> <span class='ocrx_word' id='word_1_74' title='bbox 958 1618 1075 1674; x_wconf 89' lang='lat' dir='ltr'><strong><em>quoque</em></strong></span> <span class='ocrx_word' id='word_1_75' title='bbox 1089 1599 1130 1656; x_wconf 83' lang='lat' dir='ltr'><strong><em>ud</em></strong></span> <span class='ocrx_word' id='word_1_76' title='bbox 1143 1600 1286 1677; x_wconf 79' lang='lat' dir='ltr'><strong><em>Magnum</em></strong></span> <span class='ocrx_word' id='word_1_77' title='bbox 1301 1601 1337 1659; x_wconf 88' lang='lat' dir='ltr'><strong><em>de</em></strong></span> <span class='ocrx_word' id='word_1_78' title='bbox 1351 1602 1504 1673; x_wconf 87' lang='lat' dir='ltr'><strong><em>Quadrato</em></strong></span> 
     </span>
     <span class='ocr_line' id='line_1_10' title="bbox 400 1703 1502 1783; baseline 0.002 -22"><span class='ocrx_word' id='word_1_79' title='bbox 400 1703 565 1762; x_wconf 74' lang='lat' dir='ltr'><strong><em>nechabet</em></strong></span> <span class='ocrx_word' id='word_1_80' title='bbox 585 1704 662 1762; x_wconf 89' lang='lat' dir='ltr'><strong><em>idem</em></strong></span> <span class='ocrx_word' id='word_1_81' title='bbox 679 1706 887 1783; x_wconf 79' lang='lat' dir='ltr'><strong>Hieronymus,</strong></span> <span class='ocrx_word' id='word_1_82' title='bbox 931 1703 1101 1768; x_wconf 76' lang='lat' dir='ltr'><strong><em>Quadratus</em></strong></span> <span class='ocrx_word' id='word_1_83' title='bbox 1122 1704 1311 1780; x_wconf 80' lang='lat' dir='ltr'><strong><em>apostoloram</em></strong></span> <span class='ocrx_word' id='word_1_84' title='bbox 1332 1705 1502 1783; x_wconf 83' lang='lat' dir='ltr'><strong><em>discipulus,</em></strong></span> 
     </span>
     <span class='ocr_line' id='line_1_11' title="bbox 400 1807 1504 1886; baseline 0.002 -21"><span class='ocrx_word' id='word_1_85' title='bbox 400 1816 427 1865; x_wconf 84' lang='lat' dir='ltr'><strong><em>et</em></strong></span> <span class='ocrx_word' id='word_1_86' title='bbox 449 1808 631 1866; x_wconf 74' lang='lat' dir='ltr'><strong><em>Atheniensis</em></strong></span> <span class='ocrx_word' id='word_1_87' title='bbox 648 1807 780 1886; x_wconf 68' lang='lat' dir='ltr'><strong><em>pontffea</em></strong></span> <span class='ocrx_word' id='word_1_88' title='bbox 801 1808 931 1874; x_wconf 79' lang='lat' dir='ltr'><strong><em>ecelesia,</em></strong></span> <span class='ocrx_word' id='word_1_89' title='bbox 956 1828 1046 1865; x_wconf 73' lang='lat' dir='ltr'><strong><em>nonita</em></strong></span> <span class='ocrx_word' id='word_1_90' title='bbox 1068 1807 1199 1865; x_wconf 78' lang='lat' dir='ltr'><strong><em>Adriano</em></strong></span> <span class='ocrx_word' id='word_1_91' title='bbox 1216 1808 1345 1886; x_wconf 83' lang='lat' dir='ltr'><strong><em>principi</em></strong></span> <span class='ocrx_word' id='word_1_92' title='bbox 1361 1810 1504 1867; x_wconf 79' lang='lat' dir='ltr'><strong><em>Eleusina</em></strong></span> 
     </span>
     <span class='ocr_line' id='line_1_12' title="bbox 398 1910 1502 1988; baseline 0.004 -21"><span class='ocrx_word' id='word_1_93' title='bbox 398 1931 486 1969; x_wconf 83' lang='lat' dir='ltr'><strong><em>saera</em></strong></span> <span class='ocrx_word' id='word_1_94' title='bbox 502 1910 633 1969; x_wconf 83' lang='lat' dir='ltr'><strong><em>invisenti</em></strong></span> <span class='ocrx_word' id='word_1_95' title='bbox 647 1911 749 1970; x_wconf 83' lang='lat' dir='ltr'><strong><em>librum</em></strong></span> <span class='ocrx_word' id='word_1_96' title='bbox 762 1921 928 1988; x_wconf 87' lang='lat' dir='ltr'><strong><em>pronastro</em></strong></span> <span class='ocrx_word' id='word_1_97' title='bbox 944 1912 1080 1988; x_wconf 85' lang='lat' dir='ltr'><strong><em>religione</em></strong></span> <span class='ocrx_word' id='word_1_98' title='bbox 1094 1911 1242 1970; x_wconf 73' lang='lat' dir='ltr'><strong><em>eradiant</em></strong></span> <span class='ocrx_word' id='word_1_99' title='bbox 1263 1914 1300 1969; x_wconf 83' lang='lat' dir='ltr'><strong><em>Et</em></strong></span> <span class='ocrx_word' id='word_1_100' title='bbox 1315 1922 1401 1971; x_wconf 83' lang='lat' dir='ltr'><strong><em>tante</em></strong></span> <span class='ocrx_word' id='word_1_101' title='bbox 1411 1914 1502 1971; x_wconf 76' lang='lat' dir='ltr'><strong><em>oderri-</em></strong></span> 
     </span>
     <span class='ocr_line' id='line_1_13' title="bbox 400 2014 1503 2092; baseline 0.006 -21"><span class='ocrx_word' id='word_1_102' title='bbox 400 2014 507 2072; x_wconf 89' lang='lat' dir='ltr'><strong><em>ratioai</em></strong></span> <span class='ocrx_word' id='word_1_103' title='bbox 527 2015 655 2072; x_wconf 82' lang='lat' dir='ltr'><strong><em>aurailus</em></strong></span> <span class='ocrx_word' id='word_1_104' title='bbox 664 2014 741 2092; x_wconf 89' lang='lat' dir='ltr'><strong><em>suit,</em></strong></span> <span class='ocrx_word' id='word_1_105' title='bbox 756 2023 786 2071; x_wconf 88' lang='lat' dir='ltr'><strong><em>nt</em></strong></span> <span class='ocrx_word' id='word_1_106' title='bbox 806 2014 1028 2091; x_wconf 71' lang='lat' dir='ltr'><strong><em>persecutionem</em></strong></span> <span class='ocrx_word' id='word_1_107' title='bbox 1047 2014 1249 2091; x_wconf 87' lang='lat' dir='ltr'><strong><em>grauissimam</em></strong></span> <span class='ocrx_word' id='word_1_108' title='bbox 1272 2017 1351 2075; x_wconf 87' lang='lat' dir='ltr'><strong><em>illius</em></strong></span> <span class='ocrx_word' id='word_1_109' title='bbox 1365 2019 1503 2078; x_wconf 70' lang='lat' dir='ltr'><strong><em>excellens</em></strong></span> 
     </span>
     <span class='ocr_line' id='line_1_14' title="bbox 398 2117 1503 2196; baseline 0.005 -20"><span class='ocrx_word' id='word_1_110' title='bbox 398 2118 513 2176; x_wconf 82' lang='lat' dir='ltr'><strong><em>sederet</em></strong></span> <span class='ocrx_word' id='word_1_111' title='bbox 533 2117 686 2196; x_wconf 76' lang='lat' dir='ltr'><strong><em>ingenium.</em></strong></span> <span class='ocrx_word' id='word_1_112' title='bbox 713 2119 797 2176; x_wconf 87' lang='lat' dir='ltr'><strong><em>Tam.</em></strong></span> <span class='ocrx_word' id='word_1_113' title='bbox 814 2118 843 2174; x_wconf 92' lang='lat' dir='ltr'><strong><em>ii.</em></strong></span> <span class='ocrx_word' id='word_1_114' title='bbox 860 2139 888 2196; x_wconf 87' lang='lat' dir='ltr'><strong><em>p.</em></strong></span> <span class='ocrx_word' id='word_1_115' title='bbox 906 2136 976 2192; x_wconf 83' lang='lat'><strong><em>332.</em></strong></span> <span class='ocrx_word' id='word_1_116' title='bbox 992 2118 1037 2176; x_wconf 87' lang='lat' dir='ltr'><strong><em>ed.</em></strong></span> <span class='ocrx_word' id='word_1_117' title='bbox 1056 2119 1181 2178; x_wconf 79' lang='lat' dir='ltr'><strong><em>Froben.</em></strong></span> <span class='ocrx_word' id='word_1_118' title='bbox 1217 2122 1358 2179; x_wconf 83' lang='lat' dir='ltr'><strong><em>Attamen</em></strong></span> <span class='ocrx_word' id='word_1_119' title='bbox 1381 2122 1503 2182; x_wconf 83' lang='lat' dir='ltr'><strong><em>voluisse</em></strong></span> 
     </span>
     <span class='ocr_line' id='line_1_15' title="bbox 402 2222 1502 2301; baseline 0.003 -21"><span class='ocrx_word' id='word_1_120' title='bbox 402 2222 612 2300; x_wconf 76' lang='lat' dir='ltr'><strong><em>Hieronymum</em></strong></span> <span class='ocrx_word' id='word_1_121' title='bbox 627 2224 790 2301; x_wconf 84' lang='lat' dir='ltr'><strong><em>exprimere</em></strong></span> <span class='ocrx_word' id='word_1_122' title='bbox 808 2222 862 2278; x_wconf 82' lang='lat' dir='ltr'><strong><em>vim</em></strong></span> <span class='ocrx_word' id='word_1_123' title='bbox 883 2223 1036 2279; x_wconf 89' lang='lat' dir='ltr'><strong><em>verborum</em></strong></span> <span class='ocrx_word' id='word_1_124' title='bbox 1049 2222 1152 2280; x_wconf 86' lang='lat' dir='ltr'><strong><em>Sereni</em></strong></span> <span class='ocrx_word' id='word_1_125' title='bbox 1167 2234 1255 2300; x_wconf 88' lang='lat' dir='ltr'><strong><em>atque</em></strong></span> <span class='ocrx_word' id='word_1_126' title='bbox 1277 2224 1428 2291; x_wconf 83' lang='lat' dir='ltr'><strong><em>Hadriani.</em></strong></span> <span class='ocrx_word' id='word_1_127' title='bbox 1445 2247 1502 2283; x_wconf 90' lang='lat' dir='ltr'><strong><em>non</em></strong></span> 
     </span>
     <span class='ocr_line' id='line_1_16' title="bbox 400 2326 1501 2409; baseline 0.005 -27"><span class='ocrx_word' id='word_1_128' title='bbox 400 2326 485 2383; x_wconf 82' lang='lat' dir='ltr'><strong><em>verba</em></strong></span> <span class='ocrx_word' id='word_1_129' title='bbox 508 2328 571 2404; x_wconf 87' lang='lat' dir='ltr'><strong><em>ipsa</em></strong></span> <span class='ocrx_word' id='word_1_130' title='bbox 591 2327 621 2385; x_wconf 90' lang='lat' dir='ltr'><strong><em>iu</em></strong></span> <span class='ocrx_word' id='word_1_131' title='bbox 637 2327 782 2385; x_wconf 87' lang='lat' dir='ltr'><strong><em>Chronico</em></strong></span> <span class='ocrx_word' id='word_1_132' title='bbox 806 2348 859 2385; x_wconf 82' lang='lat' dir='ltr'><strong><em>suo</em></strong></span> <span class='ocrx_word' id='word_1_133' title='bbox 881 2328 1026 2394; x_wconf 83' lang='lat' dir='ltr'><strong><em>retulisse,</em></strong></span> <span class='ocrx_word' id='word_1_134' title='bbox 1048 2329 1131 2387; x_wconf 87' lang='lat' dir='ltr'><strong><em>nobis</em></strong></span> <span class='ocrx_word' id='word_1_135' title='bbox 1152 2331 1256 2389; x_wconf 86' lang='lat' dir='ltr'><strong><em>suadet</em></strong></span> <span class='ocrx_word' id='word_1_136' title='bbox 1277 2331 1367 2409; x_wconf 86' lang='lat' dir='ltr'><strong><em>ipsius</em></strong></span> <span class='ocrx_word' id='word_1_137' title='bbox 1384 2333 1501 2390; x_wconf 90' lang='lat' dir='ltr'><strong><em>Eusebii</em></strong></span> 
     </span>
     <span class='ocr_line' id='line_1_17' title="bbox 399 2430 1501 2510; baseline 0.007 -23"><span class='ocrx_word' id='word_1_138' title='bbox 399 2430 577 2488; x_wconf 88' lang='lat' dir='ltr'><strong><em>Cbronieum</em></strong></span> <span class='ocrx_word' id='word_1_139' title='bbox 600 2452 636 2489; x_wconf 87' lang='lat' dir='ltr'><strong><em>ex</em></strong></span> <span class='ocrx_word' id='word_1_140' title='bbox 652 2432 792 2490; x_wconf 74' lang='lat' dir='ltr'><strong><em>Arnienia</em></strong></span> <span class='ocrx_word' id='word_1_141' title='bbox 814 2433 913 2510; x_wconf 80' lang='lat' dir='ltr'><strong><em>lingua</em></strong></span> <span class='ocrx_word' id='word_1_142' title='bbox 934 2453 951 2490; x_wconf 90' lang='lat' dir='ltr'><strong><em>a</em></strong></span> <span class='ocrx_word' id='word_1_143' title='bbox 973 2434 1041 2491; x_wconf 91' lang='lat' dir='ltr'><strong><em>viris</em></strong></span> <span class='ocrx_word' id='word_1_144' title='bbox 1056 2433 1149 2490; x_wconf 90' lang='lat' dir='ltr'><strong><em>doctis</em></strong></span> <span class='ocrx_word' id='word_1_145' title='bbox 1164 2434 1269 2492; x_wconf 84' lang='lat' dir='ltr'><strong><em>Latine</em></strong></span> <span class='ocrx_word' id='word_1_146' title='bbox 1286 2455 1364 2494; x_wconf 87' lang='lat' dir='ltr'><strong><em>nunc</em></strong></span> <span class='ocrx_word' id='word_1_147' title='bbox 1385 2436 1501 2495; x_wconf 87' lang='lat' dir='ltr'><strong><em>demum</em></strong></span> 
     </span>
     <span class='ocr_line' id='line_1_18' title="bbox 399 2536 1501 2617; baseline 0.003 -24"><span class='ocrx_word' id='word_1_148' title='bbox 399 2555 515 2593; x_wconf 84' lang='lat' dir='ltr'><strong><em>versum</em></strong></span> <span class='ocrx_word' id='word_1_149' title='bbox 533 2547 620 2612; x_wconf 87' lang='lat' dir='ltr'><strong><em>atque</em></strong></span> <span class='ocrx_word' id='word_1_150' title='bbox 638 2536 759 2594; x_wconf 85' lang='lat' dir='ltr'><strong><em>editum.</em></strong></span> <span class='ocrx_word' id='word_1_151' title='bbox 800 2537 840 2594; x_wconf 86' lang='lat' dir='ltr'><strong><em>Et</em></strong></span> <span class='ocrx_word' id='word_1_152' title='bbox 855 2536 1031 2594; x_wconf 84' lang='lat' dir='ltr'><strong><em>eonferenda</em></strong></span> <span class='ocrx_word' id='word_1_153' title='bbox 1049 2548 1118 2595; x_wconf 86' lang='lat' dir='ltr'><strong><em>sunt</em></strong></span> <span class='ocrx_word' id='word_1_154' title='bbox 1137 2539 1224 2595; x_wconf 86' lang='lat' dir='ltr'><strong><em>verba</em></strong></span> <span class='ocrx_word' id='word_1_155' title='bbox 1244 2538 1417 2617; x_wconf 84' lang='lat' dir='ltr'><strong><em>Hieronymi</em></strong></span> <span class='ocrx_word' id='word_1_156' title='bbox 1435 2559 1501 2602; x_wconf 86' lang='lat' dir='ltr'><strong><em>cum</em></strong></span> 
     </span>
     <span class='ocr_line' id='line_1_19' title="bbox 401 2639 1501 2720; baseline 0.005 -24"><span class='ocrx_word' id='word_1_157' title='bbox 401 2639 542 2697; x_wconf 86' lang='lat' dir='ltr'><strong><em>Hadriani</em></strong></span> <span class='ocrx_word' id='word_1_158' title='bbox 562 2641 698 2719; x_wconf 87' lang='lat' dir='ltr'><strong><em>recripto‚</em></strong></span> <span class='ocrx_word' id='word_1_159' title='bbox 717 2642 794 2717; x_wconf 86' lang='lat' dir='ltr'><strong><em>quod</em></strong></span> <span class='ocrx_word' id='word_1_160' title='bbox 816 2643 846 2698; x_wconf 91' lang='lat' dir='ltr'><strong><em>in</em></strong></span> <span class='ocrx_word' id='word_1_161' title='bbox 865 2640 997 2699; x_wconf 84' lang='lat' dir='ltr'><strong><em>Historia</em></strong></span> <span class='ocrx_word' id='word_1_162' title='bbox 1017 2662 1069 2699; x_wconf 87' lang='lat' dir='ltr'><strong><em>sua</em></strong></span> <span class='ocrx_word' id='word_1_163' title='bbox 1091 2642 1237 2700; x_wconf 84' lang='lat' dir='ltr'><strong><em>Eusebius</em></strong></span> <span class='ocrx_word' id='word_1_164' title='bbox 1261 2654 1327 2720; x_wconf 86' lang='lat' dir='ltr'><strong><em>post</em></strong></span> <span class='ocrx_word' id='word_1_165' title='bbox 1348 2643 1501 2701; x_wconf 76' lang='lat' dir='ltr'><strong><em>lustinum</em></strong></span> 
     </span>
     <span class='ocr_line' id='line_1_20' title="bbox 401 2744 1501 2827; baseline 0.006 -27"><span class='ocrx_word' id='word_1_166' title='bbox 401 2744 562 2821; x_wconf 79' lang='lat' dir='ltr'><strong><em>lilartyrem</em></strong></span> <span class='ocrx_word' id='word_1_167' title='bbox 578 2747 765 2804; x_wconf 86' lang='lat' dir='ltr'><strong><em>conservavit.</em></strong></span> <span class='ocrx_word' id='word_1_168' title='bbox 790 2749 856 2805; x_wconf 87' lang='lat' dir='ltr'><strong><em>Hoc</em></strong></span> <span class='ocrx_word' id='word_1_169' title='bbox 869 2747 946 2805; x_wconf 89' lang='lat' dir='ltr'><strong><em>enim</em></strong></span> <span class='ocrx_word' id='word_1_170' title='bbox 962 2748 1103 2827; x_wconf 82' lang='lat' dir='ltr'><strong><em>rescripto</em></strong></span> <span class='ocrx_word' id='word_1_171' title='bbox 1118 2758 1232 2805; x_wconf 85' lang='lat' dir='ltr'><strong><em>tantum</em></strong></span> <span class='ocrx_word' id='word_1_172' title='bbox 1247 2749 1438 2823; x_wconf 87' lang='lat' dir='ltr'><strong><em>prohibentur</em></strong></span> <span class='ocrx_word' id='word_1_173' title='bbox 1455 2771 1501 2807; x_wconf 85' lang='lat' dir='ltr'><strong><em>ac·</em></strong></span> 
     </span>
     <span class='ocr_line' id='line_1_21' title="bbox 399 2849 1500 2930; baseline 0.005 -24"><span class='ocrx_word' id='word_1_174' title='bbox 399 2849 564 2907; x_wconf 88' lang='lat' dir='ltr'><strong><em>cusationes</em></strong></span> <span class='ocrx_word' id='word_1_175' title='bbox 585 2850 817 2908; x_wconf 84' lang='lat' dir='ltr'><strong><em>Christianorum</em></strong></span> <span class='ocrx_word' id='word_1_176' title='bbox 845 2851 977 2909; x_wconf 73' lang='lat' dir='ltr'><strong><em>clamosa</em></strong></span> <span class='ocrx_word' id='word_1_177' title='bbox 1002 2872 1036 2908; x_wconf 86' lang='lat' dir='ltr'><strong><em>ac</em></strong></span> <span class='ocrx_word' id='word_1_178' title='bbox 1062 2851 1142 2909; x_wconf 91' lang='lat' dir='ltr'><strong><em>nulla</em></strong></span> <span class='ocrx_word' id='word_1_179' title='bbox 1167 2853 1336 2930; x_wconf 81' lang='lat' dir='ltr'><strong><em>probatione</em></strong></span> <span class='ocrx_word' id='word_1_180' title='bbox 1361 2854 1500 2923; x_wconf 78' lang='lat' dir='ltr'><strong><em>firmatae3</em></strong></span> 
     </span>
     <span class='ocr_line' id='line_1_22' title="bbox 396 2953 1500 3034; baseline 0.005 -25"><span class='ocrx_word' id='word_1_181' title='bbox 396 2953 539 3028; x_wconf 87' lang='lat' dir='ltr'><strong><em>jubentur</em></strong></span> <span class='ocrx_word' id='word_1_182' title='bbox 553 2974 622 3012; x_wconf 90' lang='lat' dir='ltr'><strong><em>vero</em></strong></span> <span class='ocrx_word' id='word_1_183' title='bbox 636 2954 793 3012; x_wconf 76' lang='lat' dir='ltr'><strong><em>Christiani</em></strong></span> <span class='ocrx_word' id='word_1_184' title='bbox 816 2954 924 3033; x_wconf 91' lang='lat' dir='ltr'><strong><em>puniri,</em></strong></span> <span class='ocrx_word' id='word_1_185' title='bbox 940 2955 964 3011; x_wconf 83' lang='lat' dir='ltr'><strong><em>si</em></strong></span> <span class='ocrx_word' id='word_1_186' title='bbox 984 2963 1082 3011; x_wconf 90' lang='lat' dir='ltr'><strong><em>contra</em></strong></span> <span class='ocrx_word' id='word_1_187' title='bbox 1104 2956 1179 3033; x_wconf 86' lang='lat' dir='ltr'><strong><em>leges</em></strong></span> <span class='ocrx_word' id='word_1_188' title='bbox 1200 2954 1354 3033; x_wconf 73' lang='lat' dir='ltr'><strong><em>queidquam</em></strong></span> <span class='ocrx_word' id='word_1_189' title='bbox 1375 2965 1500 3034; x_wconf 87' lang='lat' dir='ltr'><strong><em>egerent,</em></strong></span> 
     </span>
     <span class='ocr_line' id='line_1_23' title="bbox 400 3059 1501 3139; baseline 0.001 -24"><span class='ocrx_word' id='word_1_190' title='bbox 400 3060 456 3139; x_wconf 83' lang='lat' dir='ltr'><strong><em>ipsi</em></strong></span> <span class='ocrx_word' id='word_1_191' title='bbox 472 3059 586 3117; x_wconf 86' lang='lat' dir='ltr'><strong><em>interim</em></strong></span> <span class='ocrx_word' id='word_1_192' title='bbox 598 3061 731 3136; x_wconf 87' lang='lat' dir='ltr'><strong><em>judicum</em></strong></span> <span class='ocrx_word' id='word_1_193' title='bbox 750 3081 890 3118; x_wconf 69' lang='lat' dir='ltr'><strong><em>saevorum</em></strong></span> <span class='ocrx_word' id='word_1_194' title='bbox 906 3059 1056 3129; x_wconf 87' lang='lat' dir='ltr'><strong><em>molestiis,</em></strong></span> <span class='ocrx_word' id='word_1_195' title='bbox 1066 3072 1100 3117; x_wconf 89' lang='lat' dir='ltr'><strong><em>ut</em></strong></span> <span class='ocrx_word' id='word_1_196' title='bbox 1114 3059 1257 3127; x_wconf 88' lang='lat' dir='ltr'><strong><em>novimus,</em></strong></span> <span class='ocrx_word' id='word_1_197' title='bbox 1272 3059 1401 3117; x_wconf 88' lang='lat' dir='ltr'><strong><em>obnoxii.</em></strong></span> <span class='ocrx_word' id='word_1_198' title='bbox 1423 3059 1501 3116; x_wconf 85' lang='lat' dir='ltr'><strong><em>Con-</em></strong></span> 
     </span>
     <span class='ocr_line' id='line_1_24' title="bbox 400 3162 1500 3240; baseline -0.002 -20"><span class='ocrx_word' id='word_1_199' title='bbox 400 3162 477 3220; x_wconf 82' lang='lat' dir='ltr'><strong><em>sulas</em></strong></span> <span class='ocrx_word' id='word_1_200' title='bbox 498 3173 595 3220; x_wconf 87' lang='lat' dir='ltr'><strong><em>tamen</em></strong></span> <span class='ocrx_word' id='word_1_201' title='bbox 612 3163 662 3219; x_wconf 80' lang='lat' dir='ltr'><strong><em>Fr.</em></strong></span> <span class='ocrx_word' id='word_1_202' title='bbox 679 3164 856 3222; x_wconf 85' lang='lat' dir='ltr'><strong><em>Balduinum</em></strong></span> <span class='ocrx_word' id='word_1_203' title='bbox 878 3164 907 3220; x_wconf 90' lang='lat' dir='ltr'><strong><em>in</em></strong></span> <span class='ocrx_word' id='word_1_204' title='bbox 930 3163 1043 3221; x_wconf 77' lang='lat' dir='ltr'><strong><em>Edietis</em></strong></span> <span class='ocrx_word' id='word_1_205' title='bbox 1064 3162 1234 3240; x_wconf 87' lang='lat' dir='ltr'><strong><em>Principum</em></strong></span> <span class='ocrx_word' id='word_1_206' title='bbox 1249 3163 1330 3219; x_wconf 84' lang='lat' dir='ltr'><strong><em>lton.</em></strong></span> <span class='ocrx_word' id='word_1_207' title='bbox 1349 3163 1385 3220; x_wconf 80' lang='lat' dir='ltr'><strong><em>cle</em></strong></span> <span class='ocrx_word' id='word_1_208' title='bbox 1401 3163 1500 3220; x_wconf 80' lang='lat' dir='ltr'><strong><em>Ciris·</em></strong></span> 
     </span>
     <span class='ocr_line' id='line_1_25' title="bbox 400 3267 1501 3349; baseline 0.003 -25"><span class='ocrx_word' id='word_1_209' title='bbox 400 3267 497 3332; x_wconf 87' lang='lat' dir='ltr'><strong><em>tinnis,</em></strong></span> <span class='ocrx_word' id='word_1_210' title='bbox 522 3288 551 3345; x_wconf 87' lang='lat' dir='ltr'><strong><em>p.</em></strong></span> <span class='ocrx_word' id='word_1_211' title='bbox 569 3282 616 3341; x_wconf 86' lang='lat'><strong><em>77,</em></strong></span> <span class='ocrx_word' id='word_1_212' title='bbox 633 3269 686 3325; x_wconf 78' lang='lat' dir='ltr'><strong><em>&amp;a</em></strong></span> <span class='ocrx_word' id='word_1_213' title='bbox 717 3269 762 3326; x_wconf 84' lang='lat' dir='ltr'><strong><em>ed.</em></strong></span> <span class='ocrx_word' id='word_1_214' title='bbox 780 3271 860 3349; x_wconf 89' lang='lat' dir='ltr'><strong><em>Lips.</em></strong></span> <span class='ocrx_word' id='word_1_215' title='bbox 891 3271 940 3328; x_wconf 91' lang='lat' dir='ltr'><strong><em>ubi</em></strong></span> <span class='ocrx_word' id='word_1_216' title='bbox 973 3271 1028 3328; x_wconf 87' lang='lat' dir='ltr'><strong><em>hoe</em></strong></span> <span class='ocrx_word' id='word_1_217' title='bbox 1048 3269 1189 3327; x_wconf 86' lang='lat' dir='ltr'><strong><em>Hadriani</em></strong></span> <span class='ocrx_word' id='word_1_218' title='bbox 1218 3270 1389 3347; x_wconf 86' lang='lat' dir='ltr'><strong><em>rescriptum</em></strong></span> <span class='ocrx_word' id='word_1_219' title='bbox 1418 3269 1501 3327; x_wconf 88' lang='lat' dir='ltr'><strong><em>aliter</em></strong></span> 
     </span>
     <span class='ocr_line' id='line_1_26' title="bbox 400 3370 1500 3452; baseline 0.004 -25"><span class='ocrx_word' id='word_1_220' title='bbox 400 3370 608 3448; x_wconf 84' lang='lat' dir='ltr'><strong><em>interpretatus</em></strong></span> <span class='ocrx_word' id='word_1_221' title='bbox 629 3383 674 3429; x_wconf 87' lang='lat' dir='ltr'><strong><em>est</em></strong></span> <span class='ocrx_word' id='word_1_222' title='bbox 699 3371 736 3429; x_wconf 89' lang='lat' dir='ltr'><strong><em>de</em></strong></span> <span class='ocrx_word' id='word_1_223' title='bbox 757 3373 931 3431; x_wconf 86' lang='lat' dir='ltr'><strong><em>Christianis</em></strong></span> <span class='ocrx_word' id='word_1_224' title='bbox 955 3375 1103 3452; x_wconf 85' lang='lat' dir='ltr'><strong><em>religionis</em></strong></span> <span class='ocrx_word' id='word_1_225' title='bbox 1125 3393 1184 3431; x_wconf 84' lang='lat' dir='ltr'><strong><em>susa</em></strong></span> <span class='ocrx_word' id='word_1_226' title='bbox 1198 3373 1315 3431; x_wconf 89' lang='lat' dir='ltr'><strong><em>nomine</em></strong></span> <span class='ocrx_word' id='word_1_227' title='bbox 1339 3374 1500 3452; x_wconf 89' lang='lat' dir='ltr'><strong><em>impunitis.</em></strong></span> 
     </span>
     <span class='ocr_line' id='line_1_27' title="bbox 401 3473 1501 3556; baseline 0.005 -25"><span class='ocrx_word' id='word_1_228' title='bbox 401 3473 483 3531; x_wconf 87' lang='lat' dir='ltr'><strong><em>Idem</em></strong></span> <span class='ocrx_word' id='word_1_229' title='bbox 495 3494 564 3532; x_wconf 84' lang='lat' dir='ltr'><strong><em>vero</em></strong></span> <span class='ocrx_word' id='word_1_230' title='bbox 576 3473 775 3532; x_wconf 86' lang='lat' dir='ltr'><strong><em>Hadrianeum</em></strong></span> <span class='ocrx_word' id='word_1_231' title='bbox 792 3497 849 3533; x_wconf 93' lang='lat' dir='ltr'><strong><em>non</em></strong></span> <span class='ocrx_word' id='word_1_232' title='bbox 861 3478 987 3535; x_wconf 88' lang='lat' dir='ltr'><strong><em>multum</em></strong></span> <span class='ocrx_word' id='word_1_233' title='bbox 999 3479 1106 3537; x_wconf 87' lang='lat' dir='ltr'><strong><em>distare</em></strong></span> <span class='ocrx_word' id='word_1_234' title='bbox 1120 3479 1191 3535; x_wconf 91' lang='lat' dir='ltr'><strong><em>mihi</em></strong></span> <span class='ocrx_word' id='word_1_235' title='bbox 1205 3479 1322 3556; x_wconf 88' lang='lat' dir='ltr'><strong><em>quidem</em></strong></span> <span class='ocrx_word' id='word_1_236' title='bbox 1336 3480 1451 3539; x_wconf 89' lang='lat' dir='ltr'><strong><em>videtur</em></strong></span> <span class='ocrx_word' id='word_1_237' title='bbox 1465 3482 1501 3538; x_wconf 90' lang='lat' dir='ltr'><strong><em>ab</em></strong></span> 
     </span>
     <span class='ocr_line' id='line_1_28' title="bbox 400 3577 1501 3658; baseline 0.009 -25"><span class='ocrx_word' id='word_1_238' title='bbox 400 3577 476 3655; x_wconf 87' lang='lat' dir='ltr'><strong><em>Imp.</em></strong></span> <span class='ocrx_word' id='word_1_239' title='bbox 493 3577 612 3654; x_wconf 86' lang='lat' dir='ltr'><strong><em>Trajani</em></strong></span> <span class='ocrx_word' id='word_1_240' title='bbox 627 3577 705 3656; x_wconf 90' lang='lat' dir='ltr'><strong><em>apud</em></strong></span> <span class='ocrx_word' id='word_1_241' title='bbox 722 3578 851 3636; x_wconf 91' lang='lat' dir='ltr'><strong><em>Plinium</em></strong></span> <span class='ocrx_word' id='word_1_242' title='bbox 867 3600 1023 3658; x_wconf 80' lang='lat' dir='ltr'><strong><em>responso3</em></strong></span> <span class='ocrx_word' id='word_1_243' title='bbox 1045 3593 1075 3639; x_wconf 87' lang='lat' dir='ltr'><strong><em>et</em></strong></span> <span class='ocrx_word' id='word_1_244' title='bbox 1089 3603 1201 3642; x_wconf 90' lang='lat' dir='ltr'><strong><em>mecum</em></strong></span> <span class='ocrx_word' id='word_1_245' title='bbox 1217 3584 1270 3641; x_wconf 91' lang='lat' dir='ltr'><strong><em>hac</em></strong></span> <span class='ocrx_word' id='word_1_246' title='bbox 1284 3583 1321 3642; x_wconf 91' lang='lat' dir='ltr'><strong><em>de</em></strong></span> <span class='ocrx_word' id='word_1_247' title='bbox 1334 3604 1366 3642; x_wconf 88' lang='lat' dir='ltr'><strong><em>re</em></strong></span> <span class='ocrx_word' id='word_1_248' title='bbox 1380 3605 1501 3643; x_wconf 86' lang='lat' dir='ltr'><strong><em>consen·</em></strong></span> 
     </span>
     <span class='ocr_line' id='line_1_29' title="bbox 399 3681 1500 3766; baseline 0.005 -27"><span class='ocrx_word' id='word_1_249' title='bbox 399 3681 521 3740; x_wconf 89' lang='lat' dir='ltr'><strong><em>tientem</em></strong></span> <span class='ocrx_word' id='word_1_250' title='bbox 546 3681 631 3739; x_wconf 84' lang='lat' dir='ltr'><strong><em>video</em></strong></span> <span class='ocrx_word' id='word_1_251' title='bbox 655 3681 693 3740; x_wconf 90' lang='lat' dir='ltr'><strong><em>cl.</em></strong></span> <span class='ocrx_word' id='word_1_252' title='bbox 710 3682 903 3741; x_wconf 87' lang='lat' dir='ltr'><strong><em>Sacearellum</em></strong></span> <span class='ocrx_word' id='word_1_253' title='bbox 926 3685 955 3742; x_wconf 94' lang='lat' dir='ltr'><strong><em>in</em></strong></span> <span class='ocrx_word' id='word_1_254' title='bbox 979 3687 1054 3742; x_wconf 81' lang='lat' dir='ltr'><strong><em>Hist.</em></strong></span> <span class='ocrx_word' id='word_1_255' title='bbox 1072 3687 1182 3745; x_wconf 88' lang='lat' dir='ltr'><strong><em>Eccles.</em></strong></span> <span class='ocrx_word' id='word_1_256' title='bbox 1198 3688 1294 3745; x_wconf 76' lang='lat' dir='ltr'><strong><em>volti.</em></strong></span> <span class='ocrx_word' id='word_1_257' title='bbox 1316 3709 1343 3766; x_wconf 87' lang='lat' dir='ltr'><strong><em>p.</em></strong></span> <span class='ocrx_word' id='word_1_258' title='bbox 1360 3689 1428 3761; x_wconf 83' lang='lat'><strong><em>318.</em></strong></span> <span class='ocrx_word' id='word_1_259' title='bbox 1450 3688 1500 3764; x_wconf 93' lang='lat' dir='ltr'><strong><em>qui</em></strong></span> 
     </span>
     <span class='ocr_line' id='line_1_30' title="bbox 399 3785 1498 3866; baseline 0.004 -23"><span class='ocrx_word' id='word_1_260' title='bbox 399 3785 551 3844; x_wconf 73' lang='lat' dir='ltr'><strong><em>tustinum</em></strong></span> <span class='ocrx_word' id='word_1_261' title='bbox 562 3785 723 3863; x_wconf 88' lang='lat' dir='ltr'><strong><em>benigniori</em></strong></span> <span class='ocrx_word' id='word_1_262' title='bbox 736 3806 821 3845; x_wconf 90' lang='lat' dir='ltr'><strong><em>sensu</em></strong></span> <span class='ocrx_word' id='word_1_263' title='bbox 832 3786 1056 3866; x_wconf 84' lang='lat' dir='ltr'><strong><em>interpretatum</em></strong></span> <span class='ocrx_word' id='word_1_264' title='bbox 1068 3810 1129 3849; x_wconf 88' lang='lat' dir='ltr'><strong><em>esse</em></strong></span> <span class='ocrx_word' id='word_1_265' title='bbox 1141 3791 1281 3849; x_wconf 84' lang='lat' dir='ltr'><strong><em>Hadriani</em></strong></span> <span class='ocrx_word' id='word_1_266' title='bbox 1293 3790 1419 3849; x_wconf 87' lang='lat' dir='ltr'><strong><em>edietum</em></strong></span> <span class='ocrx_word' id='word_1_267' title='bbox 1435 3811 1498 3848; x_wconf 88' lang='lat' dir='ltr'><strong><em>cen-</em></strong></span> 
     </span>
     <span class='ocr_line' id='line_1_31' title="bbox 399 3888 1498 3970; baseline 0.003 -23"><span class='ocrx_word' id='word_1_268' title='bbox 399 3899 453 3947; x_wconf 83' lang='lat' dir='ltr'><strong><em>set.</em></strong></span> <span class='ocrx_word' id='word_1_269' title='bbox 498 3888 547 3947; x_wconf 83' lang='lat' dir='ltr'><strong><em>Au</em></strong></span> <span class='ocrx_word' id='word_1_270' title='bbox 568 3890 630 3946; x_wconf 82' lang='lat' dir='ltr'><strong><em>haec</em></strong></span> <span class='ocrx_word' id='word_1_271' title='bbox 644 3910 690 3947; x_wconf 91' lang='lat' dir='ltr'><strong><em>res</em></strong></span> <span class='ocrx_word' id='word_1_272' title='bbox 709 3891 859 3948; x_wconf 88' lang='lat' dir='ltr'><strong><em>notissima</em></strong></span> <span class='ocrx_word' id='word_1_273' title='bbox 877 3902 931 3958; x_wconf 84' lang='lat' dir='ltr'><strong><em>est,</em></strong></span> <span class='ocrx_word' id='word_1_274' title='bbox 947 3893 1038 3950; x_wconf 87' lang='lat' dir='ltr'><strong><em>vetita</em></strong></span> <span class='ocrx_word' id='word_1_275' title='bbox 1052 3894 1141 3952; x_wconf 88' lang='lat' dir='ltr'><strong><em>fuisse</em></strong></span> <span class='ocrx_word' id='word_1_276' title='bbox 1157 3896 1284 3970; x_wconf 84' lang='lat' dir='ltr'><strong><em>antiquis</em></strong></span> <span class='ocrx_word' id='word_1_277' title='bbox 1300 3896 1498 3952; x_wconf 84' lang='lat' dir='ltr'><strong><em>Romanorum</em></strong></span> 
     </span>
     <span class='ocr_line' id='line_1_32' title="bbox 399 3993 1500 4073; baseline 0.003 -22"><span class='ocrx_word' id='word_1_278' title='bbox 399 3993 512 4071; x_wconf 81' lang='lat' dir='ltr'><strong><em>legibus</em></strong></span> <span class='ocrx_word' id='word_1_279' title='bbox 526 4015 605 4052; x_wconf 87' lang='lat' dir='ltr'><strong><em>sacra</em></strong></span> <span class='ocrx_word' id='word_1_280' title='bbox 619 4005 750 4061; x_wconf 88' lang='lat' dir='ltr'><strong><em>externa,</em></strong></span> <span class='ocrx_word' id='word_1_281' title='bbox 766 3995 844 4072; x_wconf 90' lang='lat' dir='ltr'><strong><em>quod</em></strong></span> <span class='ocrx_word' id='word_1_282' title='bbox 859 3996 974 4073; x_wconf 88' lang='lat' dir='ltr'><strong><em>quidem</em></strong></span> <span class='ocrx_word' id='word_1_283' title='bbox 991 4008 1136 4056; x_wconf 83' lang='lat' dir='ltr'><strong><em>testantur</em></strong></span> <span class='ocrx_word' id='word_1_284' title='bbox 1154 4009 1285 4056; x_wconf 86' lang='lat' dir='ltr'><strong><em>auctores</em></strong></span> <span class='ocrx_word' id='word_1_285' title='bbox 1299 4019 1316 4055; x_wconf 90' lang='lat' dir='ltr'><strong><em>a</em></strong></span> <span class='ocrx_word' id='word_1_286' title='bbox 1329 3999 1365 4054; x_wconf 89' lang='lat' dir='ltr'><strong><em>el.</em></strong></span> <span class='ocrx_word' id='word_1_287' title='bbox 1379 3998 1500 4054; x_wconf 87' lang='lat' dir='ltr'><strong><em>Davisio</em></strong></span> 
     </span>
     <span class='ocr_line' id='line_1_33' title="bbox 399 4097 1499 4179; baseline 0.002 -25"><span class='ocrx_word' id='word_1_288' title='bbox 399 4097 435 4154; x_wconf 86' lang='lat' dir='ltr'><strong><em>ud</em></strong></span> <span class='ocrx_word' id='word_1_289' title='bbox 444 4098 614 4155; x_wconf 87' lang='lat' dir='ltr'><strong><em>Ciceronem</em></strong></span> <span class='ocrx_word' id='word_1_290' title='bbox 625 4099 660 4156; x_wconf 86' lang='lat' dir='ltr'><strong><em>ele</em></strong></span> <span class='ocrx_word' id='word_1_291' title='bbox 672 4100 808 4177; x_wconf 83' lang='lat' dir='ltr'><strong><em>Legibus,</em></strong></span> <span class='ocrx_word' id='word_1_292' title='bbox 820 4100 861 4157; x_wconf 95' lang='lat' dir='ltr'><strong><em>II.</em></strong></span> <span class='ocrx_word' id='word_1_293' title='bbox 874 4101 900 4156; x_wconf 83' lang='lat'><strong><em>8.</em></strong></span> <span class='ocrx_word' id='word_1_294' title='bbox 911 4101 1029 4158; x_wconf 87' lang='lat' dir='ltr'><strong><em>adducti</em></strong></span> <span class='ocrx_word' id='word_1_295' title='bbox 1039 4123 1049 4170; x_wconf 89' lang='lat'><strong><em>‚·</em></strong></span> <span class='ocrx_word' id='word_1_296' title='bbox 1068 4102 1157 4157; x_wconf 90' lang='lat' dir='ltr'><strong><em>immo</em></strong></span> <span class='ocrx_word' id='word_1_297' title='bbox 1168 4101 1329 4179; x_wconf 87' lang='lat' dir='ltr'><strong><em>imperante</em></strong></span> <span class='ocrx_word' id='word_1_298' title='bbox 1338 4100 1499 4158; x_wconf 89' lang='lat' dir='ltr'><strong><em>Commodo</em></strong></span> 
     </span>
     <span class='ocr_line' id='line_1_34' title="bbox 400 4200 1499 4281; baseline 0.003 -23"><span class='ocrx_word' id='word_1_299' title='bbox 400 4200 580 4279; x_wconf 80' lang='lat' dir='ltr'><strong><em>Apollinaris</em></strong></span> <span class='ocrx_word' id='word_1_300' title='bbox 601 4216 717 4260; x_wconf 86' lang='lat' dir='ltr'><strong><em>senator</em></strong></span> <span class='ocrx_word' id='word_1_301' title='bbox 732 4223 748 4260; x_wconf 91' lang='lat' dir='ltr'><strong><em>a</em></strong></span> <span class='ocrx_word' id='word_1_302' title='bbox 762 4216 865 4261; x_wconf 87' lang='lat' dir='ltr'><strong><em>senatu</em></strong></span> <span class='ocrx_word' id='word_1_303' title='bbox 882 4205 1015 4262; x_wconf 82' lang='lat' dir='ltr'><strong><em>Romano</em></strong></span> <span class='ocrx_word' id='word_1_304' title='bbox 1034 4204 1071 4262; x_wconf 93' lang='lat' dir='ltr'><strong><em>ob</em></strong></span> <span class='ocrx_word' id='word_1_305' title='bbox 1086 4204 1280 4261; x_wconf 84' lang='lat' dir='ltr'><strong><em>Christianam</em></strong></span> <span class='ocrx_word' id='word_1_306' title='bbox 1299 4203 1384 4260; x_wconf 84' lang='lat' dir='ltr'><strong><em>tidem</em></strong></span> <span class='ocrx_word' id='word_1_307' title='bbox 1405 4204 1499 4281; x_wconf 87' lang='lat' dir='ltr'><strong><em>capite</em></strong></span> 
     </span>
     <span class='ocr_line' id='line_1_35' title="bbox 399 4303 1497 4384; baseline 0.004 -24"><span class='ocrx_word' id='word_1_308' title='bbox 399 4303 504 4380; x_wconf 85' lang='lat' dir='ltr'><strong><em>plexus</em></strong></span> <span class='ocrx_word' id='word_1_309' title='bbox 524 4315 579 4374; x_wconf 85' lang='lat' dir='ltr'><strong><em>est,</em></strong></span> <span class='ocrx_word' id='word_1_310' title='bbox 594 4305 658 4381; x_wconf 79' lang='lat' dir='ltr'><strong><em>lege</em></strong></span> <span class='ocrx_word' id='word_1_311' title='bbox 678 4306 788 4365; x_wconf 83' lang='lat' dir='ltr'><strong><em>scilicet</em></strong></span> <span class='ocrx_word' id='word_1_312' title='bbox 806 4306 939 4382; x_wconf 86' lang='lat' dir='ltr'><strong><em>jubente,</em></strong></span> <span class='ocrx_word' id='word_1_313' title='bbox 958 4318 991 4365; x_wconf 89' lang='lat' dir='ltr'><strong><em>ut</em></strong></span> <span class='ocrx_word' id='word_1_314' title='bbox 1012 4308 1158 4365; x_wconf 85' lang='lat' dir='ltr'><strong><em>Eusebius</em></strong></span> <span class='ocrx_word' id='word_1_315' title='bbox 1172 4326 1232 4364; x_wconf 90' lang='lat' dir='ltr'><strong><em>rem</em></strong></span> <span class='ocrx_word' id='word_1_316' title='bbox 1252 4317 1359 4376; x_wconf 88' lang='lat' dir='ltr'><strong><em>narrat,</em></strong></span> <span class='ocrx_word' id='word_1_317' title='bbox 1375 4328 1433 4375; x_wconf 87' lang='lat' dir='ltr'><strong><em>eos,</em></strong></span> <span class='ocrx_word' id='word_1_318' title='bbox 1448 4309 1497 4384; x_wconf 92' lang='lat' dir='ltr'><strong><em>qui</em></strong></span> 
     </span>
     <span class='ocr_line' id='line_1_36' title="bbox 399 4408 1497 4489; baseline 0.008 -27"><span class='ocrx_word' id='word_1_319' title='bbox 399 4409 435 4465; x_wconf 95' lang='lat' dir='ltr'><strong><em>ob</em></strong></span> <span class='ocrx_word' id='word_1_320' title='bbox 459 4408 544 4465; x_wconf 87' lang='lat' dir='ltr'><strong><em>tidem</em></strong></span> <span class='ocrx_word' id='word_1_321' title='bbox 569 4430 649 4467; x_wconf 74' lang='lat' dir='ltr'><strong><em>seiam</em></strong></span> <span class='ocrx_word' id='word_1_322' title='bbox 680 4411 709 4466; x_wconf 89' lang='lat' dir='ltr'><strong><em>in</em></strong></span> <span class='ocrx_word' id='word_1_323' title='bbox 735 4411 785 4486; x_wconf 87' lang='lat' dir='ltr'><strong><em>jus</em></strong></span> <span class='ocrx_word' id='word_1_324' title='bbox 814 4412 907 4468; x_wconf 91' lang='lat' dir='ltr'><strong><em>vocati</em></strong></span> <span class='ocrx_word' id='word_1_325' title='bbox 930 4412 1050 4478; x_wconf 85' lang='lat' dir='ltr'><strong><em>fuerint,</em></strong></span> <span class='ocrx_word' id='word_1_326' title='bbox 1078 4432 1130 4469; x_wconf 89' lang='lat' dir='ltr'><strong><em>nec</em></strong></span> <span class='ocrx_word' id='word_1_327' title='bbox 1155 4432 1171 4468; x_wconf 91' lang='lat' dir='ltr'><strong><em>a</em></strong></span> <span class='ocrx_word' id='word_1_328' title='bbox 1196 4414 1344 4489; x_wconf 89' lang='lat' dir='ltr'><strong><em>proposito</em></strong></span> <span class='ocrx_word' id='word_1_329' title='bbox 1369 4413 1497 4471; x_wconf 84' lang='lat' dir='ltr'><strong><em>discede·</em></strong></span> 
     </span>
     <span class='ocr_line' id='line_1_37' title="bbox 399 4512 1496 4589; baseline 0.005 -23"><span class='ocrx_word' id='word_1_330' title='bbox 399 4521 472 4577; x_wconf 81' lang='lat' dir='ltr'><strong><em>rent,</em></strong></span> <span class='ocrx_word' id='word_1_331' title='bbox 486 4512 708 4589; x_wconf 78' lang='lat' dir='ltr'><strong><em>haudquaquam</em></strong></span> <span class='ocrx_word' id='word_1_332' title='bbox 725 4513 833 4570; x_wconf 78' lang='lat' dir='ltr'><strong><em>dimitti</em></strong></span> <span class='ocrx_word' id='word_1_333' title='bbox 848 4525 998 4587; x_wconf 83' lang='lat' dir='ltr'><strong><em>oportere3</em></strong></span> <span class='ocrx_word' id='word_1_334' title='bbox 1020 4516 1129 4588; x_wconf 73' lang='grc' dir='ltr'>ἀρχαίου</span> <span class='ocrx_word' id='word_1_335' title='bbox 1142 4516 1202 4587; x_wconf 83' lang='grc' dir='ltr'>παρ’</span> <span class='ocrx_word' id='word_1_336' title='bbox 1216 4519 1302 4574; x_wconf 73' lang='grc' dir='ltr'>αὐτοῖς</span> <span class='ocrx_word' id='word_1_337' title='bbox 1316 4521 1395 4587; x_wconf 85' lang='grc' dir='ltr'>νόμον</span> <span class='ocrx_word' id='word_1_338' title='bbox 1408 4541 1496 4588; x_wconf 76' lang='lat' dir='ltr'><strong><em>respa·</em></strong></span> 
     </span>
    </p>
   </div>
   <div class='ocr_carea' id='block_1_4' title="bbox 399 4616 1498 4791">
    <p class='ocr_par' dir='ltr' id='par_1_4' title="bbox 399 4616 1498 4791">
     <span class='ocr_line' id='line_1_38' title="bbox 399 4616 1498 4682; baseline 0.011 -14"><span class='ocrx_word' id='word_1_339' title='bbox 399 4617 513 4682; x_wconf 76' lang='grc' dir='ltr'><strong><em>τηκότος.</em></strong></span> <span class='ocrx_word' id='word_1_340' title='bbox 557 4616 590 4674; x_wconf 82' lang='lat' dir='ltr'><strong><em>L.</em></strong></span> <span class='ocrx_word' id='word_1_341' title='bbox 608 4636 632 4671; x_wconf 88' lang='lat' dir='ltr'><strong><em>v.</em></strong></span> <span class='ocrx_word' id='word_1_342' title='bbox 652 4616 726 4672; x_wconf 89' lang='lat' dir='ltr'><strong><em>Hist.</em></strong></span> <span class='ocrx_word' id='word_1_343' title='bbox 745 4616 822 4673; x_wconf 82' lang='lat' dir='ltr'><strong><em>Ecel.</em></strong></span> <span class='ocrx_word' id='word_1_344' title='bbox 838 4636 863 4672; x_wconf 86' lang='lat' dir='ltr'><strong><em>c.</em></strong></span> <span class='ocrx_word' id='word_1_345' title='bbox 882 4635 927 4676; x_wconf 65' lang='grc' dir='ltr'><strong><em>αι.</em></strong></span> <span class='ocrx_word' id='word_1_346' title='bbox 973 4621 1060 4677; x_wconf 88' lang='lat' dir='ltr'><strong><em>Cons.</em></strong></span> <span class='ocrx_word' id='word_1_347' title='bbox 1075 4629 1105 4676; x_wconf 88' lang='lat' dir='ltr'><strong><em>et</em></strong></span> <span class='ocrx_word' id='word_1_348' title='bbox 1122 4620 1150 4675; x_wconf 87' lang='lat' dir='ltr'>V</span> <span class='ocrx_word' id='word_1_349' title='bbox 1151 4620 1270 4678; x_wconf 84' lang='lat' dir='ltr'><strong><em>alesiam</em></strong></span> <span class='ocrx_word' id='word_1_350' title='bbox 1289 4620 1323 4677; x_wconf 73' lang='lat' dir='ltr'><strong><em>ael</em></strong></span> <span class='ocrx_word' id='word_1_351' title='bbox 1340 4621 1498 4680; x_wconf 83' lang='lat' dir='ltr'><strong><em>Eusebium</em></strong></span> 
     </span>
     <span class='ocr_line' id='line_1_39' title="bbox 401 4716 519 4791; baseline 0.008 -16"><span class='ocrx_word' id='word_1_352' title='bbox 401 4716 458 4775; x_wconf 92' lang='lat'><strong><em>111.</em></strong></span> <span class='ocrx_word' id='word_1_353' title='bbox 473 4736 519 4791; x_wconf 81' lang='lat'><strong><em>23·</em></strong></span> 
     </span>
    </p>
   </div>
   <div class='ocr_carea' id='block_1_5' title="bbox 442 4841 965 4888">
    <p class='ocr_par' dir='ltr' id='par_1_5' title="bbox 442 4841 965 4888">
     <span class='ocr_line' id='line_1_40' title="bbox 442 4841 965 4888; baseline 0.015 -8"><span class='ocrx_word' id='word_1_354' title='bbox 442 4841 507 4882; x_wconf 76' lang='lat' dir='ltr'><strong><em>VOl..</em></strong></span> <span class='ocrx_word' id='word_1_355' title='bbox 525 4842 545 4882; x_wconf 90' lang='grc' dir='ltr'><strong><em>Ι.</em></strong></span> <span class='ocrx_word' id='word_1_356' title='bbox 948 4849 965 4888; x_wconf 77' lang='grc' dir='ltr'><strong><em>Ι.</em></strong></span> 
     </span>
    </p>
   </div>
   <div class='ocr_carea' id='block_1_6' title="bbox 0 0 1910 5650">
    <p class='ocr_par' dir='ltr' id='par_1_6' title="bbox 0 0 1910 5650">
     <span class='ocr_line' id='line_1_41' title="bbox 0 0 1910 5650; baseline 0 1"><span class='ocrx_word' id='word_1_357' title='bbox 0 0 1910 5650; x_wconf 95' lang='lat' dir='ltr'><strong><em> </em></strong></span> 
     </span>
    </p>
   </div>
  </div>
 </body>
</html>
