3809 5650
531 718 580 783 IN
603 716 743 781 EPIST.
769 715 981 779 VIENNEN.
1007 714 1063 778 ΕΤ
1088 711 1352 779 LUGDUNEN.
1433 710 1495 776 861

398 891 433 953 ia
448 891 602 955 Ircaaaaa
616 889 647 952 ii.
664 891 715 972 tt.
726 910 779 973 43.
796 896 829 953 et
842 891 896 969 46.
930 888 1001 951 Vid.
1018 894 1051 952 et
1065 908 1161 971 supra
1178 888 1207 968 ς.
1221 906 1253 969 5.
1269 885 1383 947 horum
1398 883 1498 967 Frag-

388 1001 497 1069 ment.
524 993 658 1056 Habent
673 993 722 1057 ἀπί
735 1014 793 1077 pro
809 993 852 1056 ἔτι
866 993 979 1055 codices
992 989 1175 1054 Flcraaiai.

444 1096 481 1159 P.
497 1111 572 1180 317.
588 1096 609 1159 l.
623 1114 651 1158 2.
668 1096 800 1179 ὁμιλίαν]
814 1095 893 1158 Vide
909 1093 1068 1158 valesium
1084 1112 1180 1175 supra
1194 1112 1266 1175 pag.
1278 1108 1353 1173 359.
1387 1086 1499 1150 Habet

401 1204 510 1262 antem
524 1192 699 1278 ὁμολογίαν,
716 1198 771 1260 scd
786 1196 889 1261 minus
903 1204 991 1281 epte,
1005 1197 1082 1260 MS.
1097 1193 1236 1277 Ncrfola.

446 1300 529 1363 lbid.
545 1300 565 1362 l.
580 1318 608 1381 7.
628 1301 686 1364 ὑπὸ
701 1304 759 1382 γὰρ
774 1302 878 1381 ἀγρίου
898 1299 996 1384 θηρὸς]
1013 1298 1191 1382 Antiquam
1209 1297 1388 1378 serpentem
1404 1288 1501 1353 vertit

402 1402 547 1479 Rufinus,
562 1403 736 1466 daemonem
752 1403 871 1466 scilicet
886 1401 1003 1465 rectius
1018 1401 1078 1464 hoc
1097 1399 1192 1462 modo
1212 1393 1370 1480 designari
1390 1390 1498 1456 existi·

402 1525 500 1567 mans.
545 1504 640 1569 Certe
660 1506 773 1569 Graeca
795 1527 855 1568 vox
878 1505 976 1569 ctiam
995 1507 1174 1587 serpentem
1193 1498 1360 1584 significat.
1405 1493 1502 1558 Unde

403 1612 437 1669 et
451 1605 592 1669 theriace
604 1606 730 1670 dicitur.
765 1607 818 1670 Sic
835 1606 929 1689 paulo
943 1604 1026 1668 infre
1040 1606 1056 1666 ὁ
1072 1604 1126 1683 θὴρ
1140 1623 1199 1686 pro
1214 1599 1340 1663 diabolo
1354 1598 1500 1711 sumitur,

402 1706 457 1769 ubi
474 1707 640 1771 Musculus
653 1708 794 1793 viperam
809 1708 913 1772 vertit.
937 1705 1102 1768 vacam.
1143 1703 1245 1768 Paulo
1259 1709 1335 1767 ante
1349 1700 1408 1765 οὐδ’
1424 1703 1502 1768 ὅλως

402 1829 461 1892 pro
475 1810 536 1873 οὐδ’
551 1812 642 1876 οὕτως
656 1812 735 1875 MS.
750 1810 888 1894 Ncrfolc.
905 1818 938 1874 ct
952 1808 1048 1894 paulo
1062 1814 1136 1892 post
1156 1806 1240 1889 εἶχον
1261 1827 1318 1891 pro
1338 1804 1402 1886 εἶχε
1421 1804 1502 1867 idam

404 1911 475 1973 MS.
491 1910 585 1989 sieut,
599 1935 682 1976 nunc
696 1920 836 1977 testante
850 1913 1005 1985 Brutone,
1021 1911 1083 1974 cod.
1101 1910 1207 1973 Paria
1227 1930 1253 1972 1.

449 2012 529 2076 lbid.
556 2014 576 2078 1.
604 2034 652 2099 13.
678 2013 799 2099 ἀδίκως]
825 2014 956 2078 Rectius
981 2013 1013 2076 in
1039 2012 1147 2076 codice
1174 2013 1259 2074 Mes.
1286 2009 1442 2074 Medicaeo
1468 2016 1502 2073 et

405 2114 586 2180 Fukctieno
601 2118 751 2181 scribitur
764 2121 884 2180 dtcxcv:
911 2118 1031 2200 (ἀδίκως
1045 2115 1196 2178 exhibent
1211 2113 1321 2198 Steph.
1338 2120 1371 2178 et
1386 2111 1502 2176 Valesii

403 2218 492 2299 edd.)
516 2221 601 2305 quod
623 2220 768 2304 equidem
790 2219 881 2282 valde
901 2219 1023 2303 probo:
1057 2216 1118 2281 nisi
1138 2217 1208 2301 quis
1229 2216 1320 2279 malit
1341 2209 1444 2300 legere
1469 2213 1502 2276 τὸ

403 2320 505 2382 ἄδικον
528 2322 571 2387 εἰς
591 2322 665 2400 ἡμᾶς
687 2322 793 2399 ὁμοίως
815 2320 1062 2400 ἐπιδεικνυμένων
1078 2327 1178 2399 μῖσος.
1221 2320 1272 2383 De
1288 2317 1406 2402 injusto
1427 2339 1504 2405 erga

404 2441 438 2483 se
467 2422 610 2507 gentium
638 2422 712 2485 odio
734 2422 853 2506 passim
880 2423 1095 2507 querebantur
1120 2421 1304 2489 Christiani.
1349 2424 1504 2489 'l'atianus

403 2525 554 2589 adversus
579 2526 719 2602 Graecos,
746 2525 864 2610 pagina
892 2545 964 2608 149.
990 2527 1038 2589 καὶ
1062 2527 1102 2605 μδ
1127 2528 1175 2589 διὰ
1203 2526 1238 2589 τὸ
1263 2532 1364 2605 μισεῖν
1388 2527 1503 2604 ἀδίκως,

403 2623 641 2706 παρωνομήοητε.
665 2628 827 2692 Vnussws.
863 2628 942 2692 (ium
959 2626 1104 2691 Strothio
1119 2629 1229 2704 ἄδικον,
1246 2630 1329 2713 quod
1345 2635 1379 2693 et
1390 2627 1506 2693 Sacilia'

405 2731 468 2794 cod.
484 2730 593 2807 habet,
608 2731 641 2794 in
657 2737 781 2794 textum
800 2730 873 2792 olim
889 2729 1016 2813 quidem
1034 2729 1149 2813 recepi.
1194 2729 1374 2795 Strothium
1392 2739 1506 2816 postea

405 2834 505 2898 secuti
535 2842 610 2898 sunt
638 2842 672 2900 et
698 2834 921 2897 Zimmcrman.
952 2841 986 2898 et
1010 2823 1201 2897 ¹Heinichcn.
1229 2842 1367 2921 quatuor
1392 2835 1505 2899 saltem

405 2938 565 3003 codicibus
587 2937 713 3022 scriptis
732 2937 997 3022 suffragantibus3
1010 2936 1079 3023 jam
1094 2959 1168 3001 vcro
1182 2944 1344 3022 praeeuute
1360 2939 1505 3001 Burtono

405 3044 571 3107 lectionem
587 3043 692 3106 ἀδίκως
711 3039 939 3125 praeferendam
954 3040 1035 3102 duco
1055 3047 1194 3123 quatuor
1207 3039 1319 3103 itidem
1335 3041 1504 3107 finnatam.

408 3145 514 3209 Vertit
536 3142 678 3230 Baflaas,
702 3150 855 3227 tanquam
877 3142 903 3205 si
925 3141 1010 3205 aliud
1030 3141 1105 3228 quid
1127 3142 1160 3205 in
1183 3143 1303 3207 Graecis
1325 3144 1506 3222 invenisset,

408 3250 451 3312 aa
464 3270 501 3311 aa
514 3248 566 3311 doc
579 3246 625 3310 ad
635 3245 770 3329 nefanda
785 3245 856 3307 odia
863 3244 960 3328 jadau
973 3244 1061 3308 semel
1074 3244 1286 3329 iastipadatar.
1327 3246 1458 3313 Habere
1473 3247 1507 3311 τὸ

408 3348 489 3428 ἀμὸν
502 3371 560 3434 pro
575 3348 609 3411 τδ
624 3349 727 3426 ὅμοιον
743 3345 909 3429 Otratcpad.
925 3346 1017 3408 aaa
1031 3345 1155 3409 notavit
1172 3347 1343 3411 Strothius.

452 3450 534 3514 lbid.
560 3450 580 3514 1.
601 3470 650 3530 14.
689 3450 705 3510 ἀ
733 3450 842 3527 ἃνομος
871 3446 1047 3526 ἀνομησάτω
1079 3448 1134 3533 ἔτι]
1182 3449 1233 3512 Ex
1263 3450 1367 3535 capite
1395 3451 1508 3517 ultimo

409 3552 645 3639 Apocalypseos
659 3572 751 3613 versu
773 3570 819 3612 ιι.
834 3550 888 3612 ubi
903 3571 961 3633 pro
977 3552 1086 3629 danaos
1097 3552 1273 3631 ἀνομηοάτω
1286 3553 1380 3618 hodie
1394 3555 1510 3640 legitur

409 3659 512 3721 ἄδικος
532 3657 564 3733 (d
584 3652 696 3732 ἄδικος)
722 3651 896 3730 ἀδικησάτω.
942 3650 1050 3716 Simile
1076 3654 1152 3738 quid
1176 3655 1292 3738 legitur
1315 3657 1348 3719 in
1371 3639 1507 3741 eapcxii.

409 3756 560 3822 Danielis.
604 3755 731 3818 (litatur
745 3753 796 3816 hie
810 3752 897 3816 locus
911 3776 932 3817 a
947 3753 1069 3818 Fausto
1085 3756 1220 3834 Reicnsi,
1237 3758 1290 3842 qui
1306 3759 1398 3841 vulgo
1410 3758 1510 3822 Euse-

408 3860 480 3924 bius
501 3858 685 3922 Emissenus
706 3854 899 3932 inscribitur,
923 3855 955 3917 in
979 3878 1122 3919 sermone
1144 3858 1240 3922 tertio
1264 3860 1305 3921 ad
1329 3861 1509 3925 monachos.

409 3963 454 4026 a
467 3958 613 4044 ι’]’νωννοάἰ
632 3959 745 4021 animur
765 3957 874 4020 coarcat
896 3955 954 4019 illa
970 3958 1135 4020 antemio:
1160 3960 1308 4022 Peccator
1326 3959 1449 4042 adjiciet
1468 3961 1513 4024 ad

400 4062 598 4148 pacandam.
646 4061 743 4138 Qaaca
757 4081 809 4121 aas
823 4059 975 4121 carissimi
990 4060 1179 4143 refapieatas,
1195 4060 1282 4123 illam
1295 4062 1400 4145 petias
1416 4072 1511 4125 acac

409 4187 474 4229 mas
489 4185 557 4250 qaae
572 4163 670 4227 dicit.-
693 4172 720 4224 et
736 4171 856 4224 sanctia
874 4160 975 4223 adhuc
993 4162 1202 4244 sanctificatur.
1225 4164 1383 4225 Vaussms.
1421 4164 1511 4227 Rele

409 4274 466 4352 gat
481 4288 539 4329 nos
554 4266 596 4328 ad
611 4263 817 4348 Apocalypsin
834 4262 1011 4326 Ruinartus
1026 4285 1151 4346 qnoque
1165 4265 1206 4327 ad
1222 4264 1396 4349 marginem
1409 4265 1512 4350 operis

412 4368 470 4445 sui,
490 4367 522 4430 in
545 4390 608 4451 quo
631 4367 713 4429 hunc
740 4364 905 4427 collocavit
927 4364 1101 4448 epistolam.
1148 4365 1193 4431 Et
1217 4388 1397 4450 quanquam
1413 4366 1512 4430 Lurd·

411 4492 514 4546 nesus,
535 4471 584 4532 Dc
608 4468 690 4530 Fida
712 4468 794 4529 Hice.
821 4467 941 4551 Ecaap.
970 4468 1007 4528 P.
1022 4468 1050 4528 1.
1071 4467 1130 4529 vol.
1145 4467 1163 4529 i.
1192 4470 1282 4531 c.16.
1306 4468 1437 4532 indicari
1461 4469 1513 4533 hic

411 4571 554 4634 Danielis
569 4570 644 4632 illud
659 4591 679 4631 a
695 4568 820 4631 Valesio
836 4577 1115 4633 commemoratum
1132 4569 1319 4653 suspicatur,
1336 4569 1513 4633 existimem

413 4671 539 4754 quidem
558 4693 627 4757 ego,
645 4670 872 4754 Lugdunenses
894 4670 998 4733 locum
1020 4670 1121 4755 ipsum
1143 4695 1182 4735 ex
1203 4671 1388 4756 Apocalypsi
1410 4693 1514 4756 sump-

456 4797 523 4837 von.
539 4796 560 4835 1.
941 4792 996 4854 gu
