3809 5650
727 1096 1315 1193 ANNOTATIONES

661 1312 720 1395 IN
759 1310 1046 1395 AGRIPPAM
1086 1309 1386 1394 CASTOREM.

879 1518 1176 1549 4

522 1655 560 1718 Ρ.
577 1657 629 1737 87.
648 1655 668 1719 l.
686 1673 715 1735 7.
748 1653 920 1737 Ἐκφαίνων
946 1655 970 1720 δ’
996 1659 1050 1721 οὖν
1079 1655 1184 1740 αὐτοῦ]
1216 1652 1374 1717 Eusebius
1401 1652 1573 1736 praemisit:

478 1758 640 1821 Πλείοτων
662 1757 715 1819 οὖν
737 1759 990 1835 ἐκκλησιαστικῶν
1015 1760 1130 1839 ἀνδρῶν
1153 1755 1213 1820 κατ’
1237 1759 1334 1819 ἐκεῖνο
1361 1761 1461 1835 καιροῦ
1483 1755 1575 1835 (tunc

478 1857 631 1940 temporis
656 1858 760 1920 exorti
783 1865 875 1922 erant
902 1858 1092 1923 Saturninus
1113 1865 1212 1941 atque
1234 1855 1388 1920 Basilides
1417 1854 1573 1935 haeretici)

478 1957 529 2030 τῆς
543 1954 685 2031 ἀληθείας
704 1956 1015 2035 ὑπεραγωνιζομίνων,
1032 1957 1231 2036 λογικώτερον
1247 1981 1281 2017 τε
1303 1959 1355 2032 τῆς
1377 1956 1576 2030 ἆοοοτολικῆς

480 2055 528 2116 καὶ
546 2058 792 2133 ἐκκλησιαστικῆς
813 2058 899 2134 δόξης
923 2058 1181 2138 ὑπερμαχούντων,
1205 2056 1260 2134 ἤδη
1275 2057 1353 2121 τινὲς
1367 2057 1416 2118 καὶ
1435 2058 1484 2117 διὰ
1503 2079 1576 2134 σνγ-

479 2155 659 2236 γραμμάτων
683 2163 744 2222 τοῖς
766 2158 922 2235 μετέπειτα
945 2161 1186 2238 προφυλακτικὰς
1207 2157 1305 2220 αὐτῶν
1325 2157 1359 2235 δη
1382 2158 1494 2220 τούτων
1517 2161 1576 2218 τῶν

478 2257 671 2333 δηλωθειοῶν
689 2257 834 2337 αἱρέσεων
848 2264 994 2339 παρεῖχον
1015 2260 1150 2338 ἐφόδους.
1180 2260 1222 2321 ὧν
1237 2260 1279 2323 εἰς
1293 2259 1367 2335 ἡμᾶς
1382 2260 1529 2335 κατῆλθεν
1542 2257 1577 2319 ἐν

478 2363 541 2422 τοῖς
562 2359 631 2420 τότε
653 2358 878 2438 γνωριμωτάτον
901 2359 1100 2440 ονγγραφέως
1113 2359 1264 2440 Ἀγρίππα
1284 2358 1448 2438 Κάστορος,
1473 2359 1577 2421 isauri·

479 2483 566 2524 τατος
589 2460 662 2521 κατὰ
687 2460 865 2522 Βασιλείδου
892 2460 1030 2542 ἔλεγχος,
1049 2459 1103 2538 τὴν
1126 2462 1279 2538 δεινότητα
1298 2463 1349 2536 τῆς
1365 2459 1489 2540 τάνδρὸς
1503 2460 1577 2521 ἁπο-

480 2561 635 2622 sodimon
649 2562 796 2639 γοητείας.
842 2566 1063 2624 ΕΚΦΑΙΝΩΝ
1082 2560 1173 2623 δὀὖν
1188 2561 1277 2623 αὐτοῦ
1290 2561 1347 2622 dcc.
1392 2561 1495 2622 Porro
1509 2582 1577 2624 cum

478 2659 576 2722 codem
597 2668 726 2744 temporo
741 2660 878 2745 plorimi
898 2661 1089 2725 οοοὶοοίοοίίοί
1117 2662 1181 2724 oiri
1201 2660 1412 2745 patrocinium
1440 2661 1578 2724 οονίιαίίο

478 2760 668 2844 ςιααρονοοο,
694 2770 721 2823 ct
737 2782 799 2845 pro
822 2761 1022 2827 imbricatim
1038 2761 1268 2847 Apostolicoqcc
1284 2760 1423 2826 baasa
1444 2762 1577 2827 disertis-

478 2860 551 2923 simo
565 2860 760 2938 decertarent,
775 2862 913 2926 macru
927 2864 1020 2927 stiam
1033 2864 1210 2926 asscmioacs
1222 2883 1293 2925 ονας
1306 2862 1428 2946 comptis
1434 2863 1579 2946 prorsas

478 2970 624 3045 tanquam
644 2963 778 3026 remedio
795 2963 841 3026 od
859 2964 1008 3027 οαοοαιίοο
1030 2963 1225 3047 supradictos
1246 2963 1369 3027 iaerecos
1392 2973 1579 3047 οοοηνοναία,

472 3062 601 3146 peston
620 3062 815 3147 reliquerant.
849 3065 903 3127 Eo
926 3063 1035 3149 quibas
1047 3063 1189 3148 pervasit
1208 3064 1254 3127 ad
1271 3085 1323 3127 oos
1337 3065 1490 3149 Aprippae
1507 3065 1579 3128 Oca-

478 3163 562 3238 toris,
576 3164 734 3256 scriptoris
748 3186 783 3227 οα
804 3174 892 3227 amia
914 3164 1095 3229 nobilissimi
1117 3164 1308 3228 calidissimo
1328 3166 1472 3229 advorsus
1485 3166 1579 3229 Basi-

479 3264 571 3327 lidem
594 3266 778 3347 confutatio:
808 3267 843 3327 ia
868 3288 929 3350 qao
951 3266 1080 3329 bomini
1097 3265 1266 3349 proealioiae
1289 3287 1327 3328 ac
1342 3266 1477 3348 frauda
1501 3266 1579 3330 doto-

475 3374 599 3446 pantur.
644 3364 847 3445 DUMQUE
863 3373 979 3429 cuncta
994 3365 1062 3450 ejus
1073 3367 1130 3428 &a

523 3464 605 3526 Ibid.
621 3464 641 3527 l.
659 3466 688 3528 8.
712 3468 754 3531 είς
766 3468 823 3544 μὲν
838 3466 871 3529 τὸ
887 3467 1065 3548 εὐαγγέλιον
1081 3467 1215 3547 τέσσαρα
1230 3466 1304 3546 πρὸς
1319 3472 1381 3531 τοῖς
1395 3469 1490 3530 εἴκοσι
1506 3467 1578 3551 δια]

480 3565 554 3628 Non
583 3564 661 3628 dicit
687 3566 844 3630 Eusebius
870 3567 903 3629 in
932 3568 1093 3652 quodnam
1122 3566 1318 3652 evangelium
1344 3567 1499 3631 Basilides
1523 3589 1578 3630 eos

479 3667 577 3731 libros
600 3667 761 3751 scripserit
772 3692 783 3744 3
806 3674 915 3730 utrum
937 3668 970 3730 in
999 3668 1194 3751 evangelium
1219 3667 1380 3740 Matthaei,
1400 3689 1442 3731 an
1464 3668 1579 3731 Marci.

479 3771 532 3832 Ac
551 3769 686 3832 sortasse
709 3768 767 3831 hos
781 3767 892 3851 viginti
913 3776 1052 3851 quatuor
1074 3769 1172 3832 libros
1192 3776 1413 3852 composuerat
1428 3767 1580 3832 Basilides

479 3870 511 3932 in
544 3892 635 3933 suum
671 3868 769 3954 ipsius
802 3870 1008 3954 evangelium.
1054 3868 1234 3953 scripserat
1264 3870 1349 3933 onim
1381 3869 1581 3955 evangelium

480 3971 646 4047 Basilides,
669 3978 703 4034 et
728 3993 786 4034 suo
811 3970 938 4034 nomine
968 3977 1216 4054 praenotaverat,
1239 3972 1274 4032 rb
1300 3974 1376 4034 κατὰ
1400 3972 1580 4048 Βασιλείδην

480 4071 678 4153 Εὐαγγέλιον,
690 4079 727 4135 ut
742 4081 882 4135 testatur
892 4070 1046 4154 Origenes
1061 4070 1093 4133 in
1111 4070 1253 4134 Homilia
1268 4092 1293 4133 1.
1307 4071 1340 4133 in
1354 4071 1489 4147 Lucam,
1501 4073 1580 4133 Am-

479 4174 603 4236 brosius
625 4174 658 4235 in
685 4173 872 4258 prooemium
899 4174 937 4236 B.
964 4173 1069 4247 Lucae,
1092 4173 1309 4256 Hieronymus
1333 4171 1521 4256 praefatione
1547 4170 1580 4233 in

481 4272 684 4336 Matthaeum.
731 4273 776 4334 Hi
796 4282 904 4336 autem
927 4273 998 4336 libri
1022 4273 1170 4337 Basilidis
1193 4273 1359 4354 ἐξηγητικοὶ
1381 4271 1579 4335 dicebantur.

479 4373 578 4435 Certe
593 4372 740 4436 Clemens
755 4373 993 4437 Alexandrinus
1008 4374 1041 4436 in
1056 4374 1109 4436 lib.
1125 4374 1165 4437 iv.
1182 4374 1389 4437 Stromateon
1406 4373 1477 4435 loca
1496 4394 1581 4456 quae·

480 4474 554 4535 dam
577 4473 670 4536 affert
694 4496 733 4536 ex
758 4474 812 4536 lib.
839 4474 926 4537 xxiii.
955 4474 1103 4538 Basilidis
1125 4478 1311 4555 ἐξηγητικῶν.
1328 4474 1491 4538 Vsunsros.
1540 4475 1581 4537 In

479 4580 573 4635 notas
601 4573 643 4635 ad
675 4572 860 4656 Hieronymi
891 4575 939 4636 Dc
972 4575 1057 4638 Viris
1086 4574 1207 4638 Illastr.
1237 4596 1305 4658 cap.
1330 4574 1395 4638 xxi.
1426 4574 1511 4659 quod
1540 4576 1581 4637 de

481 4672 627 4759 Agrippa
651 4672 785 4738 Castore
809 4673 890 4757 agit,
913 4673 961 4737 ait
985 4696 1019 4738 se
1043 4674 1195 4759 suspicari
1219 4675 1257 4738 cl.
1282 4675 1461 4751 Fabricius,
1484 4674 1580 4738 hosce
