3809 5650
478 668 543 729 342
840 665 1221 730 ANNOTA'l'IONES

525 839 563 901 P.
574 857 649 922 304.
665 836 687 899 l.
699 855 729 917 9.
740 860 809 899 τινα
821 836 894 915 μίαν
908 841 968 899 τῶν
982 835 1166 921 ἠρνημένων]
1183 837 1355 914 Burtonus,
1366 836 1499 921 eoquod
1514 856 1580 898 om-

481 961 538 1003 nes
552 939 618 1002 lere
629 936 753 1001 codices
764 936 874 1021 scripti
887 936 935 1000 vel
947 963 1024 1014 τινα,
1047 937 1094 1002 vel
1108 941 1190 1018 μίαν,
1207 939 1382 1014 omiserint,
1397 942 1464 1002 τινα
1478 935 1579 999 solum

479 1039 631 1113 retinuit;
664 1039 771 1103 malim
804 1060 874 1123 ego,
899 1060 972 1102 cum
1001 1039 1087 1103 nulla
1116 1062 1213 1104 causa
1236 1062 1305 1104 esse
1335 1040 1492 1114 videatur,
1523 1060 1580 1101 cur

478 1143 667 1207 alterutram
683 1164 790 1205 vocem
805 1142 939 1205 adderet
955 1140 1035 1205 alius
1055 1141 1126 1225 quis
1145 1150 1264 1225 pireter
1282 1141 1385 1226 ipsum
1405 1149 1578 1216 auctorem,

478 1246 550 1324 μίαν
565 1247 631 1307 τινὰ
646 1265 704 1327 pro
719 1243 806 1307 odito
822 1268 888 1306 τινα
901 1245 984 1323 μίαν,
995 1251 1121 1307 servato
1131 1246 1215 1323 μίαν,
1226 1266 1386 1328 reponere.
1423 1242 1579 1327 Displicet

479 1344 1097 1431 HeiniohenoinSupplcmeoloNetamna
1107 1367 1234 1409 suarum
1245 1345 1380 1410 Burtoni
1388 1345 1578 1409 emendatio.

523 1449 607 1512 Ibid.
623 1448 645 1512 l.
664 1469 712 1513 10.
728 1453 822 1513 δοκῶν
842 1451 858 1512 ὁ
878 1448 1021 1527 διάβολος
1036 1447 1290 1532 καταπεπωκέναι]
1316 1448 1366 1510 Ex
1386 1449 1459 1511 MS.
1477 1447 1577 1511 Seoil.

479 1573 535 1616 seu
549 1550 640 1616 Bodl.
661 1551 829 1616 articulum
848 1551 961 1635 recepi,
978 1550 1063 1635 quod
1084 1557 1197 1634 postea
1216 1551 1291 1615 lecit
1313 1551 1475 1615 Burtonus
1494 1572 1578 1615 oom-

478 1654 661 1719 memoratis
684 1662 840 1739 praeterea
855 1655 953 1718 MSS.
977 1654 1073 1736 Nors.
1093 1653 1191 1716 Venae.
1214 1653 1465 1738 Ρίονσιιτίτιίιᾳιιο.
1491 1678 1578 1715 κατα-

479 1760 665 1823 πεπτωκέναι
679 1760 723 1822 M
722 1760 755 1822 S.
770 1759 864 1841 Nors.

525 1860 609 1924 Ibid.
625 1860 644 1922 l.
668 1881 714 1923 11.
730 1862 779 1924 as
792 1859 1007 1940 βλασφημίας]
1025 1857 1334 1941 Christophorsonus
1349 1858 1579 1942 blasphemiam

479 1963 632 2027 adversus
641 1963 804 2027 Christum
814 1961 980 2026 intellexit.
1009 1960 1189 2024 Videndum
1201 1968 1308 2024 tamen
1324 1969 1383 2037 est,
1394 1983 1433 2023 nc
1443 1961 1579 2045 hicquo-

480 2084 541 2148 que
549 2063 745 2146 blasphemia
756 2063 907 2126 adversus
918 2061 1101 2146 religionem
1111 2060 1363 2125 Christianorum
1372 2060 1579 2142 intelligatur.

480 2164 575 2229 Certe
597 2185 668 2248 quar
696 2169 873 2248 sequuntur
894 2162 991 2225 verba
1015 2161 1048 2224 id
1074 2161 1200 2247 penitus
1223 2162 1380 2225 evincunt.
1427 2161 1581 2244 Sequitur

479 2266 562 2329 enim
578 2263 753 2345 ἀναγκάζων
768 2266 863 2328 εἰπεῖν
877 2267 915 2327 τὸ
935 2265 1010 2327 ἄθεα
1029 2264 1095 2345 περὶ
1115 2265 1205 2344 ἡμῶν.
1253 2264 1355 2327 Porro
1377 2263 1444 2326 haec
1466 2261 1581 2325 mulier

479 2367 513 2431 in
528 2368 601 2431 MS.
620 2367 705 2429 Μαι.
720 2387 758 2430 ae
774 2364 863 2428 Med.
878 2369 1007 2444 βιβλιᾰς
1021 2366 1139 2430 dicitur
1152 2388 1217 2430 non
1227 2367 1342 2445 βίβλις.
1356 2365 1401 2429 sic
1416 2365 1513 2429 etium
1526 2386 1580 2428 vo-

479 2474 572 2532 catur
592 2467 625 2531 in
641 2467 722 2530 Fuk.
738 2465 872 2530 Rufinus
893 2467 975 2531 hanc
994 2489 1066 2532 cum
1082 2467 1239 2532 Blandina
1255 2467 1382 2531 videtur
1401 2467 1580 2530 confudisse

478 2569 568 2654 gravi
587 2591 702 2633 errore.
727 2569 890 2633 Vsarsrus.
934 2570 987 2634 Ex
1008 2571 1076 2635 cod.
1093 2570 1194 2656 Regio
1213 2573 1342 2651 βίβλιδα
1361 2577 1511 2655 posuerat
1530 2568 1577 2632 ed.

479 2671 581 2757 Sepla.
598 2694 693 2756 quam
709 2672 837 2758 quidem
852 2672 988 2737 nominis
1003 2672 1193 2758 scripturam
1213 2672 1333 2737 habent
1353 2680 1387 2736 et
1406 2670 1579 2756 Gregorius

479 2773 557 2839 Tur.
580 2775 630 2840 De
659 2776 761 2862 μὶοτὶα
782 2777 884 2841 Mart.
906 2797 935 2855 o.
957 2797 1010 2861 49.
1034 2783 1067 2841 et
1100 2774 1321 2860 Martyrologi.
1375 2774 1470 2838 Adde
1495 2795 1579 2837 nunc

478 2878 543 2942 eod.
565 2879 661 2962 Ners.
707 2878 771 2943 Sed
795 2879 931 2943 alteram
951 2878 1023 2943 leot.
1042 2878 1171 2943 firmant
1185 2879 1261 2942 Mu.
1281 2878 1382 2961 steph.
1403 2879 1511 2961 Mare.
1531 2877 1578 2941 ed.

483 2979 593 3044 Germ.
611 2981 768 3066 Codeequs
781 2981 870 3044 Bodl.
889 3003 945 3045 seu
966 2980 1063 3044 Saotl.
1108 2982 1180 3057 Qua
1194 3002 1268 3044 vero
1287 2979 1411 3043 ratione
1431 2979 1579 3043 inductus

479 3081 614 3146 Rufinus
635 3082 704 3147 brec
729 3082 837 3146 omnia
858 3083 900 3147 sd
921 3083 1114 3147 Blendinem
1135 3082 1317 3157 detorserit,
1339 3083 1453 3159 nescio,
1470 3083 1529 3146 nisi
1552 3082 1579 3145 si

478 3184 575 3250 hocce
598 3209 712 3252 nomen
733 3187 766 3250 in
789 3186 896 3251 codice
918 3208 977 3250 suo
999 3208 1058 3271 pro
1072 3184 1217 3249 Bibltade
1238 3185 1390 3269 scriptum
1414 3184 1577 3248 invenerit.

480 3285 559 3351 Vid.
580 3310 678 3372 supra
700 3313 731 3374 p.
750 3307 824 3374 307.
869 3288 988 3353 Omisit
1010 3289 1132 3352 interea
1154 3287 1288 3351 Rufinus
1309 3289 1406 3352 verba
1427 3289 1467 3351 de
1488 3287 1579 3372 lapsu

478 3388 574 3473 hujus
592 3389 740 3461 soeminae,
757 3412 837 3474 quae,
854 3398 891 3454 ut
910 3390 1035 3455 monuit
1054 3389 1092 3454 cl.
1110 3390 1296 3454 Olsbausen.
1314 3391 1377 3453 Vct.
1392 3392 1580 3454 Meconem.

479 3512 510 3574 p.
527 3492 578 3575 63.
595 3490 627 3553 in
642 3490 831 3554 Blandinam
846 3493 960 3556 cadere
975 3514 1038 3555 non
1056 3501 1215 3576 poterant.
1261 3493 1433 3557 Obscurior
1452 3492 1579 3576 quidem

480 3591 566 3657 ratio
581 3592 768 3656 mutationis
783 3593 917 3670 videtur,
933 3594 989 3658 sed
1006 3595 1046 3658 de
1059 3594 1215 3657 industria
1229 3595 1316 3659 laeta
1330 3603 1389 3659 est.
1446 3676 1453 3686 .

525 3694 608 3758 Ibid.
623 3694 643 3757 l.
664 3714 712 3779 13.
729 3697 763 3758 ἐν
783 3697 818 3774 τῇ
842 3696 1045 3780 στρεβλόσει]
1073 3697 1175 3760 Abest
1196 3698 1232 3783 τῇ
1254 3697 1301 3760 ed.
1322 3698 1424 3782 Sept.
1446 3697 1578 3761 Sunorn.

479 3797 585 3861 Addit
599 3796 684 3861 cedd.
700 3798 774 3882 Ery.
790 3805 824 3862 et
838 3798 946 3861 Paris.
967 3818 993 3861 1.
1010 3798 1181 3862 Burtonus.

523 3898 607 3963 Ibid.
623 3899 643 3962 l.
667 3902 714 3962 16.
730 3900 852 3964 ἀντεῖπε
874 3906 936 3966 τοῖς
956 3899 1163 3984 βλασφήμοις]
1188 3902 1229 3963 In
1251 3900 1301 3963 ed.
1323 3901 1363 3962 R.
1386 3901 1496 3985 Steph.
1517 3908 1579 3968 τοῖς

477 4007 686 4081 βασανισταῖς.
722 4001 786 4066 Sed
800 4001 893 4087 longe
905 4001 1076 4066 meliorest
1091 4002 1185 4067 lectio
1200 4024 1294 4087 quam
1310 4003 1413 4087 reperi
1428 4003 1461 4067 in
1472 4003 1579 4067 codice

480 4104 565 4168 Μαι.
581 4113 615 4167 et
634 4104 720 4167 bled.
740 4104 768 4166 F
769 4105 822 4166 uk.
840 4112 874 4167 ct
891 4105 964 4169 Sav.
979 4111 1042 4171 τοῖς
1061 4105 1266 4186 βλασφήμοις.
1311 4104 1365 4168 Sic
1384 4114 1538 4170 vocentur
1558 4128 1580 4169 a

479 4206 742 4292 Lugdunensibus
768 4207 922 4286 Gentiles,
944 4208 998 4292 qui
1020 4208 1236 4273 Christianam
1258 4208 1440 4293 religionem
1462 4207 1579 4270 calum-

478 4308 668 4372 niabantur:
691 4309 739 4373 vel
761 4315 848 4373 certe
869 4309 962 4395 lapsi,
979 4310 1033 4394 qui
1055 4332 1122 4395 prae
1144 4311 1341 4375 cruciatuum
1361 4309 1512 4373 violentia
1534 4308 1578 4371 in·

478 4407 642 4473 lenticidia
659 4416 694 4474 ot
712 4410 852 4475 incestus
873 4434 894 4475 a
916 4411 1109 4477 Christianis
1131 4413 1261 4478 admitti
1282 4412 1357 4476 lassi
1379 4416 1482 4475 erant.
1507 4410 1577 4472 Vs-

481 4530 588 4572 crsms.
633 4510 692 4575 Ait
722 4533 847 4596 quoque
873 4512 910 4578 cl.
938 4514 1126 4579 Olshausen.
1147 4516 1215 4600 jam
1240 4515 1408 4591 laudatus;
1433 4513 1579 4576 “Servos

479 4616 499 4646 ‘⁶
514 4609 662 4694 intelligit
678 4611 846 4691 Eusebius,
859 4615 908 4678 vel
928 4617 1026 4681 etiam
1040 4617 1156 4702 lapsos,
1173 4617 1226 4702 qui
1237 4616 1406 4682 tormentis
1421 4613 1579 4701 superatis

478 4717 500 4749 “
515 4711 712 4777 infanticidia
722 4722 821 4801 atque
833 4718 989 4784 incestae
1009 4722 1215 4786 conventibus
1234 4719 1491 4784 Christianorum
1507 4738 1577 4802 per·
