3809 5650
467 709 518 774 IN
540 706 681 774 EPIST.
705 708 923 774 VIENNEN.
947 710 1007 776 ΕΤ
1030 709 1295 777 LUGDUNEN.
1363 711 1429 779 867

328 897 403 941 vero
417 875 501 939 idem
515 875 563 939 vir
577 874 616 939 cl.
631 897 672 938 ex
693 875 805 939 eadem
819 875 970 962 Stephani
990 878 1062 944 edit.
1080 879 1164 943 αὐτοὶ
1183 900 1243 964 pro
1261 878 1366 963 priore
1381 879 1428 944 ἀεὶ

329 978 541 1042 revocandum
556 984 674 1052 censet,
690 998 813 1041 mecum
830 979 908 1043 facit
923 985 1016 1044 vetus
1036 980 1202 1065 interpres,
1218 982 1358 1065 Rufinus,
1375 979 1429 1066 qui

329 1079 436 1155 vertit,
451 1079 506 1144 sed
514 1102 621 1166 pacem
635 1101 760 1165 semper
777 1080 954 1159 ἀοδννιάονι,
962 1104 1074 1166 paoem
1093 1083 1247 1148 fratribus
1266 1084 1430 1148 eustodien-

329 1179 402 1244 dom
410 1180 636 1246 commovebant.
650 1180 744 1262 Ἡμῖν
754 1204 813 1267 pro
825 1184 958 1248 delente
969 1184 1230 1266 παρεγμνήσαντες
1239 1186 1323 1250 codd.
1334 1186 1429 1269 Nors.

330 1283 405 1366 Ιίνρ.
420 1284 576 1361 Paeoni,
588 1284 744 1351 referente
760 1285 915 1350 Burtono.
962 1287 1005 1350 Ια
1019 1308 1078 1350 απιο
1092 1286 1129 1350 de
1140 1287 1325 1352 Florentinis
1339 1295 1432 1353 extat

334 1384 453 1465 εἰρήνην
467 1387 537 1464 ἡμῖν
552 1385 762 1466 ἀγαπήσαντες
777 1388 825 1451 καὶ
841 1388 967 1468 εἰρήνην.
1012 1389 1067 1453 Ab
1085 1389 1180 1454 chero
1196 1411 1322 1476 quoque
1340 1391 1433 1456 abest

331 1488 380 1550 ἀεὶ
394 1494 472 1551 ante
488 1487 761 1569 παρεγγιήσαντες.

376 1592 412 1653 P.
423 1609 498 1674 322.
515 1590 536 1653 l.
553 1606 600 1669 17.
611 1590 659 1652 καὶ
674 1589 815 1676 ἀγάπην]
828 1592 932 1656 Addit
943 1592 1112 1671 Eusebius,
1124 1599 1226 1658 Ταῦτα
1238 1597 1286 1659 καὶ
1301 1595 1369 1676 περὶ
1382 1599 1433 1675 τῆς

332 1696 389 1754 τάν
410 1693 562 1772 μακαρίων
584 1691 705 1754 ἐκείνων
727 1692 800 1773 πρὸς
823 1694 891 1761 τοὺς
915 1693 1186 1775 παραπεπτωκότας
1207 1702 1266 1760 τῶν
1292 1698 1434 1778 ἀδελφῶν

333 1796 472 1874 στοργῆς,
487 1793 646 1874 ὠφελίμως
659 1796 857 1874 προσκείσθω·
881 1799 932 1875 τῆς
946 1797 1145 1877 ἀπανθρώπου
1164 1822 1198 1861 τε
1218 1797 1266 1861 καὶ
1288 1799 1433 1877 ἀνηλεοῦς

334 1894 422 1958 ἕνεκα
436 1895 607 1973 διαθέσεως,
620 1901 678 1959 τῶν
692 1902 859 1975 μεταταῦτα
870 1898 998 1978 ἀφειδῶς
1008 1904 1071 1965 τοῖς
1082 1903 1213 1978 Χριστοῦ
1223 1899 1330 1977 μέλεσι
1341 1925 1433 1980 προσ-

334 1995 548 2078 ενηνεγμένων.
594 1999 694 2081 Atque
711 1997 776 2061 lcoec
797 1998 834 2063 de
853 1997 1003 2063 tatami
1024 1998 1146 2063 illinon
1167 2000 1275 2083 afficio
1295 2020 1367 2085 erpa
1388 2022 1435 2065 ecs

322 2098 445 2178 fratres
459 2099 512 2183 qui
527 2099 607 2183 &spei
613 2101 757 2183 suerent,
771 2101 817 2164 od
829 2100 989 2186 Iapudiam
1007 2101 1169 2166 utilitatem
1182 2101 1232 2167 tio
1243 2102 1347 2186 posito
1360 2102 1433 2180 eici,

326 2210 453 2286 propter
467 2222 513 2264 ees
527 2204 580 2286 qui
594 2202 757 2267 ι’νιάνννανιο
771 2204 901 2288 quodem
921 2225 959 2268 αα
979 2204 1060 2268 ima
1078 2204 1181 2268 σοι’πιν
1188 2204 1331 2289 prediti,
1345 2205 1435 2269 icole-

333 2311 442 2367 maer
467 2303 610 2368 meae
641 2303 756 2369 cirini
784 2304 916 2370 mentre
935 2305 1129 2391 postmodum
1153 2306 1326 2371 secienml.
1373 2306 1435 2371 Ait

334 2404 487 2483 Valesius,
503 2413 524 2443 “
540 2405 736 2471 Novatianos
751 2406 909 2492 intelligit,
927 2408 981 2492 qui
1004 2407 1102 2493 lapsis
1126 2428 1252 2472 omnem
1275 2430 1364 2494 spem
1388 2407 1435 2471 in·

334 2507 505 2592 dulgentia}
519 2514 632 2593 postea
646 2509 904 2593 praeeluserunt.”
935 2507 986 2572 De
998 2509 1187 2574 Novatianis
1199 2509 1356 2575 Eusebius
1367 2510 1435 2594 qui-

335 2608 408 2672 dem
433 2609 591 2693 loquitur;
616 2611 672 2674 sed
693 2610 952 2695 Lugdunensium
972 2610 1071 2674 verba
1094 2611 1167 2674 lites
1186 2618 1284 2695 atque
1305 2611 1437 2675 dissidia

334 2709 385 2775 his
404 2734 529 2796 quoque
549 2712 746 2796 temporibus
768 2713 809 2775 de
832 2711 1116 2775 communicatione
1141 2711 1303 2797 lapsorum
1324 2713 1358 2775 in
1383 2734 1434 2776 ee·

336 2814 432 2879 clesia
445 2814 683 2880 exortasfuisse
703 2814 787 2879 clare
807 2813 970 2887 indicant;
996 2813 1066 2879 aliis
1089 2814 1216 2899 quidem
1238 2813 1376 2878 severius
1394 2815 1436 2879 de

337 2916 398 2982 bac
427 2940 463 2982 re
492 2918 670 3004 agentibus,
697 2917 767 2981 aliis
796 2915 907 2995 lenius,
934 2915 1101 2980 durissime
1130 2916 1266 2980 fortasse
1296 2916 1435 2980 omnium

340 3018 488 3085 Montani
512 3020 732 3084 sectatoribus.
781 3019 867 3082 Hinc
882 3019 1011 3105 insuper
1025 3018 1235 3103 colligendum
1249 3040 1318 3083 esse
1332 3024 1437 3102 patet,

337 3121 385 3185 sel
408 3144 447 3187 eu
467 3129 661 3207 tempestate
685 3121 852 3185 invaluisse
877 3142 1008 3194 morem,
1031 3127 1069 3184 ut
1094 3120 1174 3204 lapsi
1198 3141 1220 3183 a
1241 3119 1437 3205 martyribus

337 3245 448 3308 pacem
462 3225 601 3289 ecclesiae
616 3229 824 3308 expeterent;
849 3223 939 3306 cujus
955 3222 1082 3306 quidem
1101 3221 1200 3286 moris
1220 3221 1280 3285 hoo
1299 3221 1437 3306 primum

337 3324 477 3389 omnium
490 3327 625 3389 fortasse
636 3334 685 3389 est
700 3324 939 3397 testimonium
956 3324 989 3386 in
1000 3344 1063 3407 quo
1075 3322 1174 3387 etiam
1186 3323 1329 3388 notanda
1339 3323 1438 3388 verba

338 3432 424 3502 sunt,
439 3424 508 3489 ἀλλ’
526 3428 559 3489 ἐν
574 3427 618 3492 οἶς
633 3428 815 3501 ἐπλεόναζον
830 3424 923 3497 αὐτοὶ,
939 3430 1027 3487 τοῦτο
1047 3430 1109 3491 τοῖς
1130 3422 1332 3506 ἐνδεεστέροις
1351 3424 1437 3504 ἀπήρ-
1530 3449 1534 3456 ·

341 3553 421 3602 κονν,
437 3548 511 3590 nam
533 3549 572 3590 ea
586 3526 692 3610 opinio
707 3526 747 3589 de
762 3532 855 3589 tanto
875 3532 1053 3609 martyrum
1072 3524 1198 3601 meritc,
1213 3532 1250 3589 ut
1270 3525 1346 3589 illud
1368 3525 1439 3589 aliis

338 3648 462 3712 quoque
481 3627 660 3690 hominibus
680 3627 712 3689 in
732 3625 982 3691 satisfactionem
1004 3625 1192 3691 delictorum
1214 3626 1438 3690 communicari

337 3736 443 3811 queat,
468 3729 540 3792 huic
563 3728 782 3792 consuetudini
808 3729 961 3812 originem
990 3729 1114 3792 dedisse
1136 3728 1272 3793 videtur.
1321 3730 1437 3792 Verum

340 3831 460 3915 optime
482 3831 529 3895 ait
552 3831 775 3907 Tertullianus,
795 3832 869 3909 Ques
890 3830 1025 3894 eliceam
1046 3840 1168 3894 mortem
1188 3850 1245 3892 ιιια
1265 3830 1363 3906 mlvii,
1376 3830 1440 3893 cisi

338 3933 416 3997 solie
429 3935 493 3996 Dei
499 3933 614 4016 filies?
658 3935 709 3996 De
726 3933 887 3995 Pudicitia
907 3953 977 4015 cap.
992 3931 1048 3994 ult.
1095 3931 1167 3993 Non
1190 3931 1275 4013 quod
1296 3931 1439 3994 erederet

339 4035 524 4118 antiquitus,
540 4043 708 4118 martyres,
723 4040 781 4097 aut
805 4032 931 4116 quosvis
956 4031 1046 4107 alios,
1065 4030 1185 4113 aliquid
1205 4031 1326 4094 efficere
1346 4053 1439 4115 posse

340 4136 388 4199 vel
403 4137 451 4199 sui
462 4137 510 4200 vel
526 4136 660 4200 aliorum
674 4135 780 4219 gratia
794 4134 853 4196 nisi
868 4154 926 4217 per
937 4130 1058 4194 Christi
1074 4130 1267 4214 sanguinem.
1308 4132 1439 4194 Etenim

340 4237 408 4301 haec
424 4238 534 4302 scribit
555 4238 652 4302 etium
673 4236 837 4319 Origenes,
853 4234 906 4318 qui
926 4232 1106 4317 opinionem
1126 4234 1166 4296 de
1185 4239 1361 4316 martyrum
1381 4234 1438 4297 tuli

338 4340 453 4402 merito
476 4339 614 4413 fovebat,
632 4338 663 4400 in
680 4336 806 4400 Ενάονι.
830 4336 875 4398 ed
894 4334 1097 4417 Martyrium,
1115 4335 1156 4400 εἶς
1175 4335 1266 4413 μόνος
1286 4337 1440 4413 δεδύνηται

341 4444 442 4503 δοῦναι
457 4438 656 4519 ἀντάλλαγμα
671 4442 722 4515 τῆς
734 4434 943 4515 ἀπολλυμένης
955 4438 1099 4515 πρότερον
1113 4438 1213 4517 ψυχης
1222 4436 1303 4513 ἡμῶν
1318 4439 1358 4519 τῷ
1374 4437 1440 4498 ἑαν-

340 4546 392 4602 τοΰ
415 4543 497 4623 τιμίῳ
521 4542 629 4619 αἵματι.
652 4560 720 4621 οαρ.
745 4537 799 4600 xii.
826 4560 857 4621 p.
884 4536 957 4600 282.
980 4534 1219 4598 οά.1)νῖανναπ.
1265 4534 1381 4598 Itidem
1405 4536 1438 4600 S.

341 4641 517 4725 Cyprianus
537 4641 568 4702 in
584 4641 684 4724 Epist.
705 4659 754 4721 19.
771 4638 827 4700 vel.
847 4639 877 4699 8.
894 4658 966 4699 cum
988 4635 1027 4698 de
1050 4657 1152 4720 agone
1174 4644 1348 4719 martyrum
1372 4637 1439 4699 dix-

340 4742 428 4817 isset,
446 4743 583 4805 Pretiosa
601 4763 678 4804 enora
692 4740 756 4802 loee
769 4746 810 4801 est
831 4759 899 4821 ηοω
918 4738 988 4800 cru-it
1008 4736 1264 4812 ieumcrtelitotem
1272 4740 1372 4821 pret-io
1389 4738 1440 4810 cui
