3809 5650
401 689 714 796 .··l·-.‚³ii².-'3{'t-'-‘33
757 664 1188 786 nnnommemes

461 855 503 919 sb
527 855 702 919 editoribus
725 877 765 917 ex
784 855 978 918 Armeniaca
1001 854 1109 938 lingna
1131 875 1223 917 versa
1244 860 1330 929 sunt,
1348 875 1386 917 ee
1406 873 1471 916 una
1493 873 1566 916 cum

461 962 532 1020 tote
558 957 662 1041 eapite
689 956 870 1020 Eusebiano
896 956 958 1019 huc
985 955 1207 1019 transferenda
1233 954 1319 1031 duxi,
1351 961 1389 1017 ut
1417 954 1502 1018 inter
1531 975 1566 1017 se

460 1066 595 1139 uterque
609 1057 697 1120 locus
712 1057 902 1120 conferetur.
949 1056 1002 1119 Sic
1018 1056 1101 1119 enim
1122 1056 1231 1119 Moses
1247 1055 1475 1119 Oherenensis:

503 1159 631 1222 Artacie
660 1158 758 1243 (regis
784 1158 984 1244 Armeniaci)
1009 1168 1132 1222 nartem
1155 1157 1312 1242 praeelare
1337 1157 1436 1220 tradit
1459 1157 1566 1220 Aristo

461 1258 605 1322 Patiens.
651 1259 811 1343 Siquidem
828 1280 890 1342 per
915 1280 952 1322 ea
975 1268 1109 1342 tempora
1131 1258 1241 1321 Jadaei
1268 1255 1307 1320 ad
1332 1257 1477 1320 Adriane
1500 1279 1567 1340 repe

462 1359 597 1422 Itomarso
616 1360 795 1442 defecerant,
812 1369 839 1423 et
853 1381 919 1423 eam
942 1359 1025 1443 Raso
1045 1358 1230 1443 Hipparche
1250 1358 1456 1440 eortJticerarrt,
1473 1359 1566 1420 daete

461 1461 525 1523 oiri
553 1461 709 1544 eujusdam
735 1461 872 1535 detractis,
898 1461 949 1523 eei
974 1481 1078 1523 υουιου
1105 1469 1172 1523 erat
1193 1458 1428 1535 Bareioeiedas,
1452 1458 1490 1521 id
1512 1468 1566 1534 est,

462 1563 566 1627 sede
579 1563 679 1645 filim,
701 1564 755 1647 qai
776 1561 898 1646 q·aidem
921 1583 954 1624 re
977 1571 1044 1626 erat
1058 1562 1253 1645 facimresm
1276 1570 1304 1626 et
1326 1561 1487 1635 domicile,
1513 1561 1568 1624 sed

461 1664 578 1727 emmim
598 1686 650 1727 sao
668 1664 813 1748 pierides,
837 1663 960 1746 afflictis
981 1663 1046 1727 iliis
1067 1673 1095 1727 et
1116 1665 1246 1749 captivis
1269 1666 1458 1728 Sereatorem
1476 1684 1506 1726 se
1528 1663 1566 1726 de

461 1765 531 1829 cato
556 1765 711 1850 delapsam
734 1787 794 1828 esse
813 1763 1018 1849 predicator.
1071 1766 1108 1828 Is
1132 1765 1240 1831 dedam
1263 1766 1338 1830 adeo
1361 1765 1507 1841 aceedit,
1531 1774 1566 1828 et

461 1869 571 1951 Sprioe
585 1890 623 1931 αα
641 1867 869 1951 Mesmotamiae
883 1867 993 1931 ieeoioe
1007 1869 1173 1952 Persaeqae
1191 1889 1297 1945 ornnes,
1313 1868 1351 1931 id
1368 1867 1564 1952 respicientes,

461 1969 575 2034 tributa
603 1971 712 2035 solvere
745 1971 925 2034 desisterent.
980 1973 1124 2056 Namque
1154 1972 1318 2036 audieerat
1349 1974 1441 2036 etiam
1473 1971 1566 2055 larris

461 2071 594 2137 merdam
608 2074 643 2137 ire
657 2072 837 2136 Adriermm
851 2073 1004 2136 invasisse.
1049 2075 1161 2137 Noster
1175 2084 1276 2138 aetem
1290 2077 1418 2137 Artases
1427 2094 1519 2158 seper
1529 2094 1566 2136 ea

462 2195 495 2237 re
516 2175 564 2238 eit
579 2183 721 2238 moretm.
766 2174 891 2237 Accidit
904 2182 1015 2250 aetem„
1031 2184 1065 2237 at
1078 2197 1140 2259 per
1159 2176 1196 2239 id
1213 2187 1328 2260 termas
1346 2176 1512 2239 Adriacas
1530 2175 1566 2238 ire

464 2276 667 2339 Palestiaam
688 2276 811 2352 reniret,
834 2275 1018 2360 retempta,
1034 2278 1069 2339 ira
1083 2299 1185 2361 pareo
1205 2279 1315 2363 opmido
1329 2300 1427 2362 prope
1447 2277 1563 2340 Hiero·

461 2376 575 2460 solyma
604 2376 724 2440 obsesses
746 2377 865 2454 debret,
892 2378 946 2462 qai
975 2378 1040 2441 ideo
1069 2400 1180 2441 meacm
1204 2380 1382 2443 Jadaeeraa
1404 2387 1520 2463 pectem
1544 2400 1566 2441 a

456 2479 564 2562 patrio
578 2478 637 2541 solo
644 2478 740 2561 jessit
750 2478 847 2562 potta-
872 2500 940 2563 ροισι
953 2500 991 2542 ae
1000 2479 1113 2563 procat
1124 2480 1245 2565 quidem
1260 2482 1475 2563 Hierosolyma
1494 2488 1567 2543 essct

462 2589 656 2663 spectarem
681 2589 769 2665 atque
788 2581 852 2665 epse
872 2580 1117 2664 Hierosolymam
1134 2603 1155 2645 a
1177 2581 1372 2666 Vespasiano,
1392 2583 1470 2657 Tito,
1484 2590 1513 2643 et
1527 2579 1566 2644 ab

462 2702 492 2744 se
510 2681 697 2745 devastatam
718 2682 915 2759 imtaaraeit,
932 2692 960 2746 et
982 2680 1020 2746 ab
1041 2683 1158 2747 nomiae
1172 2704 1224 2746 sao
1243 2683 1368 2745 AEtiam
1389 2682 1565 2767 appellarit,

463 2804 530 2848 ουιυ
545 2784 607 2868 ipse
621 2783 783 2847 Adriacas
798 2782 852 2847 Sol
863 2793 931 2848 esset
945 2784 1125 2870 appaimtm,
1141 2794 1229 2869 atque
1243 2783 1287 2848 idi
1300 2785 1428 2848 etiaieos
1445 2783 1565 2859 dicarit,

462 2894 491 2950 et
506 2885 705 2963 Christianos,
721 2907 847 2970 quemme
862 2887 1031 2972 Episcopus
1045 2896 1111 2950 erat
1124 2888 1263 2950 Mare-as.
1308 2889 1371 2950 Per
1385 2909 1420 2951 ea
1432 2897 1567 2971 termera

462 3009 605 3072 ιυοριιυοιι
618 2989 777 3052 cerreitam
791 2990 826 3052 in
841 2990 982 3072 Assyria
999 2998 1105 3072 partes
1122 2989 1214 3065 rabit,
1230 2999 1258 3052 et
1276 2999 1410 3052 mestrem
1424 2993 1567 3053 Artasem

463 3112 531 3153 eam
554 3090 618 3153 sais
645 3088 842 3153 Garatoriim
870 3090 904 3152 ι’-ιι
929 3089 1088 3153 Persidem
1113 3090 1265 3173 proticisci
1285 3089 1402 3172 jussit,·
1440 3112 1567 3175 qaorum

462 3191 562 3255 scriba
576 3213 643 3254 ema
657 3193 684 3254 is
690 3191 801 3275 faerit,
817 3191 871 3274 qai
885 3189 969 3254 aedis
982 3190 1061 3254 darae
1073 3190 1232 3254 historiam
1247 3191 1392 3267 tradidit,
1408 3192 1518 3255 Artasi
1532 3191 1567 3254 irs

463 3293 575 3356 Media
589 3292 730 3367 ooearrit,
745 3293 779 3354 ire
800 3292 870 3369 ea,
884 3293 938 3376 qai
958 3302 1082 3355 eoeater
1096 3292 1278 3364 Sciendum·
1302 3295 1430 3356 Amores
1449 3314 1518 3355 cero
1532 3292 1568 3355 ia

462 3392 597 3455 acerbam
620 3393 741 3467 incidit,
756 3393 790 3455 ia
805 3393 984 3470 Mariadia,
1004 3393 1050 3456 ad
1070 3394 1215 3477 epp-idam
1238 3395 1458 3471 Baearaeer’ta,
1478 3401 1567 3477 atque

463 3494 534 3557 iada
556 3491 687 3556 Ahalam
709 3493 871 3576 quendam,
895 3493 1014 3557 Abelire
1024 3494 1166 3578 familiae
1182 3496 1367 3581 prinoipem,
1388 3496 1489 3558 eirma
1510 3496 1568 3557 im-

457 3595 585 3678 pipram
605 3615 643 3656 ae
666 3592 810 3657 tandm
833 3596 868 3657 ιἰι
882 3596 1079 3679 provinciam
1103 3597 1284 3667 Eeeleesem,
1301 3596 1346 3658 ad
1362 3597 1501 3671 Erizam,
1524 3597 1570 3658 ad

462 3696 583 3759 Diana>
597 3698 714 3779 fan-dm
735 3696 862 3774 dimisit,
886 3698 940 3781 qai
963 3697 1000 3760 ad
1022 3698 1196 3761 simulacris
1216 3698 1379 3762 sanitatem
1398 3707 1426 3760 et
1448 3698 1567 3779 laneam

463 3798 559 3862 eitam
579 3807 718 3882 peteret‚·
751 3798 835 3880 cajus
861 3809 930 3862 arete
956 3800 1098 3877 reditum,
1122 3803 1250 3863 Artases
1274 3800 1311 3862 de
1334 3798 1399 3861 rita
1421 3798 1562 3861 discessit.

467 3903 615 3964 Ceteram
638 3900 666 3963 is
685 3898 798 3975 scribit,
822 3911 937 3985 quarata
962 3911 1084 3964 caterno
1107 3922 1174 3964 eam
1199 3904 1312 3963 Artase
1332 3900 1426 3963 cierat
1444 3909 1567 3963 rirertem

463 4002 577 4080 obierit,
593 4001 694 4066 edere
709 4002 844 4086 οοιιρύρος
857 4013 884 4066 et
898 4002 1069 4065 remediare
1084 4003 1138 4077 de.
1154 4024 1186 4085 p.
1203 4019 1272 4084 174.
1319 4003 1401 4065 Tum
1419 4003 1567 4087 deinceps

463 4105 585 4189 reliqua
600 4125 717 4188 pompe
732 4104 938 4188 exequiarum
953 4103 1037 4188 regis
1052 4102 1251 4167 describitur.

508 4209 563 4271 Ad
590 4207 764 4270 Eusebium
793 4230 876 4270 nune
905 4228 1036 4291 pergem
1063 4205 1168 4291 eapite
1187 4208 1217 4270 6.
1242 4205 1315 4269 libri
1334 4206 1373 4269 iv.
1397 4205 1466 4269 hece
1492 4206 1567 4268 seri·

462 4308 600 4385 bentcm,
618 4309 676 4371 Καὶ
698 4309 734 4386 δὴ
753 4312 790 4371 τὰ
810 4312 861 4386 τῆς
883 4307 1038 4371 Ἰουδαίων
1056 4309 1242 4374 droa-reciae
1260 4309 1342 4373 αὖθις
1358 4310 1400 4373 είς
1419 4307 1498 4388 μέγα
1519 4308 1567 4369 καὶ

461 4409 540 4472 πολὺ
562 4411 774 4488 προελθούσης,
793 4406 922 4489 Ῥοῦφος
945 4410 1085 4491 ἐπάρχων
1107 4413 1158 4486 τῆς
1179 4408 1337 4481 Ἰουδαίας,
1359 4411 1567 4487 στρατιωτικῆς

463 4510 540 4593 αὐτῷ
556 4512 725 4592 συμμαχίας
745 4511 802 4573 ὑπὸ
824 4510 979 4588 βασιλέως
1002 4512 1200 4590 πεμφθείσης,
1217 4517 1282 4575 τοῖς
1301 4510 1456 4576 ἀπουσίαις
1471 4509 1568 4573 αὐτῶν

464 4614 593 4693 ἀφειδῶς
607 4613 759 4693 χρώμενος
775 4610 903 4698 ἐπεξῄει,
919 4612 1060 4694 μυριάδας
1081 4614 1193 4691 ἀθρόως
1208 4612 1322 4691 ἀνδρῶν
1341 4613 1415 4689 ὁμοῦ
1431 4611 1480 4673 καὶ
1498 4612 1566 4673 ποί-

465 4718 523 4778 δοο
538 4713 587 4777 καὶ
606 4718 753 4794 γυναικῶν
774 4716 964 4794 διαφθείρων,
982 4712 1115 4792 πολέμου
1130 4739 1163 4777 τε
1184 4715 1263 4796 νόμῳ
1279 4715 1332 4779 τὰς
1352 4713 1450 4795 χώρας
1470 4712 1568 4775 αὐτῶν
