3809 5650
392 619 434 679 18
764 620 1124 686 ANNOTATIONES

392 799 429 858 τὸ
444 796 534 874 topia
545 799 636 857 Θεοῦ.
682 795 762 857 Vide
777 796 863 858 Rene
880 796 921 859 xi.
940 815 968 860 2.
984 806 1017 860 et
1032 797 1118 862 alibi.
1149 799 1190 860 ln
1201 798 1261 861 hoc
1271 806 1380 862 eutem
1390 801 1495 884 primo

396 897 537 979 ejusdem
553 895 658 977 operis
675 896 871 980 Fragmento
885 897 937 978 agi
952 898 1086 973 videtur,
1099 899 1234 982 primum
1245 899 1285 963 de
1297 900 1417 964 Christi
1427 900 1496 964 Do·

396 996 474 1058 mini
489 995 604 1071 effatis,
621 1017 692 1078 quae
708 996 845 1081 apostoli
861 997 1043 1080 discipulive
1059 1007 1367 1076 commemorassent,
1384 1000 1499 1064 deinde

399 1097 439 1158 do
453 1096 679 1179 apostolorum,
696 1119 734 1159 ao
749 1096 878 1159 Domini
892 1097 1118 1181 discipulorum
1133 1099 1339 1175 sermonibus,
1355 1123 1434 1184 quos
1445 1122 1500 1165 au·

400 1197 520 1259 ditores
536 1219 644 1260 eorum
661 1199 851 1262 retulissent.

444 1298 528 1360 lbld.
549 1298 570 1359 l.
592 1316 639 1360 12.
667 1298 885 1378 συγκατατάξαι
919 1305 984 1364 ταῖς
1017 1301 1195 1382 ἑρμηνείαις]
1237 1301 1290 1364 Ita
1318 1301 1435 1385 legitur
1464 1301 1499 1364 in

400 1399 510 1462 codiee
537 1399 646 1481 Regio,
674 1406 707 1462 ct
730 1406 818 1462 recte
842 1399 969 1482 quidem
995 1405 1032 1462 ut
1062 1400 1181 1483 opinor.
1242 1401 1336 1466 Certe
1367 1401 1502 1466 Rufinus

400 1500 483 1562 hunc
506 1500 610 1562 locum
633 1499 680 1561 ita
704 1499 792 1582 legit,
821 1506 858 1561 ut
887 1521 927 1561 ex
953 1500 1095 1562 versione
1125 1501 1192 1584 ejus
1221 1511 1366 1585 apparot.
1425 1503 1500 1564 Non

393 1600 510 1684 pipedit
531 1610 629 1663 erdem
652 1621 703 1662 nos
724 1598 780 1661 tibi
800 1599 902 1661 omnio
923 1621 992 1682 qncn
1013 1600 1163 1682 qnondam
1184 1623 1205 1663 α
1216 1601 1403 1685 presbyteris
1416 1601 1501 1664 didi·

400 1702 503 1773 cinna,
529 1709 555 1763 et
575 1699 642 1763 dene
667 1699 836 1774 retinemur,
860 1699 1050 1762 recordantes
1072 1722 1213 1784 esponere
1234 1723 1301 1764 enm
1318 1701 1500 1785 interprete-

400 1800 528 1863 tionibus
552 1801 623 1863 ιιιὶι.
668 1799 792 1883 Reliqui
817 1807 925 1861 tamen
945 1800 1069 1862 codices
1092 1800 1176 1863 Man
1197 1800 1344 1864 Medae
1367 1799 1501 1863 Fuketi·

402 1921 482 1962 auus
499 1921 571 1963 eum
591 1897 770 1980 Nicephoro
794 1898 945 1980 seriptum
970 1898 1091 1962 habent
1114 1900 1265 1978 συντάξαι.
1294 1899 1501 1963 HrmVAnn·

404 2022 474 2061 sius.
534 1998 630 2060 Addo
656 1997 719 2058 cod.
750 1998 823 2059 Mu.
845 1999 937 2061 Bodl.
969 2021 1062 2082 quem
1091 2000 1124 2062 in
1154 2001 1348 2064 Praefatiouo
1377 1997 1503 2063 ostendi

404 2120 472 2161 esse
497 2097 612 2160 Valesii
636 2097 775 2161 codicem
800 2098 1003 2162 Savilionum.
1038 2100 1102 2164 Sed
1129 2108 1162 2164 et
1182 2102 1313 2164 eandem
1334 2100 1502 2164 lectionem

405 2204 560 2281 praestant
583 2197 643 2260 dno
663 2198 775 2261 codices
792 2200 901 2282 empti
919 2200 1259 2278 Medmo·Hnmtini,
1283 2222 1417 2285 quorum
1440 2198 1501 2263 eol-

404 2298 555 2361 lationem
578 2319 599 2362 a
621 2298 744 2362 Jacobo
764 2301 923 2364 Gronovio
941 2302 1015 2364 olim
1035 2303 1153 2366 factam
1167 2303 1322 2387 possideo.
1349 2302 1504 2365 Lectiones

404 2418 478 2461 vero
493 2398 618 2460 enitet
629 2397 662 2460 in
677 2398 815 2462 editione
827 2400 1002 2463 Genevensi
1016 2400 1121 2465 allatae
1132 2399 1356 2483 συγκατατόξας
1371 2401 1503 2475 habent,

405 2497 594 2581 scripturam
620 2499 848 2579 σνγκατατάξαι,
877 2522 973 2584 quam
998 2523 1015 2563 e
1038 2501 1101 2564 cod.
1118 2500 1212 2585 Reyio
1235 2499 1395 2563 Robortus
1427 2500 1501 2563 Ste-

404 2597 528 2682 phanus
550 2598 669 2682 primus
685 2598 815 2663 Eusebii
829 2600 934 2664 editor
947 2601 1079 2686 recepit,
1093 2601 1337 2674 confirmantes;
1355 2625 1502 2682 συγκατα-

404 2697 490 2775 λέξαι
504 2704 611 2762 autem
626 2699 700 2763 MS.
718 2701 854 2783 Noifhlc.
871 2701 925 2785 qui
946 2701 1021 2764 olim
1039 2701 1162 2785 positus
1180 2700 1213 2763 in
1230 2701 1352 2765 cedibus
1375 2701 1502 2764 Somer·

404 2799 593 2877 setensibus,
621 2806 658 2864 ut
687 2800 764 2878 dixi,
793 2802 929 2865 nuncin
954 2800 1068 2866 Museo
1090 2801 1270 2867 Brittanico
1304 2804 1500 2867 adservatur.

407 2899 542 2966 Frustra
557 2900 640 2964 enim
659 2902 812 2986 seriptum
831 2911 891 2980 est,
912 2906 993 2981 ἴσως,
1009 2903 1241 2984 συγκατατάξας,
1263 2904 1296 2968 iu
1315 2926 1371 2968 ore
1390 2904 1502 2967 codicis

404 3003 532 3087 epiceopi
549 3003 721 3081 Castelleni,
744 3004 833 3088 eujus
855 3009 947 3067 extat
967 3004 1104 3067 varietas
1123 3004 1165 3067 ad
1180 3004 1256 3067 edit.
1272 3005 1500 3089 Reedingiunae

404 3104 530 3166 calcem.
578 3102 761 3167 Lectionem
775 3112 936 3189 receptam
955 3104 1075 3168 habent
1095 3112 1129 3167 et
1148 3105 1238 3168 codes
1258 3106 1366 3168 Ρανιζι.
1381 3115 1504 3189 nterqne

405 3212 438 3267 et
463 3204 590 3267 Vneetns
605 3204 638 3265 iu
651 3203 790 3287 gratiam
805 3205 841 3267 cl.
859 3203 993 3267 Burtoni
1009 3204 1125 3268 collati.

449 3306 486 3365 P.
502 3320 531 3384 7.
547 3303 567 3365 l.
583 3324 631 3387 13.
648 3303 804 3387 ἀλήθειαν]
830 3304 972 3381 ἀλήθειας
986 3305 1115 3367 Grnteri
1128 3304 1290 3368 Lectiones.
1315 3304 1394 3366 Mox
1408 3302 1501 3366 abest

405 3407 442 3466 τὸ
456 3424 477 3465 a
490 3402 670 3486 Nicepdoro.
695 3403 875 3468 Srnornms.
909 3404 989 3469 (ium
1012 3405 1218 3489 Nicephorus‚
1239 3406 1302 3490 qui,
1319 3412 1356 3469 ut
1379 3405 1499 3481 caeteri,

405 3504 669 3581 διαβεβαιούμενος
681 3505 755 3584 ὑπὲρ
771 3504 866 3567 αὐτῶν
881 3504 1025 3582 ἀλήθειαν
1046 3507 1201 3586 affirmans
1222 3506 1258 3568 do
1271 3505 1334 3569 iliis
1348 3506 1502 3569 veritatem

405 3604 559 3687 seriptum
573 3603 680 3681 habet,
696 3604 729 3666 in
746 3605 880 3670 historia
895 3628 954 3669 sua
973 3606 1184 3669 ecclesiastiea
1199 3606 1300 3670 soleat
1321 3629 1395 3669 suas
1413 3605 1501 3691 pagi-

405 3725 464 3767 nas
489 3703 628 3767 Eusebio
654 3706 812 3790 compleri,
836 3728 940 3790 operae
962 3707 1100 3789 pretium
1121 3713 1180 3780 est,
1204 3713 1240 3770 ut
1266 3706 1416 3770 lectorem
1441 3706 1502 3769 hoc

405 3825 560 3877 moneam,
580 3805 721 3869 codicem
742 3807 1026 3883 Vindobouensem,
1048 3829 1087 3870 ex
1109 3829 1172 3892 quo
1195 3808 1308 3870 Graecn
1330 3806 1501 3892 Nicephori

404 3907 602 3991 prodierunt,
623 3906 734 3970 haberi
754 3908 858 3971 adhuc
878 3915 1025 3992 oportere
1040 3908 1166 3971 unicum
1185 3907 1326 3970 historiae
1345 3907 1428 3969 illius
1447 3928 1501 3970 ex-

406 4008 527 4092 emplar
550 4029 646 4071 manu
676 4007 840 4091 scriptum,
871 4007 931 4070 etsi
962 4006 1132 4090 Nicephori
1161 4007 1382 4090 opusculorum
1406 4006 1502 4069 index

404 4110 501 4173 salsus
523 4109 555 4171 in
580 4108 721 4192 Oeteloqo
741 4109 1017 4190 etennneeinptornm
1039 4106 1219 4170 Bodleionoe
1234 4105 1427 4169 Bibliotheca
1448 4127 1501 4168 ex·

404 4208 481 4273 teris
502 4209 660 4271 nonnullis
681 4209 767 4271 aliud
789 4208 934 4284 suaserit,
957 4206 1163 4289 fraudemque
1184 4205 1304 4269 iecerit.
1358 4205 1499 4267 Numero

404 4315 512 4371 autem
528 4322 625 4390 3040.
641 4310 741 4372 codex
755 4308 806 4370 ille
823 4307 913 4370 Bodl.
931 4306 1084 4391 signatus,
1101 4305 1270 4390 Nicephori
1286 4302 1411 4367 Callisti
1425 4303 1500 4366 His·

403 4408 484 4469 torio
498 4406 711 4470 Eecbeeiostieo
725 4406 916 4469 nominatur.

450 4505 533 4567 Ibid.
549 4505 569 4566 l.
585 4524 632 4581 14.
657 4506 691 4568 οὗ
710 4510 767 4586 γὰρ
788 4513 849 4571 τοῖς
865 4508 902 4567 τὰ
919 4509 1021 4568 πολλὰ
1041 4506 1184 4586 λέγουσιν
1205 4500 1277 4585 δια]
1311 4500 1395 4563 Heu.
1412 4500 1500 4572 Dod-

408 4606 510 4670 wellus
525 4605 654 4667 Dissert.
679 4606 941 4680 utilem-712,
965 4608 993 4685 ξ.
1010 4605 1072 4668 xvi.
1096 4627 1127 4689 p.
1143 4619 1215 4685 457·
1251 4609 1270 4637 “
1287 4599 1499 4683 Sophisticam
