3809 5650
513 586 623 663 xxxvi
882 586 1187 659 PRAEFATIO.

514 781 647 861 tiones
676 782 748 861 viri
779 782 889 862 docti
920 783 1054 865 obiter
1082 784 1391 891 suggessissent,
1419 810 1486 867 eas
1515 783 1559 863 in

516 916 624 995 notis
646 916 845 1007 indicavi;
880 945 1060 1025 namque
1085 919 1257 999 eandem
1279 920 1332 999 ab
1355 919 1561 998 erroribus

515 1051 742 1131 immunem
759 1078 857 1147 esse,
870 1052 957 1159 ipso
969 1064 1166 1159 tempore,
1178 1080 1262 1159 quo
1276 1052 1441 1161 prodiit,
1453 1080 1558 1133 non·

516 1184 615 1265 nulli
639 1200 907 1294 negaverunt.
950 1184 1335 1273 Vid.Bunial‹1iad
1357 1187 1409 1269 N.
1431 1188 1561 1269 Hein-

514 1323 621 1402 sium
653 1322 785 1430 Epist.
813 1350 903 1431 pag.
924 1325 1020 1403 601.
1047 1337 1145 1403 tom.
1168 1352 1204 1404 v.
1231 1326 1561 1405 Burmunniunae

515 1458 798 1565 Epistolurum
820 1460 1016 1566 Sylloges.
1062 1458 1141 1538 Sed
1161 1460 1441 1566 praestantiam
1468 1462 1558 1566 ejus

515 1592 597 1673 hue
612 1620 743 1700 usque
760 1593 844 1674 fere
859 1621 1002 1674 omnes
1018 1591 1319 1674 collaudarunt.
1369 1593 1435 1671 Ad
1451 1620 1562 1672 sum-

516 1754 635 1821 mam,
657 1755 709 1806 ne
734 1754 938 1834 exponam
958 1727 1012 1806 de
1040 1725 1224 1833 singulis,
1244 1726 1288 1805 in
1317 1723 1406 1806 aliis
1426 1726 1562 1806 Inter-

516 1864 816 1970 pretationibus
838 1862 998 1943 Latinis
1021 1859 1318 1970 interpolandis
1338 1862 1469 1943 fateor
1495 1889 1561 1943 me

516 1998 659 2106 majori
676 1997 884 2077 interdum
900 1994 1065 2078 licentia
1080 2024 1219 2089 usum;
1240 1994 1474 2105 aliquando,
1490 1997 1560 2077 ubi

517 2131 645 2214 nullae
664 2133 834 2214 omnino
859 2133 974 2241 prius
994 2132 1239 2227 extitissent,
1260 2159 1384 2211 novas
1403 2128 1562 2239 aliquot

516 2268 625 2350 cudi.
670 2268 811 2376 Atque
831 2268 872 2347 in
894 2267 943 2353 iis
959 2279 1136 2363 tanturn,
1153 2270 1222 2348 ubi
1240 2280 1314 2349 aut
1327 2296 1403 2375 ego
1422 2264 1562 2373 aliqua

515 2403 774 2499 mutaverim,
788 2415 863 2483 aut
877 2414 1008 2484 totam
1022 2403 1406 2511 interpretationem
1422 2400 1562 2486 condi-

516 2539 659 2634 derim,
672 2537 835 2646 culpam
852 2565 1037 2618 errorum
1058 2565 1124 2619 me
1144 2538 1347 2619 sustinere
1368 2534 1502 2617 velim.

573 2674 639 2754 De
668 2672 1021 2755 Annotationibus
1053 2673 1156 2754 meis
1189 2670 1292 2753 nihii
1324 2673 1420 2769 fere,
1448 2673 1563 2785 quod

516 2809 662 2904 dicam,
681 2808 824 2904 habeo,
844 2807 921 2889 nisi
943 2807 1073 2890 varias
1104 2806 1195 2890 illas
1214 2836 1301 2890 esse
1328 2807 1563 2917 diversique

515 2947 687 3055 generis.
748 2941 864 3026 Nihil
900 2944 1085 3052 profecto
1114 2973 1164 3025 ex
1196 2945 1377 3053 partium
1413 2945 1564 3040 studio,

516 3081 751 3191 posthabita
771 3081 957 3175 veritate,
976 3080 1089 3187 quod
1108 3079 1225 3174 absit,
1245 3091 1318 3160 aut
1337 3076 1470 3174 attuli,
1490 3089 1564 3159 aut

516 3217 653 3312 celavi,
673 3229 748 3298 aut
775 3216 958 3321 denique
984 3216 1173 3306 tractavi3
1204 3216 1459 3295 econtrario
1486 3214 1564 3296 hoo

517 3353 606 3447 feci,
627 3363 675 3432 ut
695 3351 834 3431 omnia
850 3349 1010 3458 judicio
1031 3349 1247 3429 hominum
1265 3348 1394 3430 libere
1411 3361 1454 3430 et
1469 3377 1565 3431 oan-

517 3487 615 3569 dide
635 3501 977 3595 proponerentur.
1035 3485 1130 3571 Quo
1149 3480 1308 3564 facilius
1332 3511 1503 3591 magnos
1522 3497 1565 3566 et

517 3618 669 3704 multos
680 3647 837 3701 errores
856 3647 968 3700 meos
987 3617 1088 3698 mihi
1106 3619 1388 3700 condonatum
1403 3619 1452 3700 iri
1469 3647 1565 3699 con-

516 3755 656 3835 fidam.
704 3753 774 3834 Sin
805 3751 935 3848 aliter,
964 3765 1090 3861 atque
1119 3753 1243 3834 etiam
1279 3753 1321 3832 in
1351 3766 1564 3836 contume-

518 3890 616 3972 liam
650 3917 784 3974 meam
813 3916 892 3969 non
927 3886 1036 3968 mala
1066 3900 1243 3983 tantum,
1278 3889 1422 3968 sedet
1456 3889 1565 3969 bona

521 4034 744 4116 vertentur,
757 4050 839 4104 non
857 4050 1000 4104 recuso
1014 4034 1164 4104 sortem
1183 4023 1276 4103 vitae
1289 4051 1564 4105 communem.

520 4157 685 4239 Interea
705 4156 863 4237 nullius
881 4156 1062 4238 auctoris
1083 4171 1157 4238 aut
1182 4158 1342 4255 scrinia,
1362 4171 1436 4240 aut
1455 4161 1563 4267 pub·

518 4290 586 4372 lici
610 4292 718 4400 juris
743 4292 851 4373 faeta
879 4293 1041 4400 scripta,
1073 4292 1315 4401 compilavi3
1358 4296 1485 4373 immo
1520 4295 1564 4372 in

518 4451 592 4510 sua
605 4425 757 4532 cuique
769 4425 993 4506 tribuendo
1007 4455 1158 4522 vereor,
1172 4456 1223 4508 ne
1236 4426 1564 4517 nirniusfuerim3
