3809 5650
544 720 595 783 IN
618 720 870 786 HEGESIPPI
897 720 1202 784 FRAGMENTA.
1361 717 1418 780 asi

326 886 427 950 frater
442 887 580 950 Domini.
630 888 698 950 Neo
714 886 870 950 Eusebius
887 885 1062 970 Hegesippi
1078 886 1175 948 verba
1186 885 1281 948 aliter
1294 883 1425 966 accepit.

328 990 426 1051 Certe
447 988 649 1073 Hegesippus
671 989 790 1052 diserte
812 994 954 1051 testatur
977 987 1164 1070 Symeonem
1187 985 1294 1069 Olopae
1316 985 1425 1058 tilium,

328 1091 381 1173 qui
411 1098 488 1154 tuno
512 1096 583 1153 erat
606 1089 783 1172 Episcopus
807 1088 1113 1171 Hierosolymorum,
1138 1094 1244 1151 ortum
1267 1086 1362 1148 fuisse
1386 1107 1427 1146 cx

326 1198 422 1274 gente
437 1191 600 1253 Dauidica.
647 1190 758 1252 Verba
772 1190 840 1272 ojus
855 1190 954 1252 habes
967 1189 1048 1251 infra
1064 1210 1133 1273 cap.
1150 1207 1204 1269 32.
1241 1187 1357 1269 Itaque
1369 1207 1427 1248 neo

328 1291 530 1376 Hegesippus
553 1291 680 1367 erravit,
696 1314 753 1354 noo
776 1291 943 1354 Eusebius.
990 1290 1063 1373 lpse
1085 1288 1192 1372 potius
1215 1287 1357 1370 Scaliger
1378 1307 1427 1348 re·

327 1392 570 1476 prehendendus
591 1400 651 1466 est,
675 1392 728 1476 qui
751 1392 903 1455 adversus
924 1390 1152 1454 austeritatem
1175 1387 1360 1473 Hegesippi‚
1375 1408 1427 1449 ve-

327 1492 495 1558 tustissimi
519 1492 684 1574 scriptoris
706 1500 740 1555 et
762 1492 956 1576 Apostolicis
979 1490 1176 1574 temporibus
1198 1488 1345 1572 proximi,
1369 1486 1424 1549 ob-

327 1593 446 1658 stinate
461 1594 636 1667 contendit,
652 1593 773 1656 nullum
788 1614 928 1676 unquam
942 1593 966 1655 J
968 1593 1063 1655 udam
1079 1591 1212 1654 fratrem
1227 1588 1356 1651 Domini
1373 1609 1427 1650 ex·

327 1694 441 1758 titisse.
487 1693 548 1757 Sed
572 1702 685 1758 contra
711 1700 761 1757 est
786 1693 985 1778 Epiphanius
1011 1693 1044 1754 in
1069 1690 1182 1754 haeresi
1210 1690 1261 1772 78.
1289 1688 1343 1772 qui
1369 1687 1393 1750 J
1395 1710 1427 1751 o·

327 1794 459 1878 sepbum
475 1817 513 1858 ex
528 1795 633 1879 priore
649 1795 795 1880 conjugio
811 1802 948 1878 quatuor
968 1794 1015 1856 ait
1035 1791 1208 1874 suscepisse
1229 1789 1345 1852 liberos
1369 1790 1392 1851 J
1395 1811 1428 1850 a·

328 1894 453 1969 cobum,
470 1895 666 1979 Symeonem,
682 1895 706 1958 J
708 1903 827 1960 osetem
850 1902 884 1959 et
905 1897 928 1958 J
931 1894 1037 1957 udam.
1056 1893 1106 1957 cui
1129 1891 1287 1956 consentit
1303 1890 1427 1974 Hippe

328 1995 413 2079 lytus
430 1996 616 2060 Portuensis
631 1996 808 2081 Episcopus
822 1997 908 2080 apud
924 1995 1138 2079 Nicephorum
1154 1993 1186 2055 in
1207 1993 1287 2055 libro
1309 1992 1340 2054 ii.
1357 2014 1426 2074 cap.

329 2118 360 2181 3.
376 2096 434 2160 nisi
460 2097 545 2180 quod
568 2119 628 2181 pro
652 2097 808 2181 Symeone
834 2097 993 2160 Simonem
1018 2096 1105 2173 dicit,
1130 2096 1247 2159 rectius
1270 2103 1307 2159 ut
1331 2114 1427 2177 supro

329 2197 454 2261 notavi:
488 2206 522 2261 et
549 2197 631 2261 filias
656 2198 750 2261 aliter
776 2198 928 2260 nominat.
975 2196 1037 2259 His
1063 2197 1186 2260 accedit
1211 2196 1427 2279 Hieronymus

329 2297 362 2361 in
375 2298 457 2361 libro
471 2298 625 2362 adversus
642 2297 834 2361 Helvidium.
880 2297 976 2361 Dicet
996 2298 1131 2362 fortasse
1151 2297 1265 2381 aliquis
1287 2298 1320 2359 id
1342 2295 1427 2379 quod

329 2420 350 2462 a
365 2398 525 2484 Scaligero
539 2399 659 2463 dictum
675 2406 734 2475 est,
750 2399 869 2463 nullam
892 2398 924 2461 in
944 2398 1119 2483 Evangelio
1142 2399 1335 2462 mentionem
1358 2398 1427 2481 ejus

330 2500 426 2563 Judae
442 2499 520 2564 fieri.
566 2500 668 2563 Immo
683 2522 758 2563 vero
774 2499 952 2563 Matthaeus
967 2500 1000 2562 in
1015 2522 1084 2583 cap.
1101 2501 1167 2563 xiii.
1184 2501 1224 2563 de
1244 2501 1297 2563 illo
1318 2500 1363 2562 sio
1384 2499 1428 2561 lo·

330 2600 455 2683 quitur:
478 2602 588 2664 Nonas
609 2612 706 2664 mater
725 2601 787 2683 syce
808 2602 925 2664 dicitur
942 2602 1077 2674 Μανίας
1103 2612 1130 2664 et
1143 2603 1265 2685 fratres
1287 2601 1349 2684 ey'os
1369 2602 1428 2664 Jo-

330 2700 423 2779 colos,
439 2702 554 2785 Josepl,
570 2703 675 2766 &mco
688 2712 718 2765 ct
730 2703 861 2765 chos?
906 2703 995 2765 Idem
1011 2703 1127 2787 legitur
1142 2703 1173 2764 in
1191 2703 1293 2765 Marci
1309 2726 1377 2786 cap.
1388 2702 1427 2763 vi.

332 2801 433 2866 Vides
447 2810 485 2867 ut
501 2802 641 2887 Scaliger
652 2803 748 2866 nimio
760 2802 1008 2887 reprehendendi
1021 2802 1128 2866 studio
1140 2802 1300 2886 abreptus,
1312 2802 1427 2866 merito

331 2902 445 2985 ipsein
467 2902 738 2986 reprehensionem
762 2903 905 2966 incurrit.
950 2903 1053 2965 Porro
1068 2904 1119 2966 hio
1140 2903 1164 2965 J
1166 2904 1245 2965 udas
1260 2924 1391 2966 uxorem
1407 2924 1427 2964 a

331 3001 488 3063 nonnullis
503 3002 616 3065 diciter
631 3003 778 3065 habuisse
801 3002 950 3077 Mariam,
968 3011 1050 3066 teste
1074 3004 1253 3088 Nicephoro
1273 3003 1305 3065 in
1327 3003 1380 3064 lib.
1399 3002 1425 3063 l.

333 3120 401 3184 cap.
419 3120 471 3185 33.
517 3104 569 3164 Ex
584 3102 644 3165 hac
660 3103 757 3186 igitur
773 3104 888 3166 liberos
904 3105 1062 3188 suscepit;
1084 3128 1104 3169 a
1125 3106 1238 3189 quibus
1259 3103 1427 3189 propagati

332 3207 408 3263 sunt
423 3204 614 3274 δεσπόσννοι,
625 3203 665 3266 de
677 3204 791 3286 quibus
805 3205 976 3268 Africanus
987 3206 1018 3267 in
1032 3207 1178 3290 Epistola
1189 3206 1230 3268 ad
1242 3205 1426 3268 Aristidem.

333 3301 404 3363 Hos
425 3323 519 3384 porro
540 3302 691 3388 Scaligeri
714 3327 838 3368 errores
856 3307 1045 3388 jamdudum
1068 3306 1270 3391 reprehendit
1291 3308 1330 3367 P.
1348 3304 1426 3367 Hal-

333 3400 446 3464 loixius
469 3401 501 3464 in
526 3403 745 3466 notationibus
770 3406 813 3467 ad
836 3406 935 3469 vitam
963 3407 1138 3491 Hegesippi
1150 3433 1159 3482 ;
1190 3407 1275 3490 quod
1302 3406 1427 3488 quidem

334 3501 434 3564 serius
449 3509 482 3564 st
501 3501 656 3567 absolutis
671 3503 740 3588 jam
760 3505 1087 3571 animadversionibus
1110 3508 1188 3570 meis
1213 3506 1316 3568 didici.
1363 3505 1429 3565 Vn·

333 3624 444 3663 nrsrus.
487 3605 559 3665 υἱῶν
578 3605 739 3687 Marpincs
762 3606 808 3667 cd.
832 3607 940 3669 Gener.
963 3618 996 3671 ct
1018 3609 1198 3691 occmploris
1214 3629 1304 3691 peaes
1328 3607 1429 3668 Jonas.

333 3702 441 3781 (Nunc
461 3712 521 3765 tres
545 3704 658 3767 codices
678 3706 812 3768 Musas
837 3706 928 3770 addit
955 3711 1143 3790 Burtonus).
1187 3712 1286 3771 υἱωνοὶ
1313 3709 1431 3771 Codicis

341 3802 443 3865 Veneti
457 3804 553 3866 Lau.
573 3805 660 3866 Μαι.
677 3805 783 3868 Feta.
808 3805 905 3889 (nunc
927 3808 1018 3872 addit
1042 3810 1174 3872 Burton.
1192 3810 1276 3872 codd.
1300 3809 1427 3871 Florea-

332 3904 435 3986 tinos.)
466 3902 600 3967 Suroru.
644 3908 703 3969 vicl
721 3908 798 3971 MS.
815 3907 954 3991 Norsolc.
1000 3909 1064 3970 Sed
1078 3912 1178 3972 υἱωνοὶ
1195 3916 1355 3992 receptam
1371 3908 1431 3971 lec·

333 4002 454 4066 tionem
468 4011 603 4086 praestat
617 4006 761 4069 Zonaras
776 4006 809 4068 in
824 4005 1001 4068 Annalibus
1015 4007 1068 4069 lib.
1085 4008 1126 4069 xi.
1144 4029 1212 4090 cap.
1232 4027 1280 4086 19.

378 4102 417 4164 P.
429 4121 502 4167 212.
518 4104 537 4166 l.
556 4122 607 4187 23.
633 4108 887 4193 ε’δηλατόρευσαν]
912 4106 1007 4168 Miris
1022 4107 1124 4169 modis
1138 4128 1198 4168 vox
1214 4112 1365 4189 corrupta
1380 4114 1431 4169 est

334 4202 367 4264 iu
382 4202 505 4267 duobus
526 4206 604 4267 meis
624 4206 785 4268 codicibus
804 4213 902 4289 atquo
923 4207 1077 4290 SynrelIn,
1095 4206 1211 4290 quippe
1231 4228 1302 4268 cum
1320 4206 1432 4268 scribae

335 4301 439 4366 Graeci
461 4306 663 4389 peregrinum
684 4307 814 4368 verbum
834 4306 888 4368 vix
910 4314 969 4370 aut
990 4328 1030 4370 ne
1046 4307 1098 4368 vix
1119 4307 1245 4390 quidem
1267 4306 1431 4390 agnovisse

335 4402 512 4467 videantur.
537 4406 718 4469 Halloixius
733 4420 852 4484 autem,
862 4414 1032 4490 postquam
1048 4407 1430 4483 notavit,hocoeverbun1

335 4519 369 4567 et
391 4528 506 4569 nomen
527 4508 662 4589 δηλάτωρ
685 4530 705 4570 a
720 4531 796 4571 voce
819 4509 940 4572 Latina
963 4509 1079 4571 delator
1096 4509 1267 4571 formatum
1289 4530 1367 4579 esse,
1384 4508 1431 4571 ita

334 4608 438 4691 pergit
460 4606 619 4680 scribere;
645 4609 805 4672 “Similia
827 4610 923 4672 verba
943 4609 1018 4672 olim
1039 4610 1198 4694 praecipue
1219 4610 1252 4671 in
1276 4609 1377 4692 Syria,
1394 4617 1430 4672 ut

335 4712 355 4741 “
371 4706 566 4782 Antiochiae,
579 4707 698 4792 Beryti,
711 4716 745 4772 et
760 4710 869 4772 vicinis
884 4710 916 4772 in
930 4710 1008 4773 locis
1022 4711 1190 4774 efformata
1204 4717 1288 4784 sunt,
1301 4719 1432 4794 propter
1514 4722 1519 4733 “

853 4812 911 4873 uk
936 4834 953 4873 a
