3809 5650
772 671 1072 745 PRAEFATIO.
1378 676 1446 747 xiii

367 954 370 959 ,
399 872 526 953 etiam
546 871 711 952 duobus
730 869 1010 952 voluminibus
1037 871 1374 980 comprehendit:
1406 874 1449 954 id

400 1036 497 1088 vero
517 1018 581 1088 est
603 1006 756 1086 ideirco
784 1006 953 1102 factum,
972 1007 1070 1114 quia
1097 1034 1171 1117 pro
1198 1010 1357 1091 ratione
1387 1009 1447 1089 in-

399 1142 538 1224 stituti
560 1169 702 1222 omnes
721 1140 807 1221 fere
827 1143 990 1250 paginae
1005 1141 1268 1250 complentur
1287 1143 1448 1249 scriptis

399 1275 671 1384 Apooryphis‚
711 1276 954 1356 tractatibus
992 1277 1093 1357 item
1133 1277 1448 1371 Haeretieorum‚

400 1422 445 1492 et
472 1408 658 1518 reliquiis
688 1410 872 1504 Petrum,
894 1412 966 1519 qui
987 1413 1152 1519 prodire
1171 1411 1306 1493 solent
1334 1440 1448 1521 sepa-

399 1546 535 1640 ratim,
554 1544 905 1626 Orthodoxorum.
945 1545 1196 1627 Praeclarum
1216 1575 1314 1628 sane
1333 1576 1448 1656 opus

400 1692 528 1788 atque
567 1680 709 1762 usibus
746 1681 830 1761 suis
867 1681 1215 1761 commendatum.
1275 1681 1326 1762 In
1370 1682 1448 1764 hoe

401 1828 553 1909 autem,
583 1816 696 1923 quod
732 1817 818 1925 ipse
845 1829 1033 1911 contexo,
1067 1843 1190 1923 opere
1222 1815 1332 1896 intra
1359 1845 1449 1923 ger-

401 1978 564 2031 manam
600 1963 727 2058 atque
760 1949 1018 2031 Catholioam
1049 1950 1345 2058 antiquitatem
1382 1979 1449 2031 me

401 2085 618 2176 contineo;
653 2097 696 2164 et
728 2083 961 2192 fragmenta
995 2085 1133 2165 omnia
1169 2085 1340 2165 Patrum
1375 2086 1448 2193 qui

401 2221 620 2330 separatim
656 2220 723 2306 edi
752 2219 863 2301 soliti
892 2233 1002 2315 sunt,
1033 2219 1225 2328 relinquo
1255 2219 1448 2328 illisqui

402 2382 528 2436 novas
561 2382 702 2435 eorum
738 2354 941 2436 editiones
973 2368 1136 2464 postero
1164 2367 1350 2463 tempore
1381 2382 1450 2461 ag·

401 2489 579 2598 gressuri
599 2490 695 2570 sint.

461 2768 568 2850 an
603 2797 679 2877 ego
716 2769 770 2850 de
808 2796 931 2876 opere
965 2766 1067 2848 mihi
1102 2767 1311 2876 proposito
1349 2763 1448 2846 olim

403 2903 592 2996 ostendi;
627 2915 676 2983 ut
694 2903 726 2983 si
747 2903 839 3011 quis
858 2901 1019 3009 aliquid
1039 2902 1082 2983 in
1105 2900 1184 2982 hoc
1203 2928 1353 3007 genere
1377 2900 1451 2980 ali-

405 3038 500 3119 cubi
539 3035 668 3118 latere
710 3038 978 3145 cognovisset,
1016 3037 1060 3117 id
1098 3035 1199 3116 mihi
1240 3034 1451 3143 impertire

404 3173 660 3281 dignaretur.
719 3172 829 3253 Tum
852 3200 947 3253 vero
975 3170 1081 3252 illud
1110 3169 1319 3264 admonui,
1339 3169 1451 3277 apud

405 3308 500 3417 plus
534 3307 809 3415 quadraginta
841 3318 1029 3388 auctores
1061 3305 1205 3401 editos
1241 3333 1293 3385 ne
1327 3302 1452 3385 libros

407 3441 577 3521 Msstos
610 3467 891 3533 memorarem,
919 3441 1068 3520 servari
1101 3437 1296 3546 reliquias
1328 3438 1451 3529 istas;

407 3578 451 3658 in
473 3604 695 3658 numerum
716 3574 855 3656 relatis
875 3575 1092 3656 Canonicis
1112 3576 1305 3684 epistolis
1325 3575 1454 3681 Syno-

406 3713 640 3818 dorumque
669 3709 1066 3791 Ante-Nieaenarum
1093 3710 1331 3797 canonibus,
1352 3738 1454 3818 quo-

407 3876 501 3929 rum
530 3847 701 3955 quidem
728 3845 931 3927 nonnulla
960 3844 1248 3943 ἀποσπασμάτια
1267 3844 1311 3924 in
1332 3844 1454 3924 tomis

407 3980 837 4064 Conciliorumadhuc
851 3981 1152 4062 desiderantur.
1184 3980 1296 4059 Ante
1311 3978 1453 4056 Grabii

409 4130 550 4199 autem
581 4117 843 4226 Spieilegium
873 4120 1064 4209 Putrem,
1092 4115 1136 4194 in
1166 4141 1250 4220 quo
1279 4140 1302 4192 e
1331 4112 1455 4220 sorio

409 4253 568 4334 toribus
597 4251 700 4331 meis
719 4279 790 4332 sex
816 4264 983 4331 tanturn
1005 4249 1149 4355 (hique
1175 4244 1265 4326 aliis
1288 4246 1456 4354 quibus

410 4388 504 4468 darn
530 4385 653 4493 longe
677 4385 897 4487 breviores)
919 4381 1108 4463 adornati
1130 4392 1287 4475 extant,
1309 4381 1457 4462 Petrus

413 4520 650 4604 Halloixius
678 4531 857 4627 quatuor
884 4546 906 4597 e
935 4544 1005 4596 sex
1036 4512 1127 4608 illis,
1148 4526 1191 4593 et
1219 4513 1319 4596 alios
1349 4542 1455 4621 prae-
