3809 5650
427 681 492 753 ως
755 677 995 760 sirmeum
1021 675 1195 744 seusu.

427 844 534 923 παντὶ
552 838 624 943 γὰρ
635 840 752 919 σθένει
762 841 965 946 ἐνέσκηψεν
978 841 998 918 ό
1009 833 1526 942 ἀντικείμενοςπροοιρααζόμε-

427 1011 487 1060 νος
505 974 573 1074 ἤδη
592 973 657 1073 τῆν
672 978 782 1058 ἀδεῶς
800 976 1013 1073 μέλλουσαν
1024 976 1175 1054 ἐσεσθαι
1186 974 1390 1078 παρουσίαν
1403 973 1524 1052 αὐτοῦ·

427 1114 488 1190 καὶ
505 1108 564 1190 διδι
576 1109 722 1190 πάντων
735 1114 890 1209 διῆλθεν,
903 1108 1025 1210 ἐθίζων
1044 1107 1126 1193 τοὺς
1143 1110 1270 1188 ἐαυτοῦ
1287 1110 1346 1186 καὶ
1363 1139 1527 1209 προγυμ-

427 1243 540 1345 νάζων
553 1242 645 1322 κατὰ
663 1251 734 1323 τῶν
748 1244 888 1323 δούλων
906 1252 969 1323 τοῦ
983 1248 1088 1323 θεοῦ·
1108 1241 1203 1322 ὥστε
1219 1240 1269 1343 μῆ
1283 1238 1395 1340 μόνον
1409 1246 1526 1320 οίκιῶν

426 1381 485 1458 καὶ
509 1380 712 1474 βαλανείων
733 1381 791 1458 καὶ
816 1381 950 1480 ἀγορᾶς
975 1377 1168 1480 εἴργεσθαι,
1188 1375 1289 1455 ἀλλὰ
1312 1379 1372 1454 καὶ
1395 1372 1438 1455 τὸ
1462 1409 1551 1468 rra-5

428 1511 539 1594 θόλου
553 1516 746 1621 φαίνεσθαι
763 1514 865 1614 ῆμῶν
882 1511 973 1610 τινὰ,
991 1514 1110 1597 αὐτοῖς
1125 1515 1341 1615 ἀπειρῆσθαι
1358 1514 1397 1590 ἐν
1415 1511 1525 1618 όποόιρ

427 1645 559 1749 δῆποτε
572 1646 686 1755 τόπερ.

481 1780 531 1878 β’.
561 1780 862 1887 Ἀντεστρατήγει
880 1781 918 1861 δὲ
934 1782 958 1880 ῆ
971 1779 1075 1885 χάρις
1087 1789 1151 1860 τοῦ
1165 1786 1270 1861 Θεοῦ·
1294 1783 1353 1860 καὶ
1365 1779 1448 1864 τοὺς
1461 1778 1525 1879 μὲν

755 1944 764 1963 ·
794 1915 1084 2019 ἆντιπαρέτασσε
1107 1916 1145 1995 δέ
1167 1915 1326 2000 στύλους
1355 1915 1524 2018 ἑδραίους,

426 2053 639 2152 δυναμένους
667 2051 726 2130 διὰ
753 2055 817 2151 τῆς
844 2054 1034 2151 ὑπομονῆς,
1059 2058 1185 2132 πᾶσαν
1217 2050 1283 2151 τῆν
1316 2049 1429 2154 όρμῆν
1460 2056 1525 2129 τοῦ
1539 2079 1574 2120 ¹0

425 2193 583 2288 πονηροῦ
596 2191 644 2267 εἱς
658 2183 801 2268 ἑαυτούς
811 2184 973 2266 ἑλκύσαι·
996 2185 1030 2267 oi
1042 2190 1101 2268 καὶ
1115 2186 1229 2287 ὁμόσε
1242 2186 1398 2291 ἐχώρουν
1416 2187 1523 2295 αὐτῷ,

425 2326 499 2399 πᾶν
517 2315 608 2401 εἶδος
632 2320 835 2420 ὀνειδισμοῦ
860 2325 919 2402 καὶ
945 2323 1131 2409 κολάσεως
1160 2321 1374 2428 ἀνεχόμενοι·
1403 2321 1437 2400 oi
1465 2326 1524 2401 καὶ

425 2451 625 2534 τὰπολλὰ
656 2455 766 2558 ὀλίγα
797 2457 997 2559 ἡγούμενοι,
1027 2459 1202 2539 ἐσπευδον
1229 2453 1320 2560 πρὸς
1344 2452 1519 2558 Χριστόν.

426 2587 538 2673 ὅντως
563 2591 845 2691 ἐπιδεικνύμενοι,
865 2593 934 2672 ιότι
962 2594 1026 2671 οὐκ
1053 2593 1139 2696 ἄξια
1165 2591 1212 2671 τὰ
1238 2589 1435 2691 παθῆματα
1460 2599 1525 2671 τοῦ

426 2733 490 2806 νῦν
508 2734 641 2831 καιροῦ,
659 2725 749 2831 πρδς
766 2723 832 2823 τῆν
848 2725 1061 2821 μέλλουσαν
1086 2721 1197 2823 δόξαν
1221 2728 1524 2833 ἀποκαλυφθῆναι
1539 2757 1573 2813 ¹5

425 2866 475 2944 είς
492 2862 595 2960 ἡμᾶς.
627 2862 686 2938 καὶ
702 2864 846 2959 πρῶτον
862 2853 929 2952 μέν
952 2849 999 2929 rei
1023 2847 1095 2928 ἀπὸ
1120 2860 1184 2927 τοῦ
1209 2851 1322 2955 ὄχλου
1346 2868 1525 2961 πανδημεὶ

425 2990 593 3094 σωρηδὸν
621 2985 868 3095 ἐπιφερόμενα,
898 2982 1068 3088 γενναίως
1100 2983 1283 3084 ὑπέμενον.
1317 2988 1525 3086 ἐπιβοήσεις

426 3236 527 3289 curete
548 3226 649 3304 possit.
691 3224 780 3285 Omni
806 3223 948 3302 siquidem
1001 3224 1078 3282 viros
1106 3233 1204 3283 nutem
1237 3223 1280 3282 illi
1307 3224 1444 3303 opposuit
1472 3246 1520 3282 co·

427 3308 533 3366 virium
549 3310 660 3386 impetu
675 3308 706 3364 in
721 3326 774 3364 nos
792 3306 878 3364 irruit
897 3304 950 3363 sd·
1001 3304 1165 3363 lamnarum
1186 3306 1278 3364 instar
1296 3304 1393 3364 firmos
1411 3325 1444 3364 sc
1463 3316 1521 3363 sta.

427 3389 580 3453 versurius,
603 3386 746 3446 adventus
770 3386 815 3446 sui
837 3386 868 3443 in
891 3405 950 3463 quo
1000 3385 1082 3451 biles,
1108 3384 1158 3462 qui
1184 3385 1358 3446 fortitudine
1380 3406 1433 3444 sus
1457 3386 1521 3445 uni·
1535 3400 1572 3437 20

427 3487 494 3525 eum
517 3468 597 3526 omui
622 3466 743 3527 licentia
769 3477 951 3544 grassaturus
1001 3485 1116 3524 versum
1146 3465 1296 3524 Daemonis
1323 3466 1463 3544 impetum
1492 3468 1523 3524 iu

427 3557 482 3614 est,
494 3547 554 3624 jem
570 3558 633 3606 tum
648 3547 732 3606 nobis
747 3547 830 3606 initia
843 3567 876 3605 uc
891 3546 950 3625 pri·
1002 3546 1172 3623 semetipsos
1194 3546 1361 3623 pertrahere
1384 3546 1523 3607 valerent.

427 3627 540 3686 mordis
553 3627 701 3685 exhibens.
742 3626 828 3685 Nihil
843 3627 952 3705 quippe
1004 3626 1046 3682 Hi
1088 3644 1158 3702 ergo
1198 3626 1330 3684 cominus
1370 3629 1524 3705 eougressi.

428 3706 605 3767 intentatum
635 3707 764 3784 reliquit,
793 3707 862 3765 dum
897 3706 950 3763 mi·
1002 3726 1088 3764 omne
1108 3725 1201 3783 genus
1223 3706 1372 3784 opprobrii
1396 3708 1526 3766 sustinu-

429 3786 536 3846 nistros
558 3807 626 3846 suos
647 3788 812 3854 assuefecit,
832 3798 863 3846 et
885 3786 950 3863 qui·
1002 3797 1108 3844 eruut:
1131 3796 1161 3842 et
1180 3805 1244 3862 quae
1263 3785 1313 3843 atii
1334 3786 1475 3846 diuturno
1495 3798 1525 3846 et
1537 3801 1575 3860 25

428 3866 549 3928 busdam
570 3868 651 3946 qussi
673 3867 815 3942 proludiis
835 3875 951 3925 exercet
1002 3866 1100 3943 gravio
1114 3864 1292 3931 existimant,
1306 3866 1362 3944 ipsi
1377 3866 1454 3925 levia
1472 3868 1527 3925 du·

428 3946 566 4007 sdversus
587 3968 685 4006 servos
699 3946 767 4007 Dei.
810 3945 896 4006 Adeo
917 3958 951 4004 ut
1003 3956 1110 4011 centes,
1129 3943 1166 4002 sd
1185 3945 1334 4003 Christum
1357 3946 1399 4005 ire
1421 3968 1527 4027 prope·

428 4047 487 4085 non
501 4028 595 4086 solum
611 4028 647 4086 ab
661 4027 780 4093 sedibus,
795 4048 812 4085 o
830 4026 950 4091 balneis,
1002 4027 1104 4084 rubent
1113 4049 1122 4090 ;
1146 4025 1280 4104 exemplo
1300 4046 1353 4084 suo
1371 4027 1526 4085 ostenden-

428 4108 724 4177 uforosrceremur;
746 4107 951 4166 verumetiam
1003 4114 1057 4176 tes,
1080 4124 1135 4163 non
1164 4126 1224 4164 erse
1250 4107 1355 4185 dignor
1375 4110 1527 4185 passiones

428 4187 616 4247 interdictum
645 4188 736 4245 fuerit
758 4187 861 4265 nequis
885 4206 951 4244 uos-
1004 4186 1091 4265 hujus
1122 4186 1219 4244 seculi
1250 4206 1311 4265 que
1338 4185 1577 4265 coffnanturgo

429 4277 507 4326 trum
521 4288 695 4345 quocunque
709 4267 825 4326 demum
841 4268 871 4325 in
888 4266 952 4325 looo
1003 4287 1066 4323 cum
1088 4265 1182 4344 glorio
1207 4285 1267 4345 qrae
1292 4266 1321 4324 ιἰι
1346 4266 1426 4325 nobis
1450 4287 1526 4326 reue·

429 4358 590 4425 appareret.
1003 4346 1092 4404 lando
1108 4355 1160 4403 ert.
1201 4348 1250 4404 Ac·
1265 4347 1389 4425 primum
1408 4347 1525 4424 quidem

472 4444 499 4484 2.
522 4426 579 4484 Sed
599 4427 693 4505 grstia
716 4428 773 4486 Dei
795 4448 847 4506 pro
868 4427 952 4485 nobis
1002 4445 1184 4503 quaecunque
1209 4446 1225 4484 a
1253 4425 1363 4505 populo
1390 4428 1527 4486 universo

429 4502 565 4563 adversus
586 4506 733 4565 diabolum
755 4507 950 4586 depugnavit:
1003 4506 1157 4565 acervatim
1168 4506 1382 4584 ingerebantur,
1392 4517 1527 4565 constan.

429 4592 460 4640 et
480 4582 652 4644 infirmiores
673 4586 791 4664 quidem
816 4588 951 4653 servavit,
1003 4586 1115 4645 tissime
1136 4586 1315 4645 tolerarunt:
1345 4586 1525 4645 acclamatio·
1536 4598 1574 4661 35

876 4757 890 4786 Ι
902 4747 972 4795 Rem.
988 4748 1035 4794 eiii.
1049 4747 1086 4795 18.
