3809 5650
892 678 1092 764 mnnmo.
1476 700 1540 768 119

809 1026 1170 1103 PROOEMIUM

564 1176 870 1258 ExcEEmnEUM
892 1202 947 1258 Ex
968 1200 1129 1258 VETERE
1148 1198 1422 1256 TESTAMENTO

720 1345 763 1409 in
782 1332 854 1409 sEx
873 1354 1014 1409 Elnnos
1033 1338 1265 1408 mvlsonnin.

500 1496 671 1578 Μελίτων
690 1499 881 1604 Ὀνησίμιρ
899 1503 950 1604 τῷ
969 1500 1119 1603 ἀδελφῷ
1136 1498 1282 1601 χαίρειν.
1309 1493 1427 1595 ἐπειδὴ
1445 1507 1540 1575 πολ-

415 1623 547 1714 ἐλάκις
561 1631 722 1737 ἠξίωσας
740 1635 883 1736 σπουδῇ
898 1667 943 1736 τη
963 1630 1053 1733 πρὸς
1072 1629 1261 1731 τὸνλόγον
1279 1612 1460 1735 χρῶμενος
1479 1666 1542 1732 γε·

443 1765 568 1845 νέσθαι
587 1799 649 1844 σοι
666 1763 830 1866 ἐκλογὰς,
850 1765 888 1843 ἔκ
906 1800 944 1843 τε
964 1774 1027 1844 τοῦ
1046 1763 1157 1864 νόμου
1174 1769 1232 1844 καὶ
1251 1772 1323 1844 τῶν
1347 1772 1545 1872 προφητῶν

441 1902 521 2000 ’περὶ
540 1907 604 1978 τοῦ
623 1898 791 2000 Σωτῆρος
809 1900 867 1976 καὶ
885 1895 1008 1997 πάσης
1027 1902 1089 1996 τῆς
1114 1901 1271 1981 πίστεως
1295 1899 1407 1997 ἡμῶν
1437 1898 1488 1977 ἔτι
1506 1898 1544 1978 δὲ

443 2034 501 2110 καὶ
518 2037 644 2130 μαθεῖν
668 2029 734 2130 τὴν
752 2038 824 2110 τῶν
847 2040 1014 2111 παλαιῶν
1036 2033 1193 2126 βιβλίων
1215 2031 1415 2132 ἐβουλήθης
1440 2035 1542 2136 ἀκρί-

442 2170 555 2263 βειαν,
587 2165 688 2245 πόσα
721 2164 785 2245 τὸν
818 2165 971 2268 ι’ὶριθμὸν
1003 2167 1060 2243 καὶ
1094 2167 1200 2244 ὁποῖοι
1231 2163 1297 2264 τὴν
1326 2164 1430 2270 τάξιν
1467 2163 1544 2262 εἶεν,

401 2298 656 2379 ῐοέσπυιίδασα
692 2297 734 2380 τὸ
768 2307 908 2380 τοιοῦτο
945 2298 1091 2403 πρᾶξαι,
1124 2296 1359 2396 ἐπιστάμενός
1395 2320 1466 2379 σου
1503 2297 1544 2379 τὸ

443 2436 640 2512 οπουδαΐον
671 2436 754 2535 περὶ
783 2431 849 2531 τὴν
877 2434 1014 2530 πίστιν,
1047 2434 1106 2513 καὶ
1138 2431 1339 2537 φιλομαθὲς
1369 2437 1451 2535 περὶ
1481 2433 1545 2513 τὸν

443 2565 569 2669 λόγον·
599 2566 654 2646 ἕντι
672 2578 711 2648 τε
729 2567 895 2666 μάλιστα
912 2564 1058 2646 πάντων
1076 2566 1178 2674 πόθῳ
1196 2573 1247 2674 τῷ
1264 2568 1356 2670 πρὸς
1373 2566 1437 2649 τὸν
1450 2568 1546 2649 θεὸν

443 2709 554 2781 ταῦτα
577 2701 886 2803 προκρίνεις,περὶ
913 2705 978 2799 τῆς
1002 2702 1144 2780 αἰωνίου
1169 2701 1349 2804 σωτηρίας
1376 2702 1546 2805 ἀγωνιζό-

443 2854 560 2933 μενος.
591 2833 752 2914 ἆνελθῶν
771 2836 833 2915 οὖν
851 2842 899 2919 είς
917 2835 984 2935 τὴν
1002 2835 1192 2933 ἀνατολὴν,
1207 2838 1264 2913 καὶ
1278 2837 1343 2919 ἕως
1356 2845 1420 2915 τοῦ
1433 2835 1546 2918 τόπου

398 2966 632 3071 15γενιίηιιενος
669 2966 755 3049 ἔνθα
791 2969 969 3074 ἐκηρύχθη
1003 2973 1062 3048 καὶ
1092 2966 1266 3073 ἐπράχθη,
1299 2972 1356 3047 καὶ
1390 2972 1546 3071 ἀκριβῶς

444 3104 569 3202 μαθὼν
604 3101 651 3182 τὰ
687 3107 750 3200 τῆς
788 3103 945 3186 παλαιᾶς
983 3101 1150 3201 διαθήκης
1187 3102 1327 3199 βιβλία,
1365 3101 1547 3209 ὑποτάξας

445 3235 592 3342 ἔπεμψά
620 3264 690 3316 σοι·
732 3234 783 3317 ὧν
814 3240 893 3317 ε’στὶ
926 3237 973 3317 τὰ
1004 3236 1174 3336 ὀνόματα·
1213 3237 1404 3321 Μωῦσέως
1431 3238 1545 3318 πέντε·

446 3372 602 3469 Γένεσις,
629 3368 798 3477 Ἔξοδος,
820 3373 998 3474 Ἀριθμοὶ,
1030 3368 1225 3469 Λευιτικὸν,
1255 3372 1547 3476 Δευτερονόμιον,

487 3604 596 3663 Melito
617 3604 758 3664 Onesimo
784 3606 868 3664 fratri
893 3607 971 3665 salu·
1020 3626 1102 3685 gren:
1129 3616 1217 3683 teque
1241 3606 1386 3685 principue
1410 3608 1448 3665 ob
1467 3627 1547 3666 nmo-

400 3702 437 3742 πο
446 3696 517 3745 tem.
556 3686 633 3743 Cum
647 3704 701 3763 pro
715 3705 812 3743 amore
826 3704 859 3744 ac
873 3686 972 3744 studio
1021 3707 1082 3745 rem
1110 3686 1169 3744 Dei
1204 3686 1260 3744 ista
1295 3686 1430 3745 omnibus
1460 3688 1548 3746 rebus

447 3778 500 3824 tno
517 3769 586 3843 erga
606 3766 727 3823 verbnm
745 3765 813 3831 Dei,
829 3766 972 3843 soepiusn
1022 3766 1177 3833 anteferre,
1199 3785 1253 3844 pro
1275 3776 1424 3843 nomperto
1445 3766 1547 3832 habeo,

445 3864 493 3903 me
527 3843 729 3923 postulaveris,
766 3855 801 3903 ut
835 3856 973 3924 exoerpta
1022 3857 1053 3904 et
1089 3854 1204 3904 nternae
1242 3845 1344 3903 salutis
1383 3845 1549 3903 obtinendoe

446 3922 578 4001 quoednm
607 3922 732 4002 exlege
760 3934 791 3983 et
816 3919 876 3981 Pro
896 3924 973 3982 hetin
1023 3922 1109 3983 cansa
1146 3924 1304 3983 decertare.
1358 3924 1424 4000 Ego
1457 3924 1549 4002 igitur

446 4023 511 4080 qun
532 4002 570 4062 nd
590 4002 774 4063 Servatorem
793 4014 823 4062 et
906 4006 971 4062 uni·
1024 4025 1089 4063 cum
1112 4004 1144 4061 in
1166 4004 1307 4061 orientem
1332 4004 1481 4081 profectus
1503 4023 1548 4062 es-

399 4099 557 4160 25vernnm
593 4081 680 4141 fidem
715 4094 842 4142 nostram
881 4086 973 4162 perti.
1024 4104 1093 4149 nem,
1110 4093 1140 4141 et
1161 4082 1198 4139 nd
1215 4081 1312 4139 locum
1331 4083 1425 4160 ipsum
1446 4102 1548 4160 perve-

445 4173 527 4231 nent,
557 4160 611 4221 tibi
636 4183 838 4242 componerem
849 4186 859 4233 ,-
894 4183 973 4221 cum·
1024 4164 1139 4231 nissem,
1164 4164 1194 4219 in
1222 4180 1281 4236 qun
1306 4163 1367 4219 haec
1386 4173 1416 4219 et
1443 4162 1548 4239 praedi·

446 4262 504 4319 que
529 4241 621 4301 libros
653 4243 759 4301 veteris
791 4243 972 4301 Testamenti
1024 4253 1087 4300 enta
1101 4251 1131 4300 et
1145 4252 1226 4319 gesta
1240 4239 1308 4297 olim
1324 4241 1454 4308 fuerunt,
1470 4253 1549 4300 vete·

446 4330 580 4381 noeurnte
618 4340 791 4399 eognoscere
834 4323 972 4401 concupi·
1024 4322 1064 4379 ris
1082 4320 1264 4379 Testamenti
1284 4319 1371 4379 libros
1394 4321 1549 4399 diligenter

446 4402 531 4468 verit,
547 4412 620 4478 quot
640 4421 772 4470 numero,
787 4412 817 4461 et
837 4421 896 4478 quo
915 4402 974 4461 nint
1025 4401 1123 4466 didici,
1145 4420 1305 4476 eorumque
1327 4400 1450 4459 indicem
1473 4401 1550 4460 infra

398 4496 438 4552 30
447 4480 548 4539 ordine
579 4481 745 4559 nonncripti,
776 4481 806 4539 id
834 4480 972 4559 perticere
1025 4482 1188 4557 subjectum
1203 4479 1239 4537 ad
1258 4491 1288 4537 te
1307 4481 1382 4538 misi.
1426 4481 1483 4539 Est
1497 4503 1548 4540 au·

447 4561 526 4618 omni
567 4560 667 4619 studio
704 4561 842 4619 laboravi.
904 4560 973 4619 Scio
1023 4573 1082 4619 tem
1098 4559 1251 4637 ejusmodi.
1275 4560 1369 4619 Motis
1382 4561 1449 4619 libri
1463 4562 1549 4637 quin.

448 4639 556 4718 quippe
600 4652 690 4699 unnto
714 4639 782 4699 fidei
807 4639 919 4706 artiore,
942 4651 974 4700 et
1024 4661 1090 4718 que,
1119 4640 1250 4706 Genesin,
1278 4639 1410 4703 Exodun.
1436 4641 1549 4698 Leviti-

449 4730 557 4794 qunntn
602 4721 608 4735 ⁸
659 4719 709 4779 ndi
739 4719 899 4797 cupiditate
923 4720 973 4778 fln·
1025 4741 1085 4786 cun,
1111 4720 1247 4787 Numeri,
1276 4720 1550 4780 Deuteronominm.
