3809 5650
521 692 585 751 428
889 686 1248 750 ANNOTATIONES

523 856 572 917 lbi
599 875 690 917 versu
715 852 827 916 ultimo
849 853 1047 916 Moshemius
1071 854 1138 918 vult
1164 855 1267 938 legero
1290 854 1341 916 essi
1363 875 1421 936 pro
1445 854 1530 936 quio,
1547 853 1625 915 dum

521 955 574 1018 ulii
597 954 733 1016 fortasse
755 951 867 1015 melius
890 960 1064 1035 posuerunt
1083 955 1145 1037 qni.
1192 954 1255 1016 Sed
1275 953 1336 1016 huo
1356 974 1391 1016 re
1412 952 1626 1026 misse,istoee

521 1054 658 1118 seribere
683 1052 731 1114 vir
755 1051 795 1114 ol.
821 1052 943 1135 pergit:
971 1052 1159 1136 “Reliquos
1183 1060 1324 1116 veterum
1348 1053 1389 1116 de
1414 1051 1550 1126 Hermu,
1573 1050 1624 1112 Pii

523 1162 542 1190 “
557 1154 670 1227 fratre,
685 1153 783 1228 loeos,
798 1159 835 1215 ut
850 1174 922 1215 oum
937 1152 1134 1215 Tertulliano
1148 1174 1278 1236 prorsus
1291 1152 1471 1216 consentire
1486 1160 1520 1214 et
1539 1151 1569 1214 ei
1590 1150 1626 1213 li·

522 1262 544 1290 “
560 1254 652 1316 bruun
668 1251 813 1315 Pastoris
828 1252 980 1328 tribuere,
994 1252 1138 1324 dooesm,
1148 1273 1275 1315 neeesse
1289 1274 1353 1314 non
1368 1253 1448 1315 est.”
1484 1250 1627 1332 (Librum

524 1351 736 1432 Ponlefloolsm
750 1358 784 1414 et
798 1350 1024 1433 Martyrolopio
1035 1350 1102 1414 vult
1116 1351 1242 1434 signore
1255 1351 1477 1434 Moshemius)
1510 1359 1532 1387 “
1543 1352 1625 1412 Tee-

525 1461 543 1488 “
564 1459 629 1514 tem
643 1451 728 1514 onim
743 1450 828 1513 bone
841 1450 972 1512 fortune
985 1470 1104 1531 peuoos
1115 1457 1190 1512 ente
1200 1470 1302 1512 nunes
1316 1448 1409 1512 nobis
1421 1449 1558 1512 adduxit
1571 1470 1626 1511 ex·

525 1562 545 1591 ‘⁴
561 1553 707 1635 oeptione
727 1552 881 1633 majorem
900 1562 933 1613 et
949 1551 1081 1612 Hermoe
1103 1558 1216 1613 nostro
1239 1550 1404 1632 aequalem,
1421 1550 1474 1632 qui
1500 1569 1625 1612 omnem

524 1661 545 1689 “
561 1658 655 1715 extre
665 1650 912 1714 oontroversiem
927 1651 1028 1733 ponit,
1041 1652 1211 1725 Puderet,
1222 1671 1315 1733 quem
1331 1650 1495 1724 hebemus,
1510 1649 1627 1712 soeoulo

526 1760 546 1790 “
562 1751 701 1814 secundo
722 1773 743 1812 e
768 1749 830 1825 Pii,
854 1749 990 1812 Romani
1014 1749 1160 1832 episeopi‚
1185 1749 1296 1824 fratre,
1319 1749 1534 1832 oonsoriptum
1556 1770 1627 1812 esse

527 1859 549 1889 “
562 1850 639 1932 (vid,
665 1871 762 1934 supro
793 1871 866 1934 pag.
882 1850 975 1933 396.)
991 1886 1077 1899 —-
1089 1850 1130 1911 ln
1160 1848 1220 1910 hoo
1255 1848 1353 1931 igitur
1386 1849 1494 1931 magni
1531 1848 1626 1931 pretii

527 1959 545 1988 ‘⁴
560 1951 740 2034 fragmento
760 1950 829 2012 heee
850 1949 889 2012 de
907 1950 1028 2012 Herma
1047 1949 1169 2032 scripta
1187 1949 1353 2032 leguntur:
1377 1951 1537 2012 Pastorem
1557 1970 1628 2011 veru

526 2061 548 2090 ‘⁶
562 2052 741 2134 nuperrime
756 2050 954 2133 temporibus
969 2049 1087 2113 nostris
1100 2051 1136 2112 iu
1149 2048 1221 2112 urhe
1235 2050 1334 2112 Boreo
1349 2049 1468 2111 Herma
1478 2070 1627 2132 συνωρ-

527 2160 549 2189 “
565 2151 616 2225 sit,
630 2150 744 2212 mdeste
756 2149 901 2211 miledra
916 2148 1001 2212 urbis
1019 2151 1123 2212 Romo
1137 2148 1282 2211 Eoolesioe
1297 2150 1355 2211 Pio
1368 2149 1513 2233 epsicopo,
1520 2149 1628 2230 fratre

528 2258 549 2287 ‘⁴
564 2249 635 2330 oyiss.
681 2247 763 2310 Haee
777 2247 938 2311 luesrlents
953 2255 1038 2323 sunt,
1055 2269 1241 2331 omnemque
1252 2249 1390 2311 virorum
1405 2249 1573 2312 dootorum
1587 2249 1628 2311 de

529 2357 548 2384 “
563 2348 695 2410 Hermae
721 2354 831 2420 atate,
855 2346 933 2421 loeo,
957 2346 1146 2424 eonditioue,
1170 2347 1416 2431 disputationem
1441 2348 1628 2411 terminent.

530 2457 548 2484 “
565 2446 747 2510 Suooedunt
761 2445 825 2509 ulie
835 2446 932 2509 verbe
947 2467 1010 2509 non
1025 2447 1129 2512 minus
1138 2447 1436 2519 commemorabilia.
1446 2471 1486 2511 ex
1502 2448 1628 2531 quibus,

530 2557 548 2586 ‘⁴
565 2569 628 2631 quo
642 2547 711 2609 looo
725 2553 760 2610 et
775 2567 906 2609 numero
922 2549 1064 2610 Hermes
1076 2548 1108 2609 iu
1125 2549 1256 2612 eoelesie
1272 2548 1389 2612 Latine
1403 2549 1478 2613 olim
1495 2549 1628 2612 hebem-

530 2658 550 2685 “
565 2656 630 2724 tur,
644 2654 782 2712 oonstet.
827 2647 1018 2710 Exoluditur
1032 2647 1083 2710 ille
1099 2650 1219 2711 Oenone
1233 2670 1288 2712 seu
1304 2670 1433 2713 numero
1452 2649 1629 2713 divinorum

529 2760 551 2788 “
566 2750 730 2826 librorum,
746 2770 810 2811 non
825 2749 951 2832 quidem
966 2747 1059 2811 nimis
1079 2748 1242 2833 eleganter
1256 2756 1289 2812 et
1304 2749 1447 2813 emtione
1464 2749 1629 2826 ooneims,

531 2859 551 2886 “
565 2872 673 2914 verum
687 2850 851 2933 perspioue
865 2857 975 2912 temen
989 2856 1023 2912 et
1038 2848 1210 2912 evidenter.
1254 2850 1300 2913 Et
1316 2850 1384 2914 ideo
1403 2850 1460 2935 1ῳί
1477 2872 1543 2913 oses
1562 2850 1631 2933 qui·

530 2947 990 3034 “demoportet,sepeblioore
1008 2970 1076 3011 vero
1099 2950 1133 3016 ie
1155 2950 1277 3014 eeclesia
1293 2951 1416 3034 populo,
1440 2972 1532 3035 nsque
1550 2952 1633 3014 inter

533 3050 724 3134 “ps-opletas
746 3048 920 3131 completum
941 3069 1073 3124 numero,
1098 3070 1189 3133 usque
1213 3051 1293 3113 ister
1314 3051 1468 3135 Apostolos
1486 3052 1521 3114 it
1535 3054 1632 3133 finan

531 3161 551 3189 ‘¹
567 3162 731 3235 torperem
748 3159 854 3233 polest.
898 3149 959 3212 Ait
978 3150 1125 3233 scriptor,
1142 3151 1289 3233 privatim
1308 3151 1436 3234 quidem
1456 3173 1478 3215 u
1495 3151 1555 3235 piis
1575 3152 1632 3214 ho-

533 3261 551 3288 “
566 3252 705 3314 minibus
719 3250 780 3334 legi
795 3270 887 3333 posse
903 3250 1069 3325 Pastorem,
1080 3258 1177 3334 neget
1192 3271 1267 3313 vero
1278 3273 1350 3313 eum
1361 3251 1394 3314 in
1405 3251 1512 3334 populi
1525 3250 1631 3315 Chris·

533 3360 552 3387 “
567 3351 648 3415 tinni
663 3350 811 3413 eonoione
825 3349 887 3432 legi
902 3349 1021 3411 debere
1031 3356 1065 3411 et
1076 3371 1178 3432 neque
1193 3351 1421 3434 prophetorum
1436 3373 1539 3435 noque
1552 3372 1630 3434 spo·

533 3459 553 3486 “
569 3448 722 3511 stolorum
736 3447 825 3509 libris
846 3447 941 3529 adjici
962 3469 1064 3529 posse.
1109 3448 1314 3513 Houorifieus
1335 3460 1384 3514 est
1404 3450 1455 3513 hie
1475 3452 1562 3513 loeus
1582 3472 1632 3513 ee-

414 3561 419 3569 ’
534 3558 553 3586 “
569 3547 671 3611 elesiis
687 3546 820 3621 Latinis,
837 3545 969 3628 plusque
983 3547 1016 3608 in
1030 3547 1091 3609 illis
1112 3548 1276 3631 sapientise
1297 3558 1330 3612 et
1350 3550 1506 3613 cautionis
1525 3550 1632 3625 fuisse,

534 3657 554 3687 “
573 3668 669 3730 quem
683 3648 716 3710 in
728 3646 863 3721 Graeeis,
874 3667 1008 3729 quorum
1018 3647 1176 3731 plerisque
1187 3650 1351 3733 prophetis
1362 3658 1395 3712 et
1405 3650 1558 3733 apostolis
1568 3671 1634 3712 nen

535 3747 700 3811 “inferior
715 3748 857 3810 Hermus
872 3746 957 3809 visus
971 3746 1042 3823 fuit,
1058 3748 1499 3813 demonstrate—Verbum
1516 3751 1634 3815 eddom

535 3858 554 3885 “
569 3850 610 3912 de
629 3849 764 3924 ratione,
780 3868 844 3931 que
867 3869 901 3910 ee
915 3845 974 3909 viri
995 3847 1081 3911 dooti
1103 3849 1303 3930 potissimum
1322 3850 1440 3912 moveri
1459 3851 1582 3926 dieunt,
1596 3858 1635 3914 ut

536 3957 556 3984 “
571 3948 737 4023 Hermam,
753 3947 894 4011 Pastoris
907 3954 1083 4022 suaet-em,
1098 3948 1141 4010 eb
1158 3950 1290 4025 Hermu,
1302 3949 1352 4011 Pii
1363 3949 1522 4032 pontifieis
1532 3950 1635 4013 frene

534 4058 557 4085 “
571 4047 782 4132 distinguunt.
818 4049 859 4110 In
872 4046 951 4111 utro
962 4047 1156 4132 Ponts'flcole’,
1172 4050 1390 4131 nonnullisque
1404 4050 1474 4113 aliis
1490 4058 1635 4113 veterum

535 4149 709 4232 “‚seriptiu
725 4147 813 4211 leons
828 4147 957 4229 quidem
972 4168 1013 4209 ex
1028 4147 1168 4221 Hermae‚
1186 4148 1236 4211 Pii
1251 4149 1369 4225 fratris,
1386 4149 1468 4212 hero
1489 4150 1540 4212 oui
1557 4150 1636 4213 Pus»

535 4256 557 4286 “
571 4249 652 4311 toris
670 4248 801 4311 titulum
820 4248 964 4322 dederet,
980 4248 1166 4329 producitur
1186 4249 1226 4311 de
1241 4249 1393 4312 Pesclato
1410 4249 1463 4311 de
1475 4250 1638 4313 Demisieo

537 4357 558 4386 “
574 4348 774 4423 celebrando,
787 4369 880 4430 quem
893 4347 1014 4409 irristru
1028 4346 1061 4408 in
1076 4348 1203 4410 Pastore
1213 4348 1356 4424 Hermae,
1368 4348 1421 4430 qui
1435 4349 1477 4411 ad
1492 4370 1550 4410 nos
1564 4370 1636 4431 per-

539 4455 558 4481 “
569 4447 666 4522 venit,
680 4446 858 4530 qmrimus.
903 4446 981 4508 Vid.
996 4445 1051 4508 Jo.
1069 4446 1141 4508 Alb.
1160 4447 1298 4510 Fabricii
1323 4448 1420 4510 Codse
1435 4448 1637 4531 Apoeryplus

539 4553 560 4582 “
576 4545 658 4608 Novi
670 4547 812 4610 Teutam.
822 4555 901 4609 tom.
915 4546 958 4609 iii.
970 4569 1042 4630 psg.
1054 4550 1127 4626 761.
1162 4548 1212 4610 Er
1224 4548 1284 4611 hoe
1294 4547 1456 4630 eolligunt,
1467 4548 1634 4623 Hermam,

539 4643 625 4705 “Pii
650 4644 793 4721 fratrem,
814 4646 929 4707 librum
954 4646 1116 4729 reliquisse
1139 4669 1161 4710 s
1184 4656 1294 4711 nostro
1313 4650 1441 4710 Parcere
1465 4647 1634 4710 diversum.
