3809 5650
626 691 673 756 ΙΝ
698 692 952 756 MELITONIS
977 691 1281 756 FRAGMENTA.
1443 694 1507 762 129

398 861 484 923 euim
502 860 674 925 Christiani
698 861 905 946 pertinaciam
928 870 962 925 et
984 862 1198 926 constentiam
1222 862 1254 925 in
1282 864 1452 927 tormentis
1473 872 1509 928 et

400 961 565 1024 calumniis
579 963 785 1046 perimendis.
818 963 913 1027 Certe
928 985 991 1026 uon
1007 964 1047 1027 de
1062 964 1133 1028 aliis
1148 985 1243 1047 quarn
1259 965 1299 1027 de
1314 965 1508 1030 Christianis

400 1061 476 1146 ipsis
504 1062 573 1126 haec
597 1063 694 1126 verbs
716 1063 921 1148 intelligenda
946 1086 1024 1137 esse,
1050 1087 1089 1127 ex
1119 1065 1324 1148 sequentibus
1353 1074 1505 1151 spperet.

401 1163 491 1227 Petit
512 1164 596 1228 enim
610 1165 652 1227 ab
676 1165 876 1248 Imperatore
897 1165 1021 1241 Melite,
1038 1174 1076 1230 ut
1098 1166 1353 1232 Christianorum
1376 1189 1506 1232 seusam

399 1265 488 1347 prius
502 1265 569 1349 ipse
584 1289 641 1350 per
655 1288 690 1330 se
706 1267 860 1351 dispicere
875 1275 973 1351 utque
988 1268 1171 1331 examinare
1186 1269 1282 1344 velit3
1308 1276 1378 1333 tum
1394 1268 1508 1335 deiude

399 1374 537 1445 statuet,
552 1376 660 1432 utrum
675 1367 828 1453 supplicio
844 1369 1000 1431 efficiendi
1015 1370 1090 1445 siut,
1106 1392 1148 1432 an
1163 1370 1271 1453 potius
1286 1371 1507 1435 conservandi.

401 1467 566 1532 Vnuesrus.
614 1469 729 1533 Melite
746 1478 820 1554 post
835 1471 956 1545 scribit,
978 1469 1030 1551 ἀφ’
1050 1473 1091 1533 ὧν
1113 1472 1159 1534 καὶ
1180 1472 1213 1534 τὸ
1234 1477 1285 1550 τῆς
1303 1470 1509 1554 wascones

399 1570 503 1655 ἀλόγῳ
529 1573 671 1655 συνηθείᾳ
696 1573 764 1652 περὶ
792 1576 902 1635 ΤΟΎΣ
931 1576 1169 1635 ΤΟΙΟΊὝΟΎΣ
1198 1576 1303 1653 ῥυῆναι
1329 1573 1507 1653 συμβέβηκε

399 1678 521 1752 ψεῦδος.
556 1672 708 1737 Fortasse
723 1685 830 1736 temen
847 1673 959 1736 melius
974 1673 1164 1736 vertendum
1179 1674 1285 1747 suerit,
1306 1675 1379 1738 talis
1393 1684 1508 1738 conton-

399 1773 500 1847 ts'orsss,
516 1796 571 1837 seu
589 1774 805 1847 mntrossrsioe,
822 1773 870 1837 vel
885 1774 1100 1858 disputationis
1113 1785 1255 1839 auctores.
1291 1775 1403 1839 Habet
1424 1775 1509 1840 infre

399 1873 433 1938 S.
450 1875 669 1951 Arouurunnrs,
690 1895 721 1958 p.
740 1876 810 1937 160.
826 1875 855 1936 ὁὶ
870 1873 905 1937 δι’
928 1877 1056 1955 ἆγοοίαν
1070 1882 1277 1956 φιλονεικοῦσι
1296 1877 1363 1957 περὶ
1380 1878 1503 1942 τούτων.

401 1974 481 2037 Mox
496 1975 589 2039 abest
603 1973 621 2053 ἢ
636 1997 654 2037 a
668 1977 763 2038 Mssa
778 1975 869 2038 Bodl.
888 1984 921 2040 et
936 1978 985 2040 καὶ
1001 1980 1028 2040 εἰ
1047 1998 1105 2061 pro
1119 1975 1138 2056 ἢ
1153 1978 1252 2042 hebet
1272 1979 1347 2042 Me.
1362 1978 1504 2063 Norsob.

399 2075 578 2161 legiturque
593 2076 625 2138 in
641 2076 701 2139 hoc
717 2077 825 2140 codiee
842 2077 904 2140 εἶεν
916 2099 976 2161 pro
992 2081 1055 2141 dcl
1074 2128 1080 2142 .

446 2178 529 2240 lbid.
544 2178 565 2240 l.
585 2198 633 2241 11.
656 2181 736 2258 παρὰ
752 2183 808 2242 σοῦ
822 2179 862 2256 μὴ
875 2180 948 2257 sini]
962 2180 1062 2258 βουλὴ
1078 2181 1165 2262 αὕτη]
1189 2184 1270 2261 παρὰ
1291 2186 1348 2244 σοῢ
1368 2181 1404 2244 τὸ
1419 2186 1506 2260 σῶμα

399 2284 440 2364 τῷ
459 2281 528 2359 πυρὶ
551 2281 652 2360 ἐπαφῇ
675 2279 805 2363 Nicspl.
851 2280 901 2342 At
923 2287 1067 2343 nostrum
1092 2281 1259 2345 lectionem
1279 2288 1398 2366 prseter
1418 2282 1503 2346 codd.

400 2403 524 2467 quoque
544 2382 675 2464 Rufinus
689 2382 811 2445 habuit.
858 2381 961 2444 Porro
982 2403 1079 2466 supra
1101 2383 1187 2466 apud
1204 2383 1341 2446 eundem
1355 2383 1505 2468 Niosplso

398 2504 467 2545 rum
482 2505 543 2546 vox
557 2486 652 2563 μόνην
672 2491 745 2567 post
760 2483 863 2560 δέησιν
878 2495 928 2546 est
949 2483 1064 2566 posits..
1113 2483 1193 2545 Mox
1208 2493 1282 2567 post
1296 2484 1403 2563 πρέπει
1423 2482 1503 2548 idem

398 2584 490 2648 eddit
518 2587 672 2665 πρότερον,
696 2606 734 2648 ao
760 2606 818 2668 pro
848 2585 926 2647 πολὺ
949 2589 1069 2662 μᾶλλον
1099 2583 1198 2647 habet
1233 2588 1339 2669 πολλῷ
1371 2590 1502 2664 μᾶλλον.

399 2686 533 2749 Srnorn.

443 2786 526 2851 Ibid.
544 2786 629 2871 l.15.
646 2789 680 2850 ἐιι
689 2786 858 2867 βαρβάροις
872 2785 1022 2872 ἤκμασεν]
1040 2785 1092 2850 Sic
1104 2785 1248 2850 nominet
1260 2785 1282 2850 J
1285 2786 1402 2864 udseos‚
1414 2787 1501 2871 apud

398 2910 478 2972 quos
488 2888 624 2973 primum
634 2895 746 2951 exorta
757 2896 807 2951 est
818 2887 1001 2952 Christiano
1012 2887 1133 2972 religio.
1179 2888 1289 2969 Atque
1298 2886 1346 2951 ite
1360 2886 1503 2970 loquitur

398 2989 496 3053 etism
512 2989 536 3052 J
539 2988 662 3052 ustinus
683 2987 716 3050 iu
739 2986 950 3071 Apologetioo
964 2988 997 3050 ni
1012 2987 1114 3062 fallor,
1131 2995 1165 3051 et
1180 2986 1325 3050 Clemens
1337 2986 1501 3051 Romanus

398 3089 431 3152 in
446 3090 527 3152 libro
540 3090 567 3152 Ι.
583 3088 860 3172 Recogniticnum.
907 3088 993 3152 Hine
1008 3097 1058 3153 est
1073 3090 1156 3172 quod
1174 3088 1371 3171 Porphyrius
1394 3087 1501 3151 Chris-

398 3190 558 3255 tianorum
567 3197 687 3253 sectam
696 3190 837 3274 appellet
847 3189 1008 3270 βάρβαρον
1023 3192 1168 3269 τόλμημα.
1208 3192 1315 3252 Locus
1331 3189 1501 3273 Porphyrii

398 3292 518 3356 citetur
538 3291 580 3354 sb
601 3291 740 3354 Eusebio
760 3290 793 3353 iu
815 3290 897 3353 libro
919 3291 960 3354 vi.
981 3291 1075 3376 hujus
1096 3290 1201 3374 operis
1229 3291 1314 3374 (sep.
1341 3295 1403 3373 19.)
1427 3311 1499 3374 pag.

400 3412 473 3457 220.
496 3393 664 3455 Vnussrus.

443 3494 526 3557 Ibid.
541 3494 563 3557 l.
579 3497 629 3557 16.
651 3499 712 3559 τοῖς
732 3500 798 3559 σοῖς
821 3494 934 3577 ἔθνεσι]
960 3494 1067 3558 Vertit
1089 3493 1233 3570 Rufinus,
1257 3493 1440 3557 Introdzwsa
1461 3501 1503 3557 stt

397 3607 497 3659 sctsm
511 3597 604 3660 otiam
618 3597 767 3659 Romam
781 3605 886 3659 nsstroe
899 3596 1128 3673 αοιιοονοοιὶαοι,
1145 3595 1235 3679 qucsi
1251 3595 1400 3658 nimirum
1415 3595 1499 3659 ἔθεσι

398 3698 536 3782 legisset.

443 3800 481 3863 P.
503 3817 574 3881 117.
600 3798 621 3864 l.
641 3819 672 3883 3.
695 3797 825 3880 γέγονάο
846 3801 946 3862 τεκαὶ
966 3800 1022 3878 ἔσῃ
1042 3803 1117 3878 μετὰ
1136 3803 1189 3862 τοῦ
1212 3799 1331 3884 παιδὸς]
1368 3797 1419 3859 Ex
1440 3796 1500 3860 hoe

399 3901 467 3964 loco
481 3908 616 3985 apparet
627 3899 815 3963 Melitonem
827 3899 1022 3984 Episcopum
1034 3900 1224 3984 Apologinm
1241 3920 1331 3962 susm
1346 3896 1499 3960 obtulisse

401 4002 447 4064 M.
464 4001 631 4066 Antonino
646 4009 720 4085 post
741 4009 878 4065 mortem
903 4001 1023 4065 Aurelii
1041 4002 1125 4064 Veri.
1171 4000 1254 4063 Nem
1281 3998 1307 4061 si
1329 3997 1501 4082 superstite

398 4103 502 4166 adhuc
518 4102 652 4166 Aurelio
668 4102 765 4179 Vero,
782 4102 959 4165 orationem
981 4102 1064 4164 lianc
1079 4099 1257 4183 scripsisset
1273 4096 1397 4173 Melite,
1413 4118 1499 4160 meu-

398 4205 519 4268 tionem
540 4204 623 4267 illius
645 4203 852 4289 proculdubio
867 4204 994 4267 lecisset
1010 4203 1069 4265 hoo
1084 4202 1174 4272 looo;
1199 4206 1233 4262 et
1248 4220 1305 4282 pro
1320 4197 1424 4260 verbis
1439 4198 1500 4262 illis

398 4309 472 4385 μετὰ
487 4310 540 4369 τοῦ
553 4303 666 4378 παιδὸς,
691 4305 823 4369 dixisset
843 4305 972 4368 omnino
992 4307 1067 4384 μετὰ
1087 4307 1139 4365 τοῦ
1161 4303 1305 4381 ἀδελφοῦ.
1350 4298 1434 4361 Nem
1456 4300 1496 4362 L.

399 4408 550 4470 Aurelius
573 4408 674 4470 frater
696 4406 757 4470 l'uit
779 4407 947 4490 adoptivus
964 4408 1006 4469 D.
1026 4404 1138 4468 Marci.
1184 4403 1264 4467 Cum
1286 4401 1384 4486 igitur
1398 4400 1499 4464 solum

401 4509 504 4572 Marci
519 4508 676 4572 Antonini
691 4506 799 4584 filium,
815 4507 1023 4570 Commodum
1039 4504 1184 4569 videlicet
1203 4502 1254 4566 hic
1269 4510 1492 4569 commemoret

402 4609 526 4687 Melito,
541 4616 695 4694 optetque
706 4616 743 4672 ut
753 4630 824 4671 cum
839 4608 893 4671 illo
908 4630 1004 4691 quum
1016 4607 1192 4671 diutissime
1201 4605 1336 4689 imperet
1347 4603 1497 4675 Marcum

400 4710 602 4775 menifestum
621 4718 680 4783 est,
701 4716 738 4772 ut
757 4709 834 4784 dixi,
851 4710 935 4773 hunc
952 4708 1196 4793 Apologetioum
1217 4710 1440 4790 postmortem
1458 4706 1497 4766 L.

445 4835 513 4875 VOl..
531 4836 550 4876 Ι.
941 4837 957 4871 8
