3809 5650
543 673 594 737 IN
619 669 869 736 MELl'l'ONlS
897 665 1193 731 FRAGMENTA.
1361 663 1425 727 137

365 838 446 901 lbid.
470 839 518 899 sai
542 840 576 898 τὰ
599 838 665 915 περὶ
689 840 842 900 πολιτείας
864 835 912 896 καὶ
933 831 1106 915 προφητῶν]
1132 830 1218 892 Male
1240 829 1373 891 Rufinus
1391 838 1424 891 et

319 940 626 1024 christophorsonus
647 961 687 1001 ex
710 960 774 1000 uno
798 935 964 999 Melitonis
986 934 1066 996 libro
1089 934 1168 994 ‹luos
1188 933 1352 1004 lecerunt;
1376 931 1422 994 al-

319 1051 422 1105 terum
444 1042 485 1103 de
508 1050 597 1103 recta
619 1038 879 1102 conversatione:
902 1036 1038 1098 alterum
1062 1035 1102 1096 de
1124 1034 1309 1118 prophetis;
1334 1034 1423 1117 quasi

319 1142 350 1205 in
366 1143 480 1206 Graeeo
497 1142 655 1223 legeretur
669 1140 719 1202 rai
738 1140 773 1200 τὸ
793 1139 861 1215 περὶ
880 1142 1049 1215 προφητῶν.
1067 1136 1129 1217 (ita
1145 1138 1237 1198 Lair.
1255 1134 1424 1218 Clarietopli.

321 1242 431 1307 Habet
445 1241 547 1325 Slqur.
564 1241 641 1303 edit.
656 1241 706 1301 rol
721 1239 755 1300 rb
770 1240 837 1317 περὶ
849 1238 1001 1302 πολιτείας
1017 1239 1064 1298 καὶ
1079 1243 1250 1315 προφητῶν,
1271 1244 1304 1300 et
1324 1237 1371 1298 καὶ
1389 1237 1423 1297 τὸ

318 1346 385 1423 περὶ
395 1370 426 1406 π.
439 1343 508 1407 cod.
523 1343 603 1405 Par.
622 1346 666 1419 a.)
702 1340 764 1401 Sed
778 1360 849 1400 curn
863 1339 895 1401 in
906 1338 1054 1401 omnibus
1065 1338 1192 1421 scriptis
1203 1337 1374 1411 codicibus,
1391 1346 1424 1399 et

317 1447 404 1530 apud
419 1445 645 1528 Nicephorum,
657 1464 720 1504 non
736 1441 798 1504 alia
815 1440 909 1505 lectio
925 1440 1102 1524 reperiatur
1117 1460 1212 1522 quam
1228 1461 1267 1501 ea
1278 1460 1347 1521 qua
1360 1438 1423 1500 rul-

318 1558 395 1632 gata
419 1555 479 1618 est,
505 1545 619 1607 merito
642 1544 765 1606 illorum
787 1543 981 1605 sententiam
1005 1550 1039 1604 et
1057 1541 1355 1623 interpretationem
1376 1562 1423 1602 re

314 1649 450 1735 jicimus
492 1646 586 1708 addc
601 1644 685 1727 quod
702 1644 918 1725 Hieronymus
933 1643 965 1705 in
981 1640 1034 1703 lib.
1045 1642 1085 1704 de
1097 1641 1304 1724 scriptoribus
1316 1641 1423 1704 Eccle-

318 1748 464 1815 siaetieis.
476 1747 528 1831 qui
545 1769 582 1808 ex
601 1745 730 1807 Eusebii
743 1745 877 1807 historia
893 1751 982 1806 totus
998 1743 1062 1804 lere
1077 1742 1254 1824 descriptus
1270 1742 1422 1806 osthane

320 1849 485 1914 Melitonis
497 1849 610 1911 librum
623 1848 659 1910 de
672 1848 735 1909 cito
743 1847 965 1930 ρννρίιοίοιιινι
979 1844 1108 1907 inscribi
1125 1843 1212 1905 dicit.
1261 1844 1298 1904 ln
1316 1843 1423 1905 codice

320 1954 405 2017 Mal.
421 1959 456 2015 et
473 1951 562 2012 Med.
581 1949 732 2012 scribitur
745 1951 782 2009 τὰ
797 1949 865 2026 περὶ
879 1952 929 2024 τῆς
949 1948 1112 2020 πολιτείας,
1129 1944 1267 2028 itemque
1289 1944 1320 2005 in
1341 1944 1422 2006 Fuk.

316 2060 351 2117 et
371 2051 541 2117 Saviliano.
568 2053 644 2113 Vsa.
684 2049 843 2112 lnvenisse
867 2048 993 2110 videtur
1019 2045 1231 2128 Hieronymus
1252 2047 1320 2125 περὶ
1337 2052 1423 2109 πολι.

318 2155 399 2219 τείας
420 2151 467 2215 sai
486 2158 545 2212 τῶν
564 2157 734 2231 προφητῶν.
782 2149 925 2212 Lectioni
941 2148 1063 2211 Valesii
1083 2149 1175 2211 addit
1196 2148 1423 2212 auctoritatem

315 2275 408 2317 suam
422 2252 489 2315 cod.
506 2251 643 2335 Norsole.
685 2251 843 2313 Semloms
858 2252 940 2313 Hiar.
959 2250 1069 2313 [iceles.
1086 2250 1187 2313 Select
1206 2251 1310 2334 cape.
1323 2250 1380 2313 vol.
1394 2251 1422 2312 1.

318 2376 350 2438 p.
359 2373 413 2438 50.
436 2353 675 2438 intelligendam
697 2374 767 2415 esse
787 2359 894 2414 censet
914 2373 971 2435 per
986 2372 1094 2414 vocem
1112 2353 1263 2417 πολιτείας
1277 2352 1423 2435 politiam

317 2454 439 2524 Μοσίος
474 2476 583 2517 vereor
607 2462 714 2516 autem
742 2460 778 2516 ut
804 2475 863 2515 vox
891 2455 1028 2515 πολιτεία
1054 2453 1122 2516 sola
1145 2453 1311 2517 ambulans
1335 2453 1421 2516 istud

315 2555 495 2641 significet;
520 2562 554 2619 et
569 2555 702 2619 forsitan
717 2577 737 2617 a
752 2554 871 2617 solenni
894 2555 1157 2638 interpretatione
1177 2577 1240 2618 non
1255 2565 1305 2618 est
1324 2556 1422 2618 disce·

317 2657 476 2732 deudum3
500 2657 673 2741 quinetiam
696 2658 736 2719 dc
759 2656 923 2740 prophetis
943 2657 1059 2718 veteris
1074 2663 1198 2719 tanturn
1225 2656 1420 2719 Testamenti

319 2755 405 2819 haud
425 2758 601 2842 putaverim
618 2758 669 2821 hic
683 2757 867 2843 exposuisse
889 2757 1088 2820 Melitouem.
1135 2757 1214 2820 Vide
1233 2759 1316 2820 enim
1337 2758 1421 2842 quod

315 2858 463 2942 sequitur
476 2881 551 2922 mor
566 2860 649 2923 infra
663 2860 695 2922 in
711 2866 789 2923 nota
804 2860 846 2922 ad
861 2859 914 2920 lin.
933 2878 982 2942 23.

365 2959 552 3042 lbid.l.19.
573 2963 589 3024 ὁ
609 2962 677 3040 περὶ
698 2964 856 3048 Κυριοκῆς]
883 2960 955 3022 Ηοο
978 2959 1103 3022 nomine
1121 2958 1323 3042 appellarunt
1345 2960 1420 3021 beb-

316 3061 486 3124 domadalc
514 3061 688 3125 llomiuicae
714 3062 951 3125 resurrectionis
981 3061 1097 3122 festum
1126 3067 1202 3123 aute
1233 3060 1419 3123 Melitenam

319 3162 544 3247 Dionysiumve
567 3162 768 3226 Corinthium
790 3163 943 3247 aqualem
968 3162 1045 3246 ejus,
1068 3162 1099 3224 S.
1122 3164 1274 3238 Joannes
1292 3162 1419 3246 Aperi

323 3282 372 3326 ιο.
389 3263 623 3348 discipulusque
646 3265 714 3347 ejus
738 3264 883 3348 lgnatius
905 3264 937 3326 in
956 3264 1058 3346 Epist.
1077 3263 1122 3326 ad
1141 3264 1325 3347 Μοριιιοίος,
1344 3264 1372 3344 φ.
1390 3282 1419 3344 9.

319 3363 380 3443 Qui
396 3365 522 3449 quidem
539 3366 606 3429 dics
621 3388 722 3441 sacer,
737 3388 808 3429 curn
825 3366 1021 3450 Apostolicis
1037 3365 1232 3449 temporibus
1253 3364 1420 3428 institutus

318 3473 413 3540 esset,
428 3475 527 3551 atque
545 3468 659 3531 exinde
682 3468 723 3530 ab
748 3468 893 3531 omnibus
916 3467 1109 3532 Christianis
1132 3468 1326 3543 observatus,
1350 3467 1419 3531 sab

318 3566 440 3644 batum,
461 3570 546 3652 quod
570 3570 760 3654 abrogatum
788 3569 883 3632 fuisso
907 3576 1047 3634 testatur
1072 3571 1103 3634 S.
1126 3571 1245 3635 Paulus
1268 3570 1300 3632 in
1319 3569 1419 3653 Epist.

314 3672 364 3736 ad
384 3671 494 3736 θρίοις.
520 3672 551 3735 ii.
578 3675 623 3734 16.
650 3694 779 3756 prorsus
802 3671 945 3747 exclusit,
970 3674 1024 3735 sod
1048 3673 1163 3736 sensim
1186 3672 1419 3756 gradatimque.

319 3773 523 3858 Quapropter
545 3774 659 3837 Melito
679 3775 710 3836 in
733 3774 813 3836 libro
834 3796 891 3837 suo
911 3776 1087 3839 ostendisse
1109 3776 1285 3839 existimari
1309 3777 1418 3860 possit,

315 3881 472 3956 quantum
489 3875 557 3939 (lies
571 3876 701 3960 primus,
718 3897 786 3951 scu,
802 3884 839 3940 ut
857 3877 991 3959 mystica
1011 3876 1135 3940 ratione
1155 3899 1227 3939 eum
1249 3877 1418 3952 vocabant,

318 3975 386 4038 dies
412 3984 554 4052 octavus,
580 3978 751 4061 septimum
777 3977 860 4039 diem
886 3977 1043 4062 dignitate
1069 3985 1247 4061 praestaret.
1303 3979 1419 4041 Confer

317 4075 420 4159 epia.
436 4076 469 4138 S.
486 4075 644 4141 Barnabze
660 4077 810 4161 adscript.
827 4099 894 4161 cap.
915 4098 964 4161 15.
977 4084 1010 4139 ct
1021 4077 1054 4140 S.
1069 4077 1163 4141 Basil.
1178 4079 1225 4141 M.
1236 4079 1284 4141 De
1294 4079 1420 4161 Spiritu

317 4176 352 4238 S.
369 4198 438 4261 eap.
458 4198 508 4260 27.

359 4276 440 4341 lbid.
466 4282 483 4341 ὁ
504 4280 570 4359 περὶ
594 4283 715 4360 φύσεως
738 4278 922 4363 drepanam]
947 4282 1075 4345 πίστεως
1089 4280 1218 4363 Νἱοορίι.
1236 4280 1289 4365 qui
1313 4282 1420 4346 omisit

317 4382 448 4445 recessi
471 4382 538 4459 περὶ
560 4388 635 4443 ante
658 4381 809 4458 πλάσεως,
829 4389 863 4444 ot
886 4387 976 4444 vetus
999 4381 1155 4465 interpres
1169 4383 1299 4466 Rufinam
1321 4385 1420 4451 habet

316 4482 369 4545 De
381 4482 450 4563 fide
470 4482 612 4557 bominis,
635 4484 681 4546 καὶ
704 4486 720 4545 ὁ
744 4486 811 4564 περὶ
836 4485 933 4547 refert
954 4484 1116 4547 Burtonus
1138 4490 1249 4548 extare
1269 4486 1301 4550 in
1324 4490 1423 4553 coelice

315 4583 405 4646 Mox.
421 4584 477 4646 sed
494 4585 623 4664 καὶπερὶ
644 4585 711 4648 sine
726 4585 860 4647 articulo
877 4586 909 4647 in
925 4584 987 4647 eorl.
1005 4585 1141 4669 Nersolc.
1157 4608 1278 4672 unoque
1294 4591 1331 4653 de
1345 4593 1422 4655 Flo·

317 4684 457 4749 mainis.

361 4807 420 4847 vor
448 4807 469 4847 ι.
871 4810 889 4847 r
