3809 5650
768 704 1068 777 PRAEFATIO.
1367 704 1448 778 xvii

400 914 524 981 neant
551 927 706 981 neccsse
735 915 796 981 est
822 901 1126 1010 plenitudinem,
1157 903 1446 1009 integritatem,

392 1035 699 1143 proprietatem.
758 1036 875 1115 Nam
900 1037 939 1115 si
967 1035 1091 1116 cencel
1116 1038 1296 1116 admissa
1312 1037 1450 1139 suerit

399 1168 485 1247 naec
500 1169 639 1275 impice
643 1167 817 1272 fraudis
831 1170 1001 1263 licentia,
1016 1170 1158 1249 barren
1172 1171 1313 1265 dicere,
1326 1198 1451 1275 qnan-

401 1316 488 1381 tnm
523 1303 809 1383 exscindenda:
838 1316 964 1409 atque
993 1302 1208 1383 abolendae
1242 1300 1449 1411 religionis

394 1438 626 1544 periculam
660 1451 935 1543 caecaequatur.
1001 1437 1101 1517 Haec
1138 1438 1311 1546 scriptor
1344 1439 1449 1517 anti-

401 1597 512 1675 quus
531 1570 583 1649 de
603 1569 744 1649 saeculi
767 1570 832 1650 sui
858 1572 1133 1665 novatoribus
1153 1573 1451 1652 correctoribus

404 1703 597 1784 videlicet
627 1702 836 1812 religionis
870 1705 1030 1797 veteriS,
1063 1705 1370 1813 comicamque,
1402 1718 1449 1785 ut

404 1838 537 1931 aiunt,
578 1836 719 1918 oculos
761 1837 1076 1944 configentibus
1118 1838 1192 1943 qui
1236 1837 1449 1917 Sacrorum

404 1970 709 2077 Scripturarum
742 1971 936 2077 dogmata
962 1984 1005 2051 et
1039 1999 1145 2050 verae
1179 1969 1451 2079 pbilosopbiae

404 2104 557 2186 limites
576 2108 915 2212 aspernabantur.

463 2238 602 2319 Missis
631 2253 769 2319 autem
802 2239 1077 2349 peritioribus
1105 2236 1168 2321 uti
1197 2268 1283 2321 sese
1312 2240 1451 2348 appel-

406 2373 508 2468 lant,
542 2372 798 2468 Christianis
831 2374 904 2481 qui
937 2373 1021 2454 fide
1052 2376 1104 2453 ab
1134 2373 1255 2453 initio
1289 2373 1452 2467 tradita,

403 2534 530 2615 quam
558 2507 697 2616 posuit
715 2506 906 2588 Christus
932 2521 975 2587 et
999 2510 1239 2616 rigaverunt
1266 2506 1454 2615 apostoli,

406 2641 577 2721 minime
597 2641 782 2723 contenti
803 2654 913 2736 sunt,
933 2643 1006 2722 sed
1025 2642 1160 2722 solent
1180 2641 1302 2722 aliam
1323 2670 1454 2751 quan-

405 2775 515 2871 dam,
529 2773 740 2856 meliorem
757 2774 912 2856 scilicet
924 2788 968 2856 et
980 2775 1301 2883 exquisitiorem,
1314 2788 1454 2882 postu-

406 2909 492 2990 lare
507 2910 772 3018 religionem;
792 2939 947 2991 merces
963 2939 1039 3016 ego
1057 2911 1326 3017 proponendo
1343 2938 1455 2990 meas

407 3043 573 3125 illorum
595 3044 727 3125 solum
752 3046 979 3125 commodis
1006 3042 1201 3151 profiteor
1230 3041 1454 3138 consulere,

409 3179 481 3287 qui
509 3178 587 3259 hoc
614 3177 838 3286 plurimum
866 3181 1063 3258 interesse
1088 3177 1184 3258 fidei
1206 3176 1455 3258 Christianae

408 3313 657 3406 existiment,
679 3325 727 3392 ut
755 3313 974 3393 sententiae
1001 3340 1147 3419 resque
1166 3324 1292 3418 gestae
1317 3310 1452 3391 homi-

409 3474 522 3541 num,
543 3447 615 3555 qui
642 3448 694 3526 ab
713 3450 802 3554 ejus
832 3447 962 3526 initiis
991 3457 1115 3526 aetate
1144 3448 1313 3554 propius
1332 3446 1452 3526 abfu-

409 3580 549 3675 issent,
567 3580 870 3660 accuratissime
889 3607 936 3660 ac
965 3577 1279 3686 diligentissime
1305 3580 1453 3687 exqui-

410 3727 580 3805 rantur3
611 3713 688 3795 hoc
709 3715 819 3794 enim
842 3715 895 3795 ad
915 3713 1234 3793 illustrationem
1251 3725 1294 3792 et
1308 3715 1456 3793 confir-

409 3849 635 3929 mationem
653 3848 834 3928 veritatis
849 3850 892 3927 in
909 3846 1078 3928 ecclesia
1091 3859 1261 3927 servatae
1277 3849 1456 3928 maxime

409 3982 544 4062 valere
578 3982 729 4062 summi
763 3982 839 4061 viri
869 3981 1122 4089 judicarunt.
1182 3981 1240 4060 Et
1270 3982 1457 4088 praecipit

409 4127 551 4195 sancta
585 4114 754 4195 ecclesia
787 4128 927 4196 nostra
960 4114 1241 4194 sacerdotibus
1280 4113 1374 4208 saie,
1409 4143 1457 4194 nc

409 4250 509 4355 qnid
544 4276 721 4354 aaqnam
754 4248 917 4327 doceant
946 4275 1030 4355 pro
1067 4248 1261 4335 concione,
1291 4249 1396 4354 qnod
1431 4276 1457 4327 a

402 4385 554 4493 populo
573 4380 762 4489 religiose
782 4379 909 4462 teneri
927 4395 964 4461 et
984 4382 1095 4462 credi
1109 4382 1241 4476 velint,
1253 4383 1336 4463 rcisi
1354 4386 1459 4489 qnod

408 4530 715 4597 consentancum
745 4514 802 4595 sit
829 4516 1022 4595 doctrina
1058 4516 1094 4592 V
1090 4516 1211 4595 eteris
1240 4529 1312 4595 ant
1344 4514 1457 4596 Novi

920 4669 941 4717 c
