3809 5650
787 757 789 761 .
910 706 1090 770 PAPIAS.

976 942 1049 1012 ΙΙΙ.

716 1097 774 1159 Ex
790 1097 873 1159 libro
889 1104 1003 1181 σπανία
1017 1094 1154 1179 duellem
1175 1100 1297 1183 Operis.

512 1229 622 1333 Μέγα
639 1233 806 1325 ἀσεβείας
825 1228 1023 1331 ὑπόδειγμα
1041 1233 1079 1310 ἐν
1096 1231 1211 1338 τούτῳ
1229 1239 1280 1340 τῷ
1295 1232 1421 1338 κόσμῳ
1439 1265 1555 1333 περιε-

452 1365 616 1464 πάτησεν
627 1363 772 1447 Ἰούδας.
814 1367 990 1465 πρησθεὶς
1004 1363 1076 1465 γὰρ
1089 1367 1146 1443 ἐπὶ
1159 1374 1336 1445 τοσοῦτον
1347 1361 1413 1464 τὴν
1424 1363 1555 1467 σάρκα,

425 1495 547 1592 5ὥστε
557 1498 789 1597 μὴδύνασθαι
801 1497 1555 1605 διελθεῖν,ἁμάξηςρᾳδίωςδιερχομένης,ὑπὸ

453 1636 516 1730 τῆς
534 1630 673 1736 ἁμάξης
686 1632 845 1730 ε’πιέσθη,
858 1628 955 1709 ὥστε
968 1632 1015 1710 τὰ
1029 1632 1162 1733 ἔγκατα
1180 1636 1289 1712 αὐτοῦ
1306 1638 1551 1732 ἐκκενωθῆναι.

453 1758 527 1815 Haec
541 1758 610 1815 olim
626 1757 765 1816 attulerat
779 1757 958 1836 Apollinaris
971 1757 1163 1826 Laodicenus,
1178 1770 1278 1817 extant
1293 1770 1390 1818 autem
1405 1778 1471 1818 oum
1486 1758 1555 1816 alibi

452 1872 516 1920 tum
530 1861 609 1942 apud
623 1863 832 1921 OEcumenium
846 1864 997 1922 Commeat.
1013 1862 1043 1921 in
1059 1864 1132 1922 Acta
1147 1865 1246 1941 Apost.
1262 1884 1325 1942 cap.
1338 1865 1366 1920 ii.

490 2041 632 2117 Magnum
642 2038 800 2116 impietatis
810 2038 975 2117 exemplum
1027 2059 1117 2117 quum
1152 2060 1253 2100 currus
1288 2040 1373 2098 facile
1407 2039 1553 2108 transiret,

404 2140 441 2180 ιο
451 2120 647 2178 obambulavit
668 2119 698 2175 in
719 2119 774 2175 hoc
794 2119 903 2176 mundo
921 2119 975 2176 Ju·
1026 2140 1112 2177 curru
1134 2140 1288 2199 oppressus
1305 2130 1358 2186 est,
1373 2120 1414 2178 ita
1435 2130 1469 2178 ut
1490 2119 1553 2195 ejus

451 2199 511 2257 das.
554 2199 590 2256 ln
605 2209 719 2257 tantum
734 2198 811 2254 enim
829 2218 914 2255 carue
929 2198 972 2254 in·
1024 2211 1122 2277 egesta
1135 2199 1246 2258 fuerint
1260 2200 1377 2259 viscera.

452 2278 537 2336 flatus
564 2288 598 2336 ut
627 2277 749 2336 transire
776 2297 834 2335 non
866 2288 974 2356 posset,

834 2488 1166 2522 4—-

968 2662 1036 2733 IV.

739 2832 797 2892 Ex
811 2832 916 2893 eodem
931 2832 1014 2894 libro
1029 2832 1126 2917 bujrtr
1143 2835 1267 2915 Operis.

403 2976 438 3034 15
494 2963 767 3043 Quemadmodum
788 2963 972 3048 Presbyteri
993 2964 1215 3039 meminerunt,
1232 2961 1285 3046 qui
1307 2962 1330 3024 J
1332 2982 1467 3024 oannem
1488 2959 1550 3022 dis-

452 3063 590 3148 cipulum
616 3063 747 3126 Domini
768 3064 924 3141 viderunt,
943 3065 1070 3128 audisse
1093 3086 1127 3128 se
1150 3065 1192 3127 ab
1219 3085 1267 3138 eo,
1285 3060 1549 3145 quemadmodum

450 3166 490 3227 de
518 3165 713 3250 temporibus
738 3165 799 3229 illis
822 3168 958 3230 docebat
984 3166 1150 3242 Dominus,
1177 3173 1210 3228 et
1233 3163 1377 3226 dicebat:
1412 3168 1486 3238 (scil.
1512 3171 1549 3229 de

449 3268 630 3345 temporibus
654 3269 735 3345 regni
761 3269 815 3325 sui.
860 3270 989 3326 Irenaeus
1011 3278 1109 3326 sutem
1133 3269 1229 3326 omnia
1252 3267 1312 3324 haec
1334 3266 1435 3323 attulit
1457 3266 1507 3323 lib.
1523 3288 1548 3323 v.

452 3366 557 3423 Contra
571 3364 712 3432 Haereres,
724 3384 786 3442 cap.
803 3365 905 3422 xxxiii.
921 3385 951 3443 p.
967 3383 1036 3439 333.
1052 3364 1097 3423 ed.
1114 3363 1276 3421 Mansueti:
1301 3360 1420 3419 dubium
1438 3373 1546 3429 autern,

400 3481 439 3520 no
450 3480 485 3517 an
500 3460 558 3516 buo
573 3479 664 3535 usque
687 3460 815 3517 Irenaeus
833 3460 905 3538 ipse,
924 3480 961 3518 an
980 3460 1101 3538 Pupieni
1119 3460 1248 3536 excerpti
1268 3458 1329 3514 lraec
1348 3477 1464 3534 quoque
1482 3477 1548 3535 pars

449 3557 518 3626 εἰει)
542 3552 677 3617 Venient
699 3553 775 3629 dies,
791 3554 823 3615 in
839 3553 953 3636 quibus
967 3553 1066 3616 vineae
1088 3559 1269 3627 nascentur,
1285 3551 1416 3635 singulae
1439 3552 1548 3614 decem

447 3652 546 3716 millia
560 3654 726 3738 palmitum
740 3654 903 3731 habentes,
920 3662 954 3717 et
974 3654 1007 3716 in
1024 3676 1088 3716 uno
1110 3654 1240 3737 palmite
1261 3652 1345 3715 dena
1363 3650 1462 3714 millia
1476 3652 1548 3715 bra-

448 3754 602 3831 chiorum,
617 3755 697 3818 etin
711 3776 775 3817 uno
788 3777 863 3818 vero
877 3754 1009 3839 palmite
1029 3755 1111 3817 dena
1130 3753 1229 3817 millia
1245 3752 1450 3839 flagellomm‚
1466 3760 1500 3816 et
1515 3752 1548 3815 in

447 3875 637 3939 unoquoque
665 3855 789 3940 flagello
818 3857 901 3918 dens
929 3853 1027 3917 millia
1056 3854 1217 3929 botruum‚
1241 3860 1274 3917 et
1303 3854 1336 3915 iu
1358 3873 1546 3936 unoquoque

400 3970 436 4028 25
447 3954 542 4018 botro
557 3956 639 4019 dena
653 3954 752 4019 millia
765 3955 939 4029 asinorum,
955 3960 988 4017 et
1009 3953 1253 4037 unumquodque
1274 3953 1400 4015 aoinum
1420 3972 1546 4034 expres-

447 4076 518 4118 sum
547 4055 638 4119 dabit
665 4056 915 4141 vigintiquinque
943 4062 1098 4118 metretas
1123 4054 1195 4116 viui.
1240 4052 1286 4114 Et
1310 4073 1408 4134 quum
1437 4072 1546 4113 eorum

446 4156 692 4239 apprehenderit
721 4156 834 4239 aliquis
870 4162 1052 4218 sanotorum
1089 4154 1226 4228 botrum,
1256 4151 1337 4215 alius
1373 4151 1544 4214 clamabit:

447 4254 566 4319 Botms
585 4278 644 4341 ego
667 4255 778 4319 melior
798 4276 877 4333 sum,
892 4277 943 4319 me
959 4277 1056 4331 sume,
1072 4275 1130 4337 per
1144 4274 1194 4315 me
1212 4250 1387 4314 Dominum
1401 4252 1543 4316 benedio.

448 4354 600 4419 Similiter
621 4362 655 4419 et
675 4377 811 4441 granum
828 4355 926 4420 tritici
949 4355 1058 4417 deoem
1080 4352 1177 4416 millia
1198 4352 1358 4435 spicarum
1378 4359 1545 4437 generatu-

397 4476 529 4536 gemm,
549 4462 583 4519 et
606 4476 860 4538 unamquamque
882 4455 1001 4538 spieam
1023 4454 1205 4517 habituram
1227 4454 1335 4516 decem
1357 4452 1455 4515 millia
1474 4474 1545 4536 gra·

445 4576 568 4633 norum,
599 4562 633 4619 et
662 4556 907 4639 unumquodque
935 4575 1070 4638 granum
1100 4553 1237 4637 quinque
1273 4552 1402 4617 bilibres
1435 4551 1544 4617 similae

496 4679 576 4728 vob.
595 4680 618 4729 l.
994 4678 1015 4726 C
