3809 5650
759 709 805 770 lN
830 708 1146 771 xPoLLONIUM.
1444 709 1507 769 483

398 902 498 941 aranos
516 878 671 941 effluxisse
692 879 733 940 ab
751 878 840 941 obitu
864 880 1011 943 Montani
1028 881 1069 943 ad
1086 889 1289 963 tempusque
1308 876 1370 940 ista
1391 878 1506 940 scribe-

399 982 465 1043 bat.
511 979 574 1044 Sed
590 979 622 1042 id
644 988 770 1043 tantum
786 979 882 1053 dicit;
905 981 1119 1064 quadraginta
1140 981 1229 1044 annis
1250 994 1421 1063 antequam
1438 978 1505 1061 ipse

399 1084 440 1144 ad
457 1082 656 1145 scribendum
671 1081 848 1155 accederet,
865 1080 1058 1145 Montanum
1074 1081 1396 1166 pseudoprophetiam
1416 1100 1506 1143 suam

400 1184 563 1246 invexisse.
612 1183 772 1245 Ponamus
788 1182 895 1265 igitur,
911 1183 1104 1246 Montanum
1119 1204 1203 1246 anno
1224 1183 1330 1248 estatis
1345 1181 1506 1246 tricesimo

401 1285 540 1349 fabulam
556 1304 646 1348 suam
662 1283 835 1347 inchoasse.
875 1284 956 1348 Cum
971 1285 1160 1368 Apollonius
1176 1300 1287 1348 contra
1302 1286 1370 1368 ejus
1385 1299 1506 1348 sectam

401 1388 566 1461 scriberet,
591 1386 643 1449 vix
671 1386 847 1449 Montanus
873 1388 1140 1471 septuagesimum
1166 1408 1285 1451 annum
1312 1392 1505 1449 excesserat.

404 1487 613 1553 Maximillam
629 1494 737 1551 autem
751 1496 785 1552 et
800 1488 977 1552 Priscillam
990 1511 1054 1552 non
1068 1489 1179 1553 statim
1194 1489 1235 1552 ab
1250 1488 1319 1572 ipso
1331 1489 1379 1551 sui
1391 1487 1506 1551 erroris

402 1590 532 1654 exordio
553 1589 730 1653 Montanus
752 1589 884 1653 comites
907 1591 1040 1664 habuit;
1065 1592 1197 1656 sedeas
1223 1590 1277 1653 diu
1301 1598 1412 1674 postea
1435 1610 1506 1673 pro-

403 1693 519 1777 phetiae
547 1713 611 1755 suae
641 1691 763 1754 retibus
793 1691 982 1775 implicuisse
1011 1715 1049 1757 ae
1079 1694 1240 1778 decepisse
1264 1693 1341 1755 mihi
1372 1692 1506 1755 videtur.

404 1797 562 1857 Vxnssrus.
609 1793 797 1876 Quanquam
829 1794 1003 1859 Valesianae
1027 1796 1140 1858 horum
1170 1802 1348 1879 temporum
1378 1816 1504 1877 compu-

403 1896 517 1960 tationi
536 1894 774 1959 assentiendum
796 1904 920 1979 puto,a
942 1897 1072 1962 Valssio
1095 1907 1202 1963 tamen
1225 1897 1383 1961 immerito
1401 1918 1506 1979 repre·

404 1998 521 2060 hensus
552 1996 708 2060 Eusebius
743 1997 876 2074 videtur,
908 2001 997 2084 quasi
1028 2023 1102 2066 vero
1135 1998 1347 2064 existimasset
1376 1997 1506 2081 Apollo-

403 2101 489 2162 nium
504 2119 662 2182 anonymo
676 2097 730 2162 illo
741 2100 894 2184 scriptore
909 2104 1061 2167 adversus
1069 2102 1290 2186 cataphrygas
1299 2099 1506 2163 recentiorem

403 2203 508 2265 fuisso.
555 2199 718 2284 Siquidem
743 2201 855 2266 solitus
881 2212 931 2268 est
957 2205 1114 2271 Eusebius
1139 2212 1284 2269 auctores
1304 2224 1378 2266 suos
1404 2199 1478 2285 prof
1493 2241 1506 2250 -

404 2307 503 2369 rende
518 2325 645 2390 ponere,
663 2326 726 2367 non
747 2304 800 2368 illo
817 2328 879 2390 qne
900 2307 1099 2393 scripsissent
1114 2308 1235 2382 ordine,
1251 2306 1307 2370 sed
1327 2305 1439 2368 habita
1457 2324 1506 2365 ra·

405 2410 491 2471 tione
511 2408 755 2490 temporisque
776 2409 907 2493 singulae
922 2433 973 2474 res
993 2419 1092 2495 gestae
1108 2411 1252 2474 fuissent.
1301 2409 1417 2491 Itaque
1432 2427 1507 2468 ano

407 2529 535 2590 nprnum
554 2507 741 2590 scriptorem
763 2510 900 2590 priorem
920 2511 1096 2586 collocavit,
1112 2513 1186 2593 quia
1206 2512 1245 2573 de
1266 2510 1367 2592 primo
1388 2508 1508 2592 origine

408 2607 680 2695 Montanistapum
695 2607 778 2671 inter
792 2609 856 2673 alia
871 2619 1076 2675 tractaverat.

452 2714 487 2774 l’.
500 2728 540 2791 47
551 2731 572 2771 Ι.
591 2709 611 2772 l.
627 2712 675 2772 16.
692 2714 722 2768 οὗ
743 2717 784 2768 καὶ
805 2716 959 2788 ὁπρότιρος
974 2719 1143 2788 συγγραφεὺς
1157 2713 1359 2793 ε’μνημόνευσεν]
1384 2710 1443 2789 Qui
1460 2719 1509 2773 est

406 2834 583 2896 anonymus
593 2810 645 2875 ille
657 2810 1000 2896 contraOataphrygas
1015 2820 1136 2876 auctor.
1172 2811 1248 2875 Vide
1258 2811 1348 2876 infra.
1377 2811 1410 2876 Is
1424 2812 1510 2896 apud

409 2914 580 2977 Eusebium
606 2913 704 2997 priori
727 2913 797 2976 loco
817 2914 990 2997 productus
1011 2914 1205 2988 ostenderat,
1227 2914 1374 2978 Zoticum
1396 2915 1509 2977 Uoma-

408 3038 535 3080 uensem
558 3037 629 3079 cum
651 3018 675 3080 J
677 3017 783 3079 uliano
806 3019 975 3100 Apamena
1001 3016 1148 3100 episcopo
1175 3038 1192 3077 a
1219 3016 1422 3092 Themisone,
1442 3018 1511 3101 jam

408 3119 502 3181 ruodo
513 3125 760 3182 commemorato
772 3117 804 3179 in
817 3140 889 3201 pag.
900 3121 974 3196 466.
991 3118 1185 3202 prohibitum
1198 3118 1304 3193 fuisse,
1314 3139 1353 3180 ne
1365 3118 1513 3202 spiritum

409 3219 596 3282 Maximillae
611 3227 806 3304 coargueret.
849 3219 963 3282 Tradit
977 3241 1071 3302 porro
1087 3218 1196 3281 AElius
1214 3219 1343 3282 Publius
1358 3219 1464 3281 Julius
1479 3219 1512 3280 in

408 3320 637 3405 subscriptione
657 3342 715 3384 sua
738 3322 822 3405 apud
844 3321 1028 3384 Ssnxrroxrs
1044 3320 1239 3404 Fragmenta
1259 3342 1356 3404 supra
1373 3321 1514 3384 adducta

408 3423 541 3486 voluisse
551 3422 663 3486 Sotam
670 3422 915 3486 Anchialensem
926 3424 1102 3486 daemouem
1113 3444 1152 3484 ex
1160 3422 1312 3498 Priscilla,
1325 3444 1378 3485 seu
1392 3422 1512 3498 Prisca,

407 3525 510 3588 altera
535 3546 575 3586 ex
605 3524 753 3588 Montani
780 3524 988 3609 prophetissis
1018 3524 1139 3606 ejicere,
1167 3523 1259 3585 simili
1286 3533 1392 3587 autem
1418 3525 1513 3586 inodo

410 3626 503 3689 luisse
518 3626 560 3689 ab
575 3625 635 3689 hac
650 3634 739 3689 secta
754 3625 959 3710 prohibitum.

458 3727 539 3789 lbld.
570 3734 744 3805 προφητεύειν
777 3736 824 3804 ἤδη
857 3728 1095 3809 προσποιουμένης]
1138 3726 1175 3788 ln
1211 3726 1315 3788 tribus
1354 3726 1514 3789 codicibus

411 3829 495 3891 Maz.
512 3828 603 3892 Med.
618 3836 651 3890 et
673 3827 754 3891 Fuk.
774 3827 927 3910 seriptum
947 3826 1085 3890 habetur
1099 3829 1296 3907 προφητεύειν
1316 3828 1351 3904 δὴ
1373 3852 1515 3905 προσποι-

409 3931 546 4008 ουμένης,
562 3928 621 3992 levi
637 3927 826 3991 discrimine.
853 3929 1015 3989 Vxnaslns.
1056 3928 1109 3990 Ita
1125 3949 1250 4011 quoque
1265 3928 1381 4011 legitur
1395 3927 1426 3989 in
1439 3928 1514 3990 MS.

410 4032 507 4095 Seec'l.
539 4053 593 4095 seu
625 4030 715 4094 Bcdl.
763 4029 855 4093 Nunc
884 4030 977 4093 addit
1007 4031 1170 4093 Burtonus
1199 4029 1283 4092 codd.
1313 4028 1514 4093 Florentium.

411 4132 473 4195 Sed
489 4133 627 4216 quinque
642 4131 695 4193 alii
712 4153 784 4194 cum
800 4131 830 4194 N
832 4130 979 4215 ieephoro
994 4132 1048 4211 ἤδη
1064 4137 1228 4215 praestant.

455 4233 539 4295 lbld.
555 4233 574 4295 l.
591 4253 638 4313 19.
656 4243 697 4293 rel
712 4241 818 4309 θροοέο
832 4238 864 4292 δι’
874 4259 943 4293 τινος
954 4244 1005 4291 τῶν
1014 4241 1073 4291 τότε
1084 4237 1218 4308 μαρτύρων
1229 4231 1392 4314 μνημονεύει]
1411 4230 1516 4313 Hujus

409 4334 572 4416 ruartyris,
596 4333 649 4416 qui
677 4332 841 4415 episeopus
867 4331 928 4394 suit
952 4331 1117 4393 Eumeniae
1146 4330 1233 4393 urbis
1256 4331 1343 4394 Asiae
1368 4332 1515 4410 Minoris,

410 4445 443 4497 ot
474 4435 567 4497 simul
597 4433 727 4518 Sagaris
762 4433 911 4517 episcopi,
941 4433 994 4516 qui
1029 4433 1134 4496 Marci
1166 4432 1289 4495 Aurelii
1318 4434 1515 4517 temporibus

410 4536 536 4599 videtur
555 4558 667 4620 passus
679 4556 757 4611 esse,
773 4542 810 4598 ut
831 4535 896 4597 dixi
919 4535 961 4598 ad
977 4534 1170 4597 Msmroxnu
1187 4556 1220 4617 p.
1236 4552 1303 4613 127.
1325 4536 1517 4600 mentionem

412 4636 599 4721 Polycrates
619 4637 697 4701 facit
717 4638 801 4721 apud
823 4636 997 4699 Eusebium
1017 4636 1069 4699 lib.
1082 4660 1110 4698 v.
1130 4636 1212 4700 Hist.
1235 4658 1304 4719 cap.
1321 4656 1369 4717 24.
1416 4640 1519 4702 Porro

411 4745 505 4803 notat
520 4740 702 4805 Dodwellus
718 4739 903 4804 Dissertiv.
919 4740 954 4802 io
963 4740 1126 4816 Ircuoeum,
1143 4740 1171 4822 d.
1184 4761 1214 4819 4.
1231 4761 1262 4823 p.
1276 4740 1349 4824 383.
1366 4740 1443 4805 velle
1458 4743 1518 4805 hoe

956 4863 976 4908 Q
993 4859 1010 4905 2
