3809 5650
486 680 552 750 396
809 682 1059 759 RELIQUIAE
1086 681 1265 744 SACRAE.

486 850 561 914 licat
582 872 640 934 pro
663 850 862 915 correbtione
884 852 1029 928 iteretur,
1046 873 1109 915 una
1129 857 1238 914 tomen
1260 869 1317 932 per
1337 867 1462 912 omnem
1480 846 1593 909 orbem

487 966 583 1023 terrae
598 960 730 1024 eeclesia
744 960 858 1024 diffusa
872 983 941 1025 osse
952 961 1135 1026 denoscitur
1150 958 1370 1045 (dignoscitur,
1386 957 1592 1040 Fratrem).

488 1070 534 1134 Et
563 1070 730 1133 Johannes
759 1069 843 1132 enim
872 1070 905 1132 in
935 1070 1143 1155 Apocalypsi,
1172 1069 1247 1132 lieet
1277 1068 1421 1152 ‘septem
1450 1066 1592 1131 ecclesiis

488 1180 617 1256 scribat,
640 1186 748 1243 tumen
770 1179 917 1244 omnibus
938 1180 1029 1244 dicit.
1074 1181 1192 1243 Verum
1213 1179 1256 1243 ad
1279 1178 1497 1242 Philemonem
1514 1199 1590 1253 uua,

461 1289 522 1354 set
543 1289 586 1352 ad
608 1288 722 1352 Titum
736 1309 812 1365 una,
828 1295 862 1352 et
890 1289 933 1352 ad
955 1287 1158 1352 Timotheum
1180 1289 1261 1353 (luas
1276 1288 1373 1370 (dune,
1395 1285 1589 1367 Freiodall.)

488 1419 547 1482 pro
561 1397 676 1462 effectu
691 1405 725 1461 et
740 1396 917 1475 dilectione,
936 1398 970 1461 in
989 1397 1107 1461 honore
1124 1402 1233 1461 tamen
1252 1395 1392 1461 eeclesiae
1412 1394 1590 1472 catholicae,

488 1507 523 1571 in
537 1507 737 1572 ordinatione
751 1507 971 1572 ecclesiasticae
980 1507 1165 1591 disciplinae,
1174 1505 1380 1571 sanctificatae
1394 1512 1480 1569 suut.
1510 1504 1591 1567 Fer-

489 1624 544 1682 tur
568 1617 668 1681 etiam
691 1617 734 1681 ed
758 1617 977 1681 laudecenses
1003 1617 1082 1700 (sor.
1107 1615 1318 1681 Laodicenses
1346 1614 1434 1691 alia),
1458 1613 1522 1678 alia
1545 1615 1591 1678 ad

489 1727 733 1806 Alexandrinos,
750 1728 842 1792 Pauli
857 1728 985 1792 nomine
1000 1727 1083 1791 fictoe
1097 1727 1140 1790 cd
1157 1726 1311 1791 haeresem
1327 1726 1411 1809 (scr.
1426 1724 1590 1808 haeresim)

445 1850 480 1889 10
491 1838 686 1914 Marcionis;
711 1845 745 1903 et
758 1838 822 1903 ulia
842 1839 946 1922 plura,
962 1860 1032 1924 quae
1055 1838 1088 1901 in
1104 1837 1291 1903 catholicam
1306 1836 1471 1902 ecclesium
1490 1836 1590 1921 recipi

489 1970 553 2015 nou
572 1955 689 2034 potest.
715 1949 763 2030 (οὗ
785 1951 911 2012 δυνατόν
933 1950 1021 2030 ἐστι.)
1069 1945 1127 2011 Fel
1149 1947 1234 2013 enim
1256 1968 1327 2011 oum
1349 1945 1440 2010 melle
1463 1945 1588 2010 misceri

489 2079 554 2122 non
568 2057 723 2141 congruit.
768 2057 915 2142 Epistola
932 2079 1008 2121 sane
1030 2057 1054 2121 J
1056 2057 1137 2133 udae,
1153 2064 1187 2121 et
1210 2054 1415 2140 superscripti
1429 2055 1453 2119 J
1454 2054 1590 2118 ohannis

489 2168 569 2231 duas
591 2167 687 2253 (duae,
710 2166 899 2250 flamna.)
913 2166 946 2229 in
968 2166 1125 2231 catholica
1147 2166 1315 2231 habentur.
1360 2164 1406 2229 Et
1425 2162 1590 2248 Sapientia

488 2277 531 2341 ab
545 2278 655 2341 amicis
669 2276 847 2342 Solomonis
861 2278 893 2340 in
908 2277 1059 2342 honorem
1078 2278 1177 2362 ipsius
1197 2276 1326 2361 scripta.
1370 2274 1589 2359 Apocalypses

445 2383 587 2464 rsetinm
609 2383 765 2447 Johannis
787 2392 821 2448 et
845 2385 935 2449 Petri
956 2391 1084 2450 tautum
1105 2385 1284 2470 recipimus,
1300 2405 1398 2469 quam
1419 2383 1495 2466 (oid.
1511 2385 1587 2465 cot.)

489 2494 619 2582 quidam
632 2516 673 2560 ex
687 2496 805 2560 uostris
818 2496 880 2582 legi
895 2496 928 2560 iu
942 2497 1075 2562 ecclesia
1088 2497 1211 2560 uolunt.

532 2603 702 2669 Pastorem
716 2627 789 2671 vero
803 2607 984 2694 nuperrime
998 2606 1195 2692 temporibus
1209 2604 1327 2669 nostris
1341 2604 1375 2668 in
1387 2605 1467 2668 urbe
1484 2603 1589 2669 Roma

490 2715 615 2778 Herma
639 2715 719 2798 (sor.
743 2717 896 2800 Hermas)
921 2716 1120 2801 conscripsit,
1143 2717 1272 2781 sedente
1292 2716 1446 2781 cathedra
1470 2714 1516 2796 (in
1537 2735 1588 2779 ca·

488 2825 613 2904 thelim,
632 2826 823 2909 Freicdcll.)
839 2828 926 2893 urbis
949 2829 1060 2893 Romae
1080 2827 1219 2893 ecclesias
1240 2827 1301 2890 Pio
1320 2828 1469 2912 episcopo
1487 2826 1589 2891 fratre

442 2937 567 3020 noejus.
619 2935 665 3002 Et
687 2936 759 3000 ideo
781 2936 842 3022 legi
864 2958 936 3000 eum
959 2936 1087 3021 quidem
1108 2943 1248 3021 oportet,
1271 2957 1306 3000 se
1328 2936 1488 3021 publicare
1505 2938 1587 3020 (for.

488 3049 544 3113 aed
559 3047 728 3132 publicari)
743 3069 818 3112 vero
838 3047 873 3111 in
886 3048 1018 3113 ecclesia
1040 3047 1167 3132 populo,
1183 3068 1286 3132 nequo
1306 3047 1390 3111 inter
1412 3047 1586 3133 prophetas

488 3160 680 3245 completum
696 3161 777 3244 (scr.
793 3160 982 3245 completos)
998 3181 1138 3237 numero,
1154 3180 1257 3243 noque
1271 3158 1355 3223 inter
1369 3157 1541 3243 apostolos,
1554 3159 1586 3221 in

488 3272 582 3336 finem
597 3279 775 3356 temporum
790 3276 907 3355 potest.

531 3382 661 3445 Arsinoi
686 3389 806 3458 autem,
830 3383 911 3467 (for.
932 3378 1154 3465 Arsino'e'tum)
1179 3402 1234 3444 seu
1257 3379 1430 3457 Valentini,
1454 3380 1503 3444 vel
1523 3379 1587 3445 Mi·

442 3504 477 3562 25
489 3488 594 3566 tindis,
610 3488 687 3551 nihil
701 3489 734 3551 in
749 3495 854 3553 totum
873 3489 1051 3573 recipimus,
1068 3488 1123 3573 qui
1137 3487 1236 3553 etiam
1249 3509 1364 3553 novum
1384 3487 1586 3553 Psalmorum

487 3596 603 3660 librum
618 3597 776 3663 Marcioni
796 3598 1051 3682 conscripserunt
1070 3619 1135 3663 una
1154 3619 1227 3662 cum
1247 3598 1395 3676 Basilide,
1411 3598 1585 3664 Assianum

478 3709 698 3795 .Catalrygum
713 3710 797 3793 (sor.
813 3709 1008 3775 Asianorum
1023 3708 1277 3795 Gataphrygum)
1292 3709 1545 3775 constitutorem.

895 3898 992 3961 fhpoc.
1004 3913 1070 3960 capp.
1079 3896 1095 3944 i.
1106 3905 1131 3945 et
1142 3896 1167 3942 ii.
