3809 5650
471 684 521 748 IN
545 684 808 750 FRAGMENT.
832 687 1016 752 INCERTI
1039 686 1311 751 SCRIPTORIS.
1376 688 1436 750 481

344 852 363 880 “
378 845 491 928 majori
514 847 546 909 in
571 847 691 911 bonore
714 850 799 913 inter
821 852 949 914 Graecos
971 851 1031 914 luit
1054 872 1149 933 quam
1173 850 1322 923 Latinos;
1346 851 1440 926 forte,

343 946 465 1027 “quod
488 946 597 1030 lingua
617 949 734 1012 Graeca
755 950 798 1013 sit
820 950 925 1033 operis
946 951 1041 1034 hujus
1055 951 1234 1026 vernacula,
1249 951 1333 1014 unde
1355 958 1441 1035 post-

344 1051 365 1080 “
380 1045 508 1107 modum
534 1047 709 1112 Latinitate
733 1049 887 1113 denatum
912 1052 998 1113 est.'’
1044 1052 1146 1113 Porro
1171 1058 1284 1134 postea
1307 1051 1440 1124 monuit,

342 1145 512 1209 faciliorem
528 1146 612 1210 inter
627 1150 760 1212 Graecos
775 1172 871 1232 quam
884 1150 1016 1213 Latinos
1032 1151 1169 1235 reperire
1180 1152 1323 1235 potuisse
1337 1152 1441 1214 locum

342 1246 533 1310 sententiam
547 1247 684 1323 illorum,
700 1249 752 1332 qui
769 1249 883 1312 librum
900 1251 1045 1314 Pastoris
1059 1250 1247 1333 antiquioris
1264 1252 1404 1324 Hermas,
1420 1272 1441 1314 a

343 1346 445 1408 Paulo
462 1346 608 1410 nimirum
629 1349 768 1427 salutati,
785 1351 880 1414 luisse
900 1350 1136 1426 existimabant,
1153 1372 1191 1413 eo
1212 1351 1295 1432 quod
1313 1351 1442 1416 Latinis

342 1446 479 1530 scriptor
494 1449 639 1531 cognitus
653 1450 770 1522 fuerit3
794 1451 929 1533 indeque
944 1457 1055 1534 patere
1071 1472 1210 1526 causam,
1225 1472 1281 1513 cur
1296 1453 1441 1516 volumen

341 1547 402 1610 hoc
416 1548 529 1631 majori
545 1550 630 1631 apud
643 1551 775 1613 Graecos
788 1573 883 1633 quam
897 1551 1033 1614 Latinos
1046 1551 1078 1613 in
1089 1553 1209 1615 honore
1220 1552 1262 1614 sit
1273 1552 1438 1627 habitum

342 1649 446 1711 dicere
461 1650 544 1711 enim
559 1650 598 1713 de
609 1652 720 1714 eodem
732 1651 764 1714 S.
778 1652 1018 1734 Hieronymum,
1031 1652 1084 1714 lib.
1097 1653 1148 1714 Do
1166 1653 1251 1714 Viris
1260 1652 1315 1715 Ill.
1327 1676 1395 1738 cap.
1408 1676 1440 1716 x.

342 1749 441 1831 Apud
464 1750 589 1813 Labicos
611 1753 713 1835 sarrae
738 1754 855 1836 iprwtcs
879 1751 965 1815 liber.
1016 1751 1132 1816 Oonfer
1159 1752 1318 1814 Moshem.
1344 1775 1441 1837 supra

341 1871 414 1934 pag.
429 1851 504 1929 428.

386 1952 423 2014 P.
439 1955 513 2035 396.
530 1952 550 2015 l.
568 1971 619 2016 22.
633 1953 839 2036 completum]
857 1954 878 2016 l.
895 1954 1078 2038 completos.

387 2049 467 2113 Ibid.
483 2052 504 2114 l.
520 2070 571 2134 23.
588 2053 718 2136 potest]
735 2054 849 2116 Graece
864 2055 990 2116 δυνατόν
1005 2056 1078 2116 ἔστι.
1118 2052 1177 2116 Ait
1190 2055 1315 2114 Auctor
1325 2053 1442 2115 Contra

344 2151 553 2235 Uatupdtypas
571 2154 656 2236 apud
678 2152 862 2226 Eusebium,
878 2155 979 2219 δεδιὼς
999 2156 1031 2217 δὲ
1053 2155 1101 2216 καὶ
1122 2155 1385 2232 ἐξευλαβούμενος,
1401 2151 1442 2231 μή

341 2277 381 2329 πη
397 2253 472 2329 δόξω
488 2255 567 2316 τισὶν
582 2256 819 2336 ἐπιονγγράφειν
830 2253 848 2333 ἢ
860 2254 1127 2317 ἐπιδιατάσσεαθαι
1140 2257 1180 2337 τῷ
1191 2257 1241 2330 τῆς
1251 2258 1304 2315 τοῦ
1319 2254 1442 2333 εὐαγγε-

341 2355 408 2415 λίου
424 2359 523 2431 καινῆς
542 2356 678 2434 διαθήκης
697 2360 788 2440 λόγῳ·
812 2355 835 2440 ql
855 2356 929 2435 μήτε
949 2361 1124 2431 προσθεῖναι
1143 2355 1209 2434 μοι’
1224 2357 1352 2435 ἀφελεῖν
1373 2360 1442 2417 ΔΥ·

342 2458 497 2527 ΝΑΤΟΝ,
513 2457 553 2539 τῷ
569 2459 644 2517 κατὰ
663 2456 697 2517 τὸ
718 2457 896 2536 εὐαγγέλιον
911 2455 982 2518 αὐτὸ
1002 2457 1213 2519 πολιτεύεσθαι
1236 2455 1440 2542 προῃρημένῳ.

342 2553 432 2618 initio
448 2555 633 2638 Fragment.
650 2555 682 2616 in
696 2555 757 2617 vol.
778 2555 822 2616 II.
839 2555 952 2617 harum
966 2555 1138 2637 Reliquiar.

386 2653 468 2716 lbid.
483 2655 504 2716 l.
523 2672 573 2734 24.
590 2655 719 2717 Arsinoi
735 2662 854 2730 autem,
869 2677 925 2717 seu
941 2652 1111 2728 Valentini,
1127 2652 1175 2715 vel
1191 2652 1347 2728 Mitiadis‚
1366 2651 1439 2736 dre]

341 2754 391 2816 De
407 2755 547 2818 Arsinoe
562 2755 647 2818 nulla
661 2755 748 2831 alibi,
765 2754 849 2838 quod
865 2754 972 2829 sciam,
986 2761 1077 2816 extat
1091 2751 1220 2828 mentio,
1233 2753 1287 2814 sed
1303 2752 1330 2814 is
1343 2757 1441 2835 geute

341 2858 467 2920 videtur
483 2858 657 2942 AEgyptius
675 2857 781 2932 fuisse,
797 2863 885 2919 secta
904 2854 1089 2918 Gnosticus.
1135 2852 1208 2915 Hoc
1228 2852 1302 2915 olim
1322 2852 1439 2915 notavi.

341 2958 364 3020 J
366 2980 417 3022 am
431 2980 504 3021 vero
515 2959 625 3022 rescivi
636 2958 820 3042 apposuisse
832 2961 945 3021 Graeca
956 2957 1023 3018 haec
1034 2954 1158 3018 Latinis
1168 2955 1270 3017 verbis
1280 2956 1440 3017 Simonem

342 3061 381 3122 de
403 3059 579 3143 Magistris,
596 3058 788 3138 'Aporvoirov
809 3060 841 3120 δὲ
864 3064 916 3120 τοῦ
937 3058 985 3119 καὶ
1005 3053 1240 3132 Οὐαλεντίνουῆ
1262 3055 1439 3132 Μιλτιάδου,

341 3160 453 3223 addita
475 3160 535 3223 bac
556 3159 773 3233 adnotatione,
796 3166 815 3195 ‘⁴
832 3160 914 3220 Haeo
937 3158 985 3221 ita
1005 3155 1195 3240 accepimus,
1214 3178 1252 3219 ac
1275 3155 1299 3216 si
1319 3153 1438 3217 Valen-

343 3268 362 3296 “
378 3260 463 3322 tinus
479 3282 519 3323 ex
535 3259 698 3322 Arsinoite
716 3281 810 3322 nomo
829 3259 935 3322 fuerit.
983 3260 1034 3320 De
1048 3257 1208 3320 Miltiadis
1227 3255 1368 3319 haeretici
1384 3276 1439 3317 no-

343 3360 460 3423 “mine
476 3383 538 3423 non
554 3359 774 3421 immutando'’
791 3382 834 3422 sc.
856 3359 889 3421 in
905 3358 1104 3423 Alcibiadem
1121 3366 1138 3395 ‘⁴
1156 3366 1243 3421 recte
1258 3356 1382 3420 monuit
1400 3357 1438 3419 cl.

342 3461 482 3524 “editor
508 3460 715 3523 Bibliothecae
740 3461 807 3523 ΡΡ.
825 3460 960 3524 Venetae
985 3460 1110 3545 Proleg.
1131 3460 1173 3521 ad
1201 3461 1296 3522 Tom.
1316 3458 1348 3521 ii.
1368 3480 1437 3543 cap.

343 3571 362 3597 “
377 3562 440 3624 xiv.
460 3563 514 3638 4.’'
560 3561 777 3644 Designantur
808 3562 859 3624 hic
885 3583 905 3624 a
930 3561 998 3624 viro
1028 3561 1065 3624 cl.
1093 3560 1229 3624 Dissert.
1245 3560 1286 3622 iv.
1311 3582 1343 3644 p.
1359 3580 1436 3642 409.

341 3664 404 3726 duo
430 3663 489 3726 loci
521 3664 674 3725 Aucrorus
705 3662 826 3727 Contra
854 3662 1084 3747 cataphrygas,
1113 3662 1153 3725 de
1182 3661 1297 3745 quibus
1321 3660 1439 3723 ibidem

341 3765 471 3849 egimus.
516 3763 602 3826 Dum
631 3785 705 3826 vero
728 3763 832 3848 legere
854 3764 921 3826 vult
947 3763 1057 3825 Simon
1082 3763 1122 3824 de
1150 3760 1316 3845 Magistris
1338 3762 1440 3838 Ἀρσι·

342 3867 439 3927 νοίςου
462 3867 504 3936 δὲ,
520 3864 627 3927 malim
649 3886 708 3948 ego
730 3864 763 3926 in
787 3862 909 3927 Latinis
929 3884 1081 3946 reponere
1100 3884 1158 3944 pro
1179 3860 1307 3923 Arsiooi
1328 3869 1437 3935 οιιτοιο,

343 3968 398 4027 &c
421 3966 623 4041 Ανοὶοοέιιιια,
644 3986 696 4027 sau
719 3965 886 4039 Valentini,
909 3963 958 4025 ecl
978 3963 1135 4026 Miticdir.
1192 3960 1278 4023 Urbs
1302 3959 1438 4043 AEgypti

340 4066 401 4129 fuit
430 4065 579 4140 Arsinoe,
603 4063 780 4148 AEgyptius
809 4065 903 4127 bomo
928 4061 1131 4143 Valentinus,
1158 4070 1191 4125 et
1214 4062 1350 4123 fortasse
1374 4059 1438 4121 Mi-

340 4168 453 4231 tiades.
498 4166 724 4229 Valentinum.
740 4172 849 4228 autem
880 4164 1077 4226 Psalmomum
1108 4162 1218 4226 librum
1251 4160 1438 4223 confinxisse

340 4267 438 4331 refert
453 4290 492 4330 ex
512 4265 705 4330 Tertulliani
725 4265 806 4327 libro
820 4266 871 4327 Do
887 4266 990 4328 Corne
1008 4264 1122 4326 Christi
1141 4284 1211 4326 cum
1229 4260 1438 4334 Muratorius,

339 4375 408 4430 tum
438 4366 612 4430 Stoschius.
657 4365 759 4428 Porro
782 4364 813 4425 in
840 4365 954 4427 θαιοιια
974 4366 1051 4427 MS.
1068 4364 1103 4425 ιἰι
1125 4362 1192 4438 ιῙοδ,
1218 4382 1289 4445 quae
1313 4360 1345 4422 in
1369 4360 1437 4421 bib-

339 4466 477 4529 liotheca
493 4467 666 4529 Bodleiano
686 4471 843 4539 servatur,
858 4465 890 4526 in
911 4487 979 4548 cap.
996 4464 1063 4525 xxi.
1078 4485 1142 4525 ver.
1163 4482 1210 4525 ιι.
1228 4462 1274 4524 uti
1295 4483 1352 4524 nos
1372 4483 1437 4525 cer-

340 4568 437 4630 tiores
459 4568 536 4631 lacit
556 4567 697 4631 Grabius
720 4575 795 4629 tom.
812 4566 843 4627 ii.
860 4565 1022 4649 Spicilepii
1037 4565 1107 4627 ΡΡ.
1123 4586 1153 4648 p.
1169 4565 1222 4646 38.
1238 4561 1280 4624 ab
1301 4561 1438 4645 Origene

339 4677 556 4731 memorantur
568 4667 687 4731 Psalmi
704 4666 858 4729 Valentini
872 4674 969 4749 atque
982 4665 1058 4729 Odor
1069 4664 1230 4727 Basilidis.
1269 4663 1306 4725 ln
1320 4665 1438 4726 Caleno
