3809 5650
590 1278 1186 1377 Asuernrrouss

342 1516 407 1596 IN
441 1521 619 1606 EPIST.
653 1526 943 1607 VIENNEN.
980 1526 1059 1606 ET
1090 1519 1437 1604 LUGDUNEN.

747 1765 1037 1809 ...Φ-.-

385 1957 422 2020 Ρ.
440 1961 547 2045 2951.
565 1966 594 2026 6.
610 1966 651 2027 01
666 1966 700 2026 ἐν
715 1963 822 2048 Βιέννῃ
839 1965 908 2047 dte]
936 1963 1076 2028 Celebris
1094 1963 1161 2026 haeo
1183 1960 1327 2046 epistola,
1344 1978 1440 2042 quam

341 2056 498 2144 integram
514 2066 700 2147 possederat
715 2064 795 2129 liber
813 2064 1040 2147 martyriorum
1056 2063 1266 2140 Eusebianus,
1283 2063 1324 2125 ab
1340 2061 1440 2124 OEcu-

340 2163 444 2223 menie
459 2162 491 2225 in
517 2165 677 2228 dormant.
694 2188 751 2228 sue
770 2166 804 2228 ia
818 2166 881 2250 Ep.
891 2167 995 2248 prior.
1012 2167 1056 2229 D.
1072 2165 1163 2228 Petri
1177 2186 1244 2248 cap.
1261 2163 1303 2226 iii.
1320 2185 1350 2247 p.
1373 2182 1440 2244 149.

341 2262 390 2324 ed.
409 2264 521 2327 Veron.
539 2266 571 2328 S.
590 2266 711 2330 lrenaeo
727 2267 805 2331 satis
825 2277 935 2351 aperte
955 2267 1115 2330 tribuitur.
1162 2265 1282 2349 Aitque
1303 2286 1337 2328 se
1357 2262 1441 2327 arbi·

270 2432 272 2436 ,
342 2364 422 2426 trari
439 2364 523 2429 Hen.
541 2367 698 2446 Valesius,
718 2369 786 2452 ejus
808 2376 972 2431 auctorem
994 2368 1090 2431 fuisse
1111 2370 1280 2441 Irenaeum,
1302 2387 1340 2428 eo
1362 2372 1442 2428 tem-

342 2484 420 2545 pore
449 2464 667 2549 Lugdunensis
694 2467 831 2530 ecelesiae
857 2467 1042 2529 membrum.
1086 2467 1169 2547 Quin
1190 2467 1319 2530 Valesio
1342 2466 1442 2529 habes

342 2563 403 2626 hae
426 2566 465 2627 de
488 2588 522 2627 re
545 2567 794 2631 consentientem
816 2568 947 2631 Gavium
970 2569 1002 2630 in
1025 2569 1099 2631 Viti.
1115 2569 1185 2631 ΡΡ.
1201 2568 1333 2652 Apestel.
1350 2567 1442 2630 Dod-

343 2664 466 2742 wellum
488 2668 618 2731 Dissert.
641 2669 680 2731 vi.
704 2670 738 2731 in
760 2670 915 2732 Iresoeum
938 2671 967 2751 ξ.
996 2689 1046 2753 23.
1073 2670 1227 2732 Massuet.
1253 2670 1381 2732 Dissert.
1407 2669 1443 2730 ia

345 2767 500 2831 Ircnoeam
523 2769 554 2833 ii.
571 2770 645 2834 Art.
666 2791 697 2856 3.
721 2778 755 2835 et
780 2771 866 2847 aiibi,
888 2773 1028 2856 Beanag.
1044 2771 1161 2834 Actaei.
1180 2770 1239 2834 vol.
1261 2771 1292 2834 ii.
1315 2792 1345 2855 p.
1370 2770 1442 2833 168.

343 2869 523 2954 multosque
541 2872 620 2935 alios
640 2873 785 2949 fortasse,
801 2894 875 2936 nam
893 2873 1008 2936 asserit
1028 2872 1143 2937 Gavius
1157 2873 1240 2936 Hiar.
1255 2873 1318 2936 Lis.
1336 2872 1394 2935 vol.
1413 2874 1442 2935 1.

344 2969 379 3031 io
410 2972 541 3050 Jrenoo,
573 2973 656 3036 idem
683 2974 800 3037 sentire
825 2975 865 3037 de
890 2974 950 3037 hac
977 2996 1011 3036 rc
1042 2995 1150 3036 omnes
1180 2994 1260 3057 pene
1291 2974 1441 3037 eruditos.

345 3072 425 3135 Oum
449 3096 523 3137 vere
541 3075 681 3161 epistelae
705 3077 799 3160 hujus
819 3075 1044 3150 disertissimae,
1061 3097 1132 3158 quae
1156 3074 1282 3138 nomine
1304 3074 1443 3138 eeclesiae

346 3173 536 3241 Viennensis
551 3186 584 3242 et
599 3178 821 3263 Lugdunensis
836 3177 1015 3262 conscripta
1029 3184 1088 3252 est,
1104 3184 1268 3240 auctorem
1285 3175 1442 3239 Irenaeum

345 3297 423 3352 esse,
438 3299 538 3361 neque
556 3278 710 3342 Eusebius
724 3301 825 3363 neque
841 3279 1057 3362 Hieronymus
1072 3276 1287 3353 affirmaverit,
1298 3276 1441 3352 eandem,

345 3379 449 3442 adhuc
471 3382 556 3464 apud
576 3382 697 3445 editum
713 3380 869 3444 Irenaeum
890 3381 976 3443 haud
995 3379 1142 3463 positam,
1159 3378 1196 3441 iis
1219 3377 1356 3462 scriptis,
1373 3398 1443 3461 quae

345 3501 405 3564 ego
427 3483 547 3567 colligo,
563 3486 743 3547 addendam
765 3483 881 3547 censui.
927 3481 1062 3544 Memini
1085 3482 1224 3565 insuper,
1242 3480 1378 3545 scribere
1399 3480 1444 3564 ip-

303 3592 311 3613 ⁸
346 3604 416 3644 sum
427 3606 551 3668 quoque
562 3586 727 3663 irenaeum,
739 3585 775 3648 L.
786 3604 816 3648 a.
827 3608 896 3668 cap.
911 3584 1035 3668 13.ad·e.
1045 3583 1191 3657 Haereses,
1201 3581 1447 3665 nesciremspud

349 3684 450 3747 Celtas
473 3698 699 3752 commorantem
721 3687 867 3750 metiaris
892 3696 987 3749 arton
1012 3694 1040 3748 et
1064 3685 1250 3770 clepaetiam,
1276 3683 1366 3757 serio,
1389 3683 1445 3745 sed

345 3785 550 3848 verecundius
565 3788 708 3863 fortasse,
726 3787 758 3851 id
772 3787 960 3870 professum.

391 3884 588 3969 Singularem
603 3889 745 3972 epistolae
758 3886 979 3971 praestantiam
994 3907 1059 3949 une
1074 3907 1128 3948 ore
1139 3891 1301 3948 testantur
1316 3903 1445 3956 omnes;

347 3984 417 4048 aliis
436 3995 543 4050 autem
568 3990 642 4052 viris
665 3990 797 4073 magnis,
818 3996 855 4051 ut
879 3986 966 4049 verbi
991 4008 1087 4049 causa
1107 3984 1250 4068 Jesepho
1275 3982 1445 4065 Scaligere,

346 4087 567 4168 praetermissis
582 4111 680 4153 unum
695 4089 774 4152 siste
791 4086 959 4163 Valesium‚
975 4086 1077 4170 quiin
1093 4085 1239 4170 Epistola
1253 4085 1294 4148 ad
1317 4083 1445 4146 Clerum

347 4188 545 4252 Gallicanum
562 4190 648 4254 Hist.
666 4189 794 4253 Eusebii
810 4188 972 4273 proemissa
987 4188 1055 4251 haec
1076 4186 1205 4259 scribit;
1230 4194 1251 4223 “
1268 4184 1446 4268 Epistolem

348 4289 613 4354 “Viennensium
642 4313 679 4355 ac
708 4288 967 4374 Lugdunensium
994 4289 1104 4353 statim
1130 4289 1334 4373 proferemus,
1362 4288 1447 4370 quod

348 4398 367 4422 “
383 4390 627 4472 pulcherrimum
643 4399 692 4454 cst
708 4397 805 4471 atque
821 4387 1069 4451 vetustissimum
1081 4388 1181 4451 totius
1192 4384 1331 4450 eeclesiae
1343 4386 1376 4448 in
1387 4386 1447 4451 hee

349 4501 368 4530 “
385 4515 501 4576 genere
520 4503 767 4557 monumentum.
816 4492 866 4554 De
885 4492 975 4576 cujus
997 4491 1143 4555 leudibus
1166 4513 1236 4554 eum
1259 4491 1360 4554 muita
1378 4492 1447 4575 jam

349 4594 559 4658 “dictasint
582 4616 603 4657 a
626 4594 743 4668 multis,
760 4615 852 4656 neure
876 4598 984 4655 tamon
1008 4615 1067 4674 pro
1089 4592 1171 4655 illius
1193 4592 1350 4677 dignitate
1373 4593 1446 4657 hae-

351 4703 367 4728 ·‘
386 4702 480 4757 tenus
495 4703 544 4759 cst
562 4695 695 4761 locutus.
741 4695 834 4758 Adeo
848 4694 916 4779 ejus
936 4693 1078 4777 epistolae
1099 4694 1246 4757 meritum
1266 4714 1305 4756 ae
1324 4694 1448 4778 pondus
