3809 5650
672 693 892 759 SENIORES
916 691 1045 756 APUD
1069 692 1313 757 IRENAEUM.
1502 696 1538 756 51

445 869 555 927 serunt
570 862 766 945 sapientiam.
813 862 962 925 Salomon
978 860 1062 923 enim
1077 882 1186 923 servus
1200 867 1289 933 erat;
1310 860 1455 924 Christus
1470 882 1543 923 vcro

446 972 545 1036 Filius
566 971 639 1048 Dei,
654 981 688 1035 et
709 971 864 1034 Dominus
886 971 1073 1035 Salomonis.
1119 972 1199 1036 Cum
1216 971 1315 1055 igitur
1335 971 1403 1034 sine
1424 972 1544 1034 offensa

445 1082 577 1145 serviret
599 1082 682 1156 Deo,
702 1086 736 1144 et
756 1079 955 1145 ministraret
976 1079 1264 1165 dispensationibus
1287 1080 1364 1163 ejus,
1380 1088 1456 1142 tunc
1478 1081 1544 1163 glo-

444 1191 648 1254 rificabatur:
671 1211 742 1253 cum
757 1198 866 1254 autem
882 1212 996 1254 uxores
1013 1189 1189 1274 accipiebat
1209 1189 1251 1253 ab
1271 1187 1424 1251 universis
1443 1188 1543 1270 genti·

418 1302 516 1374 sbus,
531 1308 565 1363 et
579 1299 787 1384 permittebat
802 1299 847 1362 eis
862 1298 984 1384 erigere
998 1298 1084 1361 idola
1099 1297 1131 1359 in
1149 1298 1261 1375 Israel,
1276 1297 1358 1360 dixit
1379 1296 1545 1381 Scriptura

445 1411 484 1471 dc
499 1430 555 1471 oo:
580 1407 652 1471 hm
666 1411 733 1472 Rea
748 1408 887 1471 &braca
904 1417 971 1472 erat
990 1415 1109 1470 unmtcr
1122 1405 1291 1482 molieram,
1307 1415 1335 1468 ct
1356 1406 1470 1490 coemit
1488 1404 1546 1468 sibi

444 1518 585 1581 niciiercs
606 1519 815 1603 alienigenam
839 1528 866 1581 et
879 1520 1002 1601 foetam
1020 1526 1062 1581 est
1081 1518 1116 1580 ic
1137 1526 1263 1600 ternpore
1283 1517 1439 1579 summatis
1459 1516 1546 1579 Salo

445 1630 548 1705 simois,
564 1650 623 1692 con
644 1639 711 1692 erm
732 1650 782 1691 cor
800 1628 862 1711 ejas
877 1628 1046 1711 perfmtma
1067 1647 1135 1689 cmo
1156 1626 1287 1689 Dmnino
1309 1628 1374 1689 Deo
1395 1648 1458 1689 sco.
1503 1627 1548 1689 m

445 1738 632 1801 diverterant
649 1737 789 1800 mulieres
807 1736 988 1821 alienigenae
1005 1757 1055 1800 mr
1068 1735 1130 1817 ejm
1145 1744 1215 1819 poet
1233 1737 1315 1799 Deos
1336 1736 1458 1799 alienos.
1503 1737 1547 1800 m

402 1847 517 1929 ¹0fecit
541 1845 681 1909 »mamm
701 1845 869 1929 cmiipnmo
892 1845 926 1907 m
949 1856 1102 1929 omnpectu
1129 1847 1277 1910 Domini:
1301 1868 1359 1910 noc
1382 1845 1460 1909 abiit
1477 1856 1548 1930 post

445 1956 622 2031 Dominam,
652 1954 901 2039 queamdmodum
930 1955 1041 2019 David
1060 1966 1155 2040 potor
1182 1957 1254 2040 ejas.
1305 1958 1351 2020 m
1378 1958 1478 2020 ircim
1507 1966 1548 2020 est

446 2066 596 2128 Dmainm
617 2065 652 2127 in
673 2063 883 2128 Salomonem:
906 2086 966 2128 noa
988 2069 1069 2130 mim
1090 2077 1157 2131 erat
1178 2089 1229 2131 cor
1248 2068 1310 2150 sy'm
1325 2069 1495 2152 perfectum
1512 2069 1547 2129 ic

446 2176 588 2251 Domino,
606 2174 767 2238 sermidam
788 2195 839 2236 cor
857 2174 971 2238 David
983 2178 1090 2259 patris
1111 2177 1182 2259 cim.
1228 2177 1427 2240 Sufficienter
1448 2176 1547 2238 incre

447 2284 535 2368 pavit
559 2305 631 2347 eum
656 2283 830 2367 Scriptura,
855 2292 924 2346 sieut
943 2292 1010 2345 dixit
1032 2293 1227 2358 Pareamus,
1250 2295 1287 2350 ut
1310 2309 1374 2350 non
1394 2287 1548 2371 glorietur

403 2403 436 2460 ι5
447 2394 592 2457 universa
606 2413 680 2456 caro
695 2393 728 2456 in
743 2400 913 2476 conspectu
929 2392 1068 2455 Domini.

491 2522 521 2564 a.
546 2502 590 2566 Et
607 2509 739 2586 propter
760 2502 821 2565 hoc
844 2501 1038 2564 iDominum
1061 2502 1094 2565 in
1119 2526 1158 2569 ea
1181 2528 1252 2587 quae
1276 2516 1352 2570 sunt
1375 2508 1434 2570 sub
1457 2516 1546 2571 terra

446 2610 656 2685 descendisse,
680 2608 946 2693 evangelizantem
973 2616 1007 2672 et
1032 2609 1093 2674 illis
1116 2614 1288 2677 adventum
1312 2637 1416 2691 suum,
1439 2615 1548 2679 remis-

446 2721 534 2783 sione
557 2731 760 2802 peccatorum
781 2718 955 2782 exsistente
977 2720 1027 2783 his
1050 2723 1104 2804 qui
1130 2725 1264 2789 credunt
1290 2725 1323 2788 in
1347 2748 1429 2789 eum.
1475 2726 1549 2791 Gre-

447 2830 595 2894 diderunt
613 2836 722 2894 autem
744 2828 776 2893 in
796 2850 868 2892 eum
888 2832 1068 2914 omnesqui
1091 2833 1263 2916 sperabant
1286 2834 1318 2896 in
1339 2856 1420 2910 emn,
1437 2835 1469 2896 id
1487 2842 1547 2911 est,

399 2959 438 2997 20
448 2940 501 3023 qui
524 2939 697 3004 adventum
720 2939 788 3022 ejus
811 2941 1114 3022 pronuntiaverunt,
1136 2950 1169 3006 et
1195 2943 1455 3027 dispositionibus
1480 2946 1549 3028 ejus

448 3050 633 3125 servierunt,
654 3049 744 3134 justi,
766 3057 799 3113 et
822 3049 1004 3133 Prophetae,
1028 3059 1062 3113 et
1084 3049 1301 3114 Patriarchae:
1326 3050 1439 3134 quibus
1461 3052 1546 3114 simi·

448 3160 521 3224 liter
535 3168 571 3224 ut
586 3160 677 3224 nobis
692 3161 813 3225 remisit
828 3167 972 3244 peccata,
989 3182 1060 3245 quae
1076 3182 1138 3223 non
1161 3169 1290 3245 oportet
1309 3184 1368 3225 nos
1390 3162 1548 3246 imputare

448 3271 508 3347 his,
525 3272 552 3334 si
567 3271 734 3356 quominus
748 3271 980 3334 contemnimus
997 3270 1136 3354 gratiam
1157 3271 1230 3334 Dei.
1276 3272 1549 3348 Quemadmodum

447 3381 530 3442 enim
552 3380 596 3442 illi
619 3402 682 3442 non
706 3380 908 3463 imputabant
933 3378 1024 3442 nobis
1048 3378 1294 3444 incontinentias
1313 3388 1448 3458 nostras,
1470 3403 1549 3465 quas

399 3511 435 3570 25
447 3490 571 3575 operati
590 3511 709 3564 sumus,
724 3489 909 3573 priusquam
931 3488 1078 3553 Christus
1100 3490 1132 3552 in
1154 3490 1245 3552 nobis
1266 3489 1547 3563 manifestaretur:

448 3601 492 3664 sic
507 3606 541 3662 et
555 3622 613 3662 nos
628 3620 692 3661 non
707 3605 757 3663 est
767 3599 892 3682 justum
907 3599 1065 3683 imputare
1078 3607 1154 3663 ante
1168 3600 1341 3663 adventum
1360 3600 1479 3663 Christi
1499 3600 1549 3662 his

448 3710 501 3793 qui
516 3715 738 3792 peccaverunt.
783 3708 917 3771 ¹‘Ormses
934 3708 1015 3770 mim
1033 3707 1163 3771 bomims
1182 3718 1265 3792 eccm
1280 3708 1380 3793 cirria
1395 3708 1469 3783 Dei,
1482 3708 1549 3790 jus·

449 3818 611 3883 tificantur
625 3825 733 3882 autem
754 3840 816 3881 non
831 3840 851 3881 a
866 3818 1054 3902 semetipsis,
1071 3818 1127 3881 sed
1141 3839 1162 3881 a
1179 3816 1306 3880 Domini
1327 3816 1478 3890 adventu,
1495 3816 1549 3898 qui

448 3931 618 3993 intendunt
646 3929 752 3992 lumen
781 3928 858 4011 ejus.
911 3927 978 3990 ¹In
1007 3934 1150 3990 nostram
1179 3933 1287 3988 autem
1317 3924 1548 4007 correptionem

399 4070 438 4125 30
448 4040 642 4123 conscriptos
664 4060 733 4101 esse
755 4045 846 4101 actus
866 4059 987 4114 eorum,
1002 4044 1039 4100 ut
1064 4036 1225 4109 sciremus,
1245 4032 1381 4115 primum
1409 4031 1548 4113 quidem,

447 4150 596 4233 quoniam
618 4171 700 4211 unus
722 4155 772 4211 est
794 4147 882 4210 Deus
902 4153 1011 4209 noster
1033 4152 1066 4208 et
1090 4143 1223 4217 illorum,
1241 4140 1292 4202 cui
1315 4160 1379 4202 non
1401 4139 1548 4222 placeant

445 4264 587 4342 peccata,
600 4255 724 4321 etiamsi
737 4279 757 4321 a
768 4255 862 4319 claris
874 4255 973 4327 fiant;
998 4252 1111 4315 deinde
1126 4260 1163 4313 ut
1179 4248 1397 4312 abstineamus
1410 4268 1431 4310 a
1445 4245 1546 4309 malis.

446 4368 481 4430 Si
506 4367 590 4430 enim
615 4366 648 4428 hi
664 4366 726 4452 ¹qui
750 4371 980 4449 praecesserunt
1005 4383 1062 4425 nos
1086 4360 1118 4422 in
1145 4356 1391 4422 charismatibus
1416 4363 1547 4435 veteres,

447 4483 577 4559 propter
596 4497 675 4559 quos
698 4476 838 4538 nondum
855 4474 957 4537 Filius
972 4472 1032 4536 Dei
1048 4491 1160 4554 passus
1180 4474 1262 4543 erat,
1277 4465 1495 4549 delinquentes
1515 4465 1548 4527 in

609 4651 620 4682 '¹
637 4662 651 4706 3
666 4650 727 4711 Reg.
739 4649 772 4697 xi.
783 4664 875 4709 nseqq.
976 4644 983 4677 ¹
999 4643 1088 4705 Ephes.
1101 4642 1133 4689 iv.
1145 4656 1168 4703 9.
1206 4655 1215 4688 1
1232 4640 1285 4688 Pet.
1297 4639 1331 4685 iii.
1346 4653 1382 4702 ¹9·

608 4732 622 4768 ¹¹
636 4731 707 4777 Rern.
719 4730 754 4778 iii.
767 4742 806 4787 23.
973 4726 981 4764 l
999 4739 1006 4772 1
1020 4725 1076 4772 Cor.
1088 4739 1113 4770 x.
1125 4737 1160 4769 ιι.
