3809 5650
395 665 460 730 382
775 666 1126 731 ANNOTATIONES

396 835 484 898 illum
497 833 672 917 affueris
686 833 833 917 torporis,
845 833 933 917 opud
945 855 1037 917 quom
1048 834 1227 916 sotisormom
1238 843 1349 898 station
1359 837 1504 920 temporis

395 935 506 1021 diripit
535 935 688 999 aternitas
712 933 789 1019 ηοτα.
834 935 879 997 Et
904 934 1090 999 divinationi
1112 935 1294 1018 propiotiooo
1322 938 1420 1021 osopio
1435 939 1500 1018 fo-

395 1036 520 1101 miiraro
534 1046 586 1113 est,
602 1037 639 1099 id
658 1036 739 1119 qaod
751 1036 1023 1119 prospiciendum
1037 1037 1196 1120 prospicit,
1204 1036 1275 1118 jorn
1295 1039 1391 1101 oiswm
1410 1049 1502 1123 atque

396 1138 443 1201 ito
449 1138 521 1222 jam
535 1147 722 1221 ταραττόντων,
737 1137 775 1200 id
787 1146 829 1200 ost
842 1137 924 1200 moni
938 1138 1172 1221 modosoturom
1184 1142 1405 1211 domorostroro,·
1421 1141 1502 1203 sient

390 1259 452 1322 prr
465 1239 605 1314 aniom,
622 1238 760 1301 Dorsum
780 1259 885 1300 meum
907 1238 997 1321 posui
1020 1237 1052 1299 iu
1074 1237 1207 1321 flagella,
1224 1239 1368 1301 maxillas
1389 1247 1501 1303 autem

397 1359 485 1402 meas
499 1339 532 1401 in
546 1338 678 1423 palmes,
693 1338 806 1402 faeiem
821 1360 924 1401 meam
940 1359 1015 1401 vero
1028 1359 1092 1400 non
1103 1339 1205 1402 averti
1219 1360 1240 1401 a
1254 1338 1500 1421 sputaminibus.

398 1440 553 1524 Ejusdem
568 1439 703 1523 denique
718 1439 876 1522 enallages
895 1438 1040 1522 exempla
1058 1438 1154 1502 affert
1170 1439 1306 1502 Adriani
1320 1440 1443 1523 Ioopopo
1464 1442 1501 1502 iro

398 1543 433 1606 θ.
448 1543 643 1626 Scriptorum
657 1541 699 1604 ab
717 1540 901 1604 Hoesohelio
915 1539 1013 1618 edita,
1029 1561 1114 1604 uum.
1129 1559 1180 1623 43.
1197 1562 1229 1624 p.
1250 1559 1298 1620 17.
1340 1540 1404 1603 Sed
1419 1541 1501 1605 satis

397 1641 495 1707 istaeo.

351 1806 353 1811 .
443 1745 480 1807 Ρ.
501 1744 575 1827 378.
597 1742 618 1806 l.
646 1763 693 1806 11.
716 1741 948 1825 παρῳχηκότος]
975 1740 1120 1803 Scribere
1141 1740 1245 1826 pergit
1268 1740 1436 1826 eelogiste:
1452 1740 1499 1806 Ὃ

399 1845 446 1907 καὶ
461 1848 515 1907 νῦν
530 1845 677 1924 φαίνεται.
701 1843 735 1905 τδ
746 1846 805 1924 γὰρ
815 1840 935 1914 Ἔθετο,
953 1843 1000 1905 καὶ
1016 1842 1064 1904 ἐπὶ
1079 1846 1131 1904 τοῦ
1150 1845 1360 1925 παρῳχηκότος
1380 1844 1428 1906 καὶ
1449 1846 1500 1907 ἐπὶ

398 1951 450 2008 τοῦ
473 1943 617 2024 ἐσομένου
638 1943 793 2007 τάσσεται.
820 1944 868 2006 ἐπὶ
889 1944 946 2022 μέν
968 1948 1021 2005 τοῦ
1044 1941 1198 2020 ἐσομένου·
1225 1944 1270 2005 δτι
1291 1946 1500 2022 πληρωθείσης

397 2047 502 2124 ταύτης
516 2049 566 2123 τῆς
582 2046 656 2107 κατδ
669 2044 724 2122 τὴν
743 2045 910 2124 παρουσίαν
930 2048 1102 2127 (παροῦσαν
1121 2043 1202 2126 oouj.
1220 2041 1388 2121 Potterus)
1411 2043 1501 2106 κατά·

398 2170 509 2208 στασιν
519 2147 667 2225 περιόδου,
678 2147 695 2207 ό
708 2147 815 2224 Κύριος
826 2147 993 2217 ἐλεύσεται,
1004 2146 1053 2207 καὶ
1061 2145 1128 2210 τοὺς
1139 2145 1275 2216 δικαίους,
1286 2146 1353 2211 τοὺς
1363 2148 1497 2213 πιστούς·

398 2247 442 2312 οἷς
457 2247 678 2308 ἐπαναπαύεται
693 2245 824 2325 καθάπερ
843 2250 947 2324 σκηνῇ,
966 2247 999 2309 ἐν
1019 2248 1077 2326 γὰρ
1098 2251 1183 2324 σῶμα
1204 2247 1234 2308 oi
1254 2245 1375 2322 πάντες,
1391 2249 1423 2309 ἐκ
1445 2253 1499 2310 τοῦ

398 2347 488 2409 αι’ποΰ
501 2346 619 2427 γένους,
633 2347 687 2425 τὴν
703 2347 793 2424 αὐτὴν
812 2348 914 2410 πίστιν
933 2350 982 2410 καὶ
1003 2349 1191 2424 δικαιοσύνην
1211 2348 1359 2425 ἑλόμενοι·
1383 2351 1425 2413 εἰς
1444 2348 1500 2425 τὴν

398 2446 490 2524 αὐτὴν
506 2448 630 2525 ἑνότητα
645 2448 975 2526 ἀποκαταστησόμενος.
999 2444 1068 2509 ἀλλ’
1085 2447 1114 2508 οδ
1125 2447 1191 2524 μὲν,
1205 2447 1243 2512 ὣς
1258 2446 1384 2526 κεφαλή·
1411 2449 1440 2509 oi
1455 2450 1498 2521 δέ,

398 2548 438 2612 ὣς
452 2548 614 2627 ὀφθαλμοί·
638 2549 668 2610 oi
682 2549 724 2622 δέ,
740 2548 780 2612 ὣς
794 2545 864 2610 ὦτα·
887 2549 917 2610 οδ
931 2550 974 2621 δὲ,
991 2548 1029 2613 ὣς
1042 2552 1151 2629 χεῖρες·
1174 2548 1204 2609 οδ
1223 2548 1267 2622 δέ,
1283 2547 1321 2613 ὡς
1340 2545 1444 2626 στήθη·
1470 2550 1500 2610 οἱ

397 2651 441 2724 δέ,
458 2649 496 2714 ὦς
510 2651 608 2727 πόδες,
621 2652 655 2712 ἐν
665 2650 740 2734 ἡλίῳ
755 2649 932 2729 τεθήσονται
945 2649 1094 2730 φοτεινοί.
1134 2647 1221 2726 Quod
1230 2657 1256 2711 ot
1266 2669 1347 2713 ιιυιια
1360 2659 1498 2732 apparot.

401 2748 519 2833 Quippe
539 2749 628 2828 iliad,
646 2750 771 2828 Posuit,
779 2772 841 2835 pro
848 2751 1008 2835 proetorito
1027 2759 1055 2813 ot
1060 2751 1172 2833 saturo
1180 2748 1319 2834 ponitur.
1363 2750 1430 2811 Pro
1440 2750 1500 2832 fo-

397 2858 465 2913 toro
479 2850 611 2934 qnidam,
626 2852 707 2935 quod
716 2852 841 2935 periodo
854 2862 949 2915 statuo
963 2851 1082 2934 tajaooo
1090 2851 1240 2934 presentis
1253 2849 1387 2934 impleto,
1403 2851 1501 2913 reniet

396 2950 557 3029 Dominae,
573 2972 611 3014 oo
616 2950 723 3034 justos,
735 2952 978 3036 oorpoFidolos,
987 2952 1022 3014 in
1036 2949 1141 3035 quibos
1155 2950 1246 3035 quasi
1260 2950 1294 3013 iro
1308 2948 1500 3013 submoto

397 3052 581 3136 omoqaiosoit,
600 3057 706 3134 (υιιυυι
720 3054 799 3116 onim
813 3075 921 3137 eorpus
934 3072 1032 3115 οτυιιιι
1050 3061 1130 3128 eant,
1143 3073 1179 3114 ιιι
1198 3051 1296 3114 eodem
1312 3071 1427 3135 ponere,
1445 3051 1500 3134 qai

388 3152 485 3234 fidem
499 3153 624 3217 modom
637 3176 675 3217 oo
681 3153 838 3235 justitiam
851 3153 1043 3238 roceperint)
1059 3153 1094 3216 iro
1107 3152 1230 3215 modom
1248 3152 1395 3215 unitatem
1414 3151 1499 3213 rosti-

397 3263 527 3317 totoroo.
572 3257 619 3317 At
632 3253 665 3317 tt
684 3255 806 3339 quidem
824 3263 858 3318 ot
876 3264 977 3340 oopot,
993 3253 1044 3317 itti
1057 3275 1126 3316 earo
1140 3262 1173 3316 ot
1188 3252 1275 3329 oniti,
1291 3250 1453 3336 tipoidom
1467 3261 1501 3315 ot

396 3376 496 3429 ουτος,
512 3353 564 3417 no·
578 3376 646 3417 roro
661 3364 694 3418 at
708 3377 827 3431 ιασιιιιι,
838 3355 872 3418 n·
886 3356 1011 3439 donqu
1024 3356 1071 3418 oti
1077 3365 1211 3440 pociora,
1221 3354 1271 3418 itti
1282 3375 1350 3418 roro
1360 3353 1498 3438 otpodffi

396 3455 504 3518 insola
518 3454 738 3518 oolloooboootnr
751 3456 859 3519 nati.

441 3555 522 3617 Ibid.
543 3555 563 3617 l.
589 3575 638 3619 12.
659 3555 804 3621 Clemens
828 3556 934 3639 Alex]
961 3558 989 3619 A
1008 3555 1171 3621 Clemente
1192 3555 1225 3617 in
1245 3554 1498 3641 Ηρροιηροτιῗδυι,

397 3677 493 3740 opere
510 3655 577 3739 jam
602 3655 657 3719 diu
678 3657 813 3740 perdito,
830 3678 901 3719 eum
920 3658 1111 3720 Pantaeuum
1135 3665 1289 3741 tanquam
1311 3656 1500 3741 magistrum

397 3777 489 3819 suum
504 3763 715 3821 memoratum
729 3756 825 3819 fuisse
837 3756 992 3833 novimus,
1003 3764 1072 3821 tum
1086 3758 1204 3821 ibidem
1218 3756 1500 3840 interpretationes

397 3858 466 3942 ejus
482 3858 513 3921 S.
531 3857 705 3942 Seripturae
720 3858 973 3941 traditionesque
987 3859 1154 3922 adductas.
1200 3856 1281 3920 Haeo
1296 3858 1380 3920 enim
1395 3859 1497 3920 Euse-

397 3959 468 4023 bius
491 3959 545 4023 lib.
566 3959 606 4023 vi.
621 3961 705 4024 Hist.
726 3982 794 4044 eap.
821 3979 866 4042 ¹3·
882 3960 1043 4033 ostendit;
1067 3959 1218 4039 ἰσάριθμα(
1236 3983 1269 4020 τε
1291 3960 1405 4024 τούτοις
1429 3963 1499 4041 (no

396 4062 574 4125 minaverat
595 4068 672 4125 ante
696 4061 853 4123 Eusebius
879 4066 954 4123 oeto
980 4060 1077 4123 libros
1103 4058 1274 4125 Clementis
1296 4060 1497 4138 Strornatom)

397 4161 476 4224 εἰσὶν
491 4163 521 4224 oi
535 4161 784 4242 ἐπιγεγραμμένοι
798 4163 1017 4223 ὑποτυπώσεων
1032 4161 1120 4223 αὐτοῦ
1134 4162 1232 4241 λόγοι,
1245 4162 1279 4223 ἐν
1294 4159 1336 4224 οἷς
1353 4160 1499 4237 ὀνομαστὶ

396 4262 434 4327 ὥς
458 4262 638 4325 διδασκάλω
662 4263 835 4324 Παυταίνου
854 4262 1042 4340 μνημονεύει,
1064 4260 1189 4343 ἐκδοχός
1208 4285 1241 4322 τε
1262 4260 1352 4323 αὐτοῦ
1372 4258 1499 4340 γράφων

397 4362 446 4423 καὶ
459 4362 640 4441 παραδόσεις
662 4361 855 4439 ἐκτιθέμενος.
901 4362 980 4441 Quae
1001 4361 1128 4445 quidem
1148 4361 1188 4424 de
1210 4357 1382 4424 Clementis
1397 4359 1496 4422 Alex-

395 4461 521 4523 andrini
551 4461 716 4544 disoiplina
746 4460 899 4538 narratio,
925 4461 1195 4544 adstipulantibus
1231 4461 1259 4524 ei
1289 4459 1498 4543 Hieronymo,

398 4560 542 4623 Maximo
551 4562 747 4639 Ooniessore,
761 4562 950 4645 Photioquo‚
964 4562 1104 4646 praeserri
1117 4562 1212 4625 debet
1224 4560 1410 4625 auctoritati
1422 4559 1498 4622 Phi·

395 4659 472 4744 lippi
489 4660 618 4736 Sidetae,
634 4683 727 4745 quom
743 4670 870 4726 constat
890 4664 1018 4726 ineunte
1040 4663 1154 4727 saeoulo
1175 4663 1287 4747 quinto
1307 4662 1339 4724 in
1356 4661 1497 4724 Historia
