3809 5650
474 690 539 754 408
818 685 1172 753 ANNOTATIONES

476 849 627 913 Fortasse
641 846 783 932 proxime
797 853 871 931 post
884 847 1062 930 legendum,
1080 847 1114 910 ls
1129 843 1358 921 οοάονναονὶὂαα,
1374 866 1448 909 cum
1463 847 1587 911 vocula

474 951 591 1014 isvoce
605 950 813 1013 antecedente
827 947 981 1033 absorpta
996 947 1092 1011 fuisse
1107 947 1261 1011 videatur.

519 1052 556 1113 P.
568 1070 643 1135 394.
666 1049 687 1113 l.
708 1066 757 1130 17.
779 1049 1029 1114 cohortantibus
1044 1047 1264 1133 condiscipulis
1279 1054 1313 1111 et
1327 1046 1495 1131 episcopis,
1508 1047 1580 1112 suis

476 1153 547 1235 bc]
565 1152 740 1217 Confirmat
761 1151 906 1216 Olemens
926 1149 1022 1214 Alex.
1044 1150 1131 1232 apud
1153 1148 1329 1214 Eusebium
1345 1151 1390 1213 H.
1402 1152 1447 1214 Ε.
1461 1147 1501 1214 vi.
1525 1170 1578 1232 ¹4·

475 1253 655 1338 Scripserat
674 1251 757 1316 enim
776 1251 827 1315 ille
851 1251 883 1313 in
903 1249 1145 1335 Hypotyposibus
1162 1250 1238 1328 suis,
1252 1250 1411 1314 Jcannem
1431 1249 1578 1314 omniurn

473 1354 738 1440 evangelistarum
752 1362 957 1437 postremum,
974 1374 1045 1416 cum
1060 1352 1182 1416 videret
1202 1352 1235 1415 in
1255 1352 1389 1416 aliorum
1404 1352 1579 1436 evangeliis

474 1479 522 1533 ea,
538 1478 609 1539 qnae
622 1457 664 1519 ad
679 1477 793 1538 corpus
808 1453 926 1518 Christi
941 1453 1113 1538 pertinent,
1126 1453 1249 1518 tradita
1260 1475 1340 1530 esse,
1352 1453 1453 1537 ipsum
1465 1453 1576 1519 divino

475 1556 598 1642 Spiritu
626 1555 770 1619 afflatum
800 1555 965 1639 spirituale
993 1554 1189 1643 evangelium
1218 1553 1420 1618 familiarium
1442 1574 1575 1616 snorum

475 1665 590 1743 rogatu
604 1656 834 1742 conscripsisse.
870 1654 992 1719 Narrat
1003 1662 1037 1719 et
1051 1654 1120 1738 ipse
1130 1653 1199 1718 loco
1210 1656 1305 1719 modo
1320 1660 1497 1718 memorato
1507 1654 1576 1719 Eu-

474 1759 581 1823 sebius
602 1758 657 1822 lib.
675 1757 718 1822 iii.
739 1758 823 1821 Hist.
845 1779 872 1823 c.
892 1776 943 1836 24.
967 1756 1127 1820 Joannem
1143 1754 1256 1820 ceteris
1276 1755 1444 1839 evangeliis
1458 1776 1576 1840 appro-

475 1860 570 1935 batis,
582 1881 634 1923 res
646 1866 755 1944 gestas
769 1880 790 1922 a
805 1857 936 1922 Christo
950 1864 1027 1922 ante
1042 1857 1174 1921 ductum
1189 1855 1221 1919 in
1237 1854 1363 1919 vincula
1378 1855 1573 1939 Baptistam,

474 1984 547 2026 curn
571 1968 702 2046 rogatus
724 1967 819 2037 esset,
841 1959 874 2022 in
898 1957 1061 2044 evangelio
1083 1956 1262 2022 tradidisse.
1309 1958 1391 2021 Hoec
1416 1955 1576 2035 Clemens,

475 2063 703 2147 Eusebinsque.
748 2061 897 2125 Proxime
926 2061 1060 2125 accedat
1089 2058 1285 2136 Victorinus,
1309 2058 1364 2142 qui
1393 2057 1451 2122 sub
1476 2057 1576 2124 finem

475 2164 580 2228 saeculi
595 2163 682 2227 tertii
698 2162 827 2235 lloruit;
852 2162 900 2225 ita
914 2161 998 2224 enim
1012 2160 1064 2225 ille
1079 2162 1119 2225 de
1133 2161 1157 2225 J
1159 2182 1260 2225 ocnne
1275 2161 1420 2245 apostolo
1435 2162 1468 2225 in
1485 2163 1575 2226 Corn-

475 2262 673 2326 madesmei
698 2261 860 2345 adscripto
885 2263 920 2324 ι’τι
944 2263 1174 2347 Apocalypsin,
1201 2284 1233 2346 p.
1251 2281 1340 2346 1253.
1367 2263 1403 2327 in
1429 2261 1574 2331 Bituott.

476 2364 636 2428 Parisios
650 2365 726 2426 PP.
742 2370 830 2427 tomo
846 2363 865 2426 i.
896 2365 984 2427 Nam
994 2374 1022 2428 ct
1030 2364 1215 2449 orospedam
1225 2374 1328 2449 posteo
1337 2365 1467 2449 sempsit.
1497 2366 1576 2430 Cam

475 2474 567 2530 sena
596 2466 770 2529 Valentinus
790 2474 817 2530 et
838 2467 1019 2531 cenulas
1041 2477 1067 2530 ct
1090 2466 1242 2543 Μάντιον
1263 2468 1365 2531 eane
1386 2467 1491 2532 mdcloe
1514 2471 1574 2533 Sc·

476 2568 586 2645 tloaae,
612 2567 720 2650 diffisi
740 2589 799 2652 per
819 2566 927 2643 orlaa,
952 2574 1167 2632 convenerunt
1193 2568 1236 2631 ad
1257 2568 1344 2631 illum
1368 2568 1408 2632 de
1430 2568 1574 2634 finitimis

476 2669 647 2755 provinciis
673 2691 790 2745 ornnes,
816 2667 967 2753 (episcopi
991 2668 1121 2732 odmen
1146 2668 1180 2731 c'n
1203 2667 1331 2732 dolebis
1357 2669 1504 2733 Victorini
1528 2671 1576 2734 od

477 2770 674 2857 Apocalyps.)
690 2776 724 2835 et
738 2769 970 2855 compulerunt,
986 2777 1024 2834 nt
1040 2771 1089 2849 (et
1103 2769 1223 2833 adduas
1236 2769 1338 2833 οαάοοι
1352 2768 1488 2852 Scholia)
1504 2769 1574 2856 ipse

476 2871 691 2936 testimonium
706 2872 928 2936 conscriberet.
963 2870 1161 2956 Epiphanius
1177 2891 1301 2954 quoque
1311 2872 1428 2935 Haercs.
1437 2870 1470 2936 li.
1486 2894 1574 2938 num.

482 2992 529 3036 ιο.
547 2984 619 3058 post
638 2981 920 3037 commemoratum
934 2973 1132 3057 propositum
1147 2973 1224 3036 illud
1238 2972 1375 3037 divinam
1385 2972 1503 3039 (lhristi
1519 2997 1575 3039 na·

477 3081 583 3140 turam
598 3075 795 3152 adstruendi,
812 3075 880 3139 liaec
900 3075 1038 3138 scribere
1057 3074 1180 3159 pergit3
1202 3074 1247 3138 διὸ
1269 3077 1395 3155 ὕστερον
1415 3075 1574 3157 ἀναγκάζει

477 3176 510 3239 τὸ
530 3174 617 3258 ἅγιον
635 3182 751 3255 πνεῦμα
772 3177 826 3240 τὸν
842 3175 986 3256 Ἰωάννην
1007 3177 1241 3255 παραιτούμενον
1261 3176 1515 3258 εὐαγγελίσασθαι
1537 3178 1574 3242 δι’

478 3278 640 3355 εὐλάβειαν
654 3279 702 3341 καὶ
716 3279 1004 3358 ταπεινοφροσύνην,
1019 3277 1067 3340 ἐπὶ
1082 3281 1116 3356 τῇ
1131 3275 1262 3361 γεραλέᾳ
1276 3277 1365 3341 αὐτοῦ
1378 3278 1575 3362 ἡλικία.-

478 3380 565 3440 Μετὰ
591 3380 677 3440 ἱκανὰ
697 3379 747 3454 ἔτη
772 3383 824 3441 τοῦ
844 3380 998 3459 διατρῖψαι
1017 3378 1108 3442 αὐτὸν
1127 3379 1186 3441 ἀπὸ
1210 3377 1281 3462 (sor.
1306 3377 1370 3464 brt)
1392 3383 1442 3458 τῆς
1455 3378 1572 3456 Ἀσίας,

477 3478 673 3557 ἀναγκάζεται
695 3479 835 3540 ἐκθέσθαι
856 3477 890 3540 τὸ
911 3478 1099 3559 εὐαγγέλιον.
1122 3502 1153 3564 p.
1167 3500 1240 3563 434.
1261 3479 1312 3544 ed.
1334 3481 1469 3546 Patavii.
1513 3483 1575 3548 Ait

477 3585 632 3662 praterea
644 3577 857 3662 Hieronymus
868 3580 918 3641 De
933 3578 1013 3642 Viris
1022 3579 1077 3643 Ill.
1094 3602 1163 3664 cap.
1175 3600 1206 3661 9.
1222 3581 1370 3644 Jooansm
1381 3584 1575 3649 maixime-m

476 3680 609 3743 omnium
621 3679 774 3764 scripsisse
792 3680 989 3763 aspeliam,
1005 3689 1151 3766 rogatum
1171 3681 1213 3745 ab
1232 3681 1318 3746 Asiae
1340 3683 1503 3769 episcopis,
1518 3688 1576 3752 ad·

476 3801 577 3844 cornu
587 3780 764 3845 Corinium
778 3781 909 3865 οάίοιᾳοο
923 3780 1122 3859 loerstieoaet
1135 3783 1265 3846 maniosa
1278 3792 1348 3847 νινιο
1360 3784 1577 3872 Εάίοοίιανιιοι

476 3883 584 3967 dopnsa
593 3903 777 3967 concerpere,
788 3883 842 3967 qui
850 3892 988 3947 οιιοτννιί
1000 3883 1154 3948 Christum
1165 3893 1235 3948 acne
1247 3886 1389 3949 Marium
1398 3908 1457 3950 ιιοτι
1462 3889 1575 3971 scisse.

477 3983 600 4047 Eadem
611 3991 728 4060 autem,
741 4005 778 4048 ac
791 3985 892 4068 plura,
903 3985 978 4049 huic
989 3985 1162 4049 consimilia
1173 3986 1360 4071 fragmento,
1376 3987 1474 4053 habet
1489 3989 1574 4053 idem

478 4085 692 4168 Hieronymus
707 4084 738 4146 in
755 4085 915 4149 Prooemio
935 4087 1148 4150 Commentaris'
1160 4108 1250 4171 super
1264 4087 1379 4152 Manli.
1423 4088 1473 4152 Ibi
1489 4091 1574 4153 enim

476 4186 615 4260 additur,
631 4185 861 4249 mebriaciccm
875 4207 1006 4249 narrare
1019 4187 1186 4265 liburiam,
1202 4210 1275 4252 cum
1289 4211 1310 4254 a
1320 4190 1473 4255 fratribus
1483 4214 1575 4277 coge

476 4294 566 4349 retur
593 4295 631 4350 ut
659 4286 821 4360 scriberet,
848 4286 895 4351 ita
919 4288 1078 4352 facturum
1107 4311 1141 4353 se
1166 4292 1375 4375 respondisse,
1398 4293 1424 4355 si
1452 4292 1574 4358 indicto

471 4385 593 4469 jejunio
612 4384 645 4448 in
665 4407 830 4450 commune
853 4408 963 4450 omnes
978 4388 1081 4451 Deum
1102 4388 1359 4472 deprecarentur,
1373 4414 1429 4475 qno
1450 4392 1574 4475 aptato,

475 4486 654 4548 recalescens
667 4496 837 4550 saturatum
853 4488 935 4551 idad
940 4489 1122 4571 preamium
1137 4512 1152 4553 ο
1163 4492 1232 4554 ναοῖο
1243 4493 1362 4556 οοιιὶοαι
1372 4494 1572 4558 manasse:

479 4586 518 4674 ln
540 4585 693 4669 principio
708 4594 779 4651 erat
799 4588 957 4662 Verbum;
982 4597 1015 4653 st
1036 4591 1174 4653 Verbum
1192 4601 1263 4657 erat
1281 4596 1368 4680 apud
1390 4597 1513 4669 Deum;
1538 4605 1574 4661 et

478 4684 565 4746 Deus
580 4695 650 4746 erat
665 4686 830 4760 Verbnni;
859 4690 931 4752 Hoc
951 4698 1020 4754 erat
1037 4691 1066 4753 in
1088 4692 1241 4777 principio
1261 4697 1346 4780 apud
1368 4699 1481 4759 Deum.
1519 4697 1574 4785 Ad
