3809 5650
538 709 761 775 EPISTULA
784 709 1112 775 VIENNENSIUM
1136 708 1194 774 ET
1218 707 1353 775 LUGD.
1433 709 1499 777 299

396 874 594 975 προθυμίας
621 871 845 976 ἀνεπλήρουν
873 872 939 972 τὴν
967 874 1163 976 ὁμολογίαν
1190 876 1255 970 τῆς
1285 870 1491 973 μαρτυρίας.

396 1009 584 1113 ἐφαίνοντο
609 1007 645 1087 δὲ
670 1011 729 1087 καὶ
753 1013 786 1087 οἱ
814 1007 990 1105 ἀνέτοιμοι
1017 1010 1076 1085 καὶ
1103 1006 1338 1107 ἀγύμναστοι,
1358 1008 1417 1083 καὶ
1444 1003 1496 1083 ἔτι

397 1145 569 1238 ἀσθενεῖς,
587 1146 726 1244 ἀγῶνος
742 1139 904 1243 μεγάλου
922 1140 1028 1220 τόνον
1050 1142 1203 1240 ἐνεγκεῖν
1224 1138 1274 1239 μὴ
1300 1137 1494 1236 δυνάμενοι·

397 1272 448 1353 ῶν
466 1279 524 1355 καὶ
542 1276 747 1382 ἐξέτρωσαν
765 1280 813 1359 ῶς
831 1276 915 1355 δέκα
933 1273 998 1355 τὸν
1016 1274 1181 1377 ἀριθμόν·
1212 1273 1245 1353 οἳ
1260 1277 1319 1353 καὶ
1332 1270 1497 1374 μεγάλην

367 1411 517 1511 5λάπην
535 1415 595 1490 καὶ
618 1412 747 1494 πένθος
772 1413 970 1514 ἀμέτρητον
995 1410 1205 1507 ἐνεποίησαν
1233 1409 1326 1507 ἡμῖν,
1345 1409 1404 1486 καὶ
1430 1406 1498 1507 τὴν

395 1545 597 1648 προθυμίαν
615 1552 686 1636 τῶν
701 1553 838 1625 λοιπῶν
851 1549 922 1624 τῶν
940 1542 990 1643 μὴ
1004 1542 1296 1641 συνειλημμένων
1309 1543 1495 1648 ἀνέκοψαν.

397 1679 431 1760 οἲ
449 1680 575 1783 καίπερ
592 1679 713 1760 πάντα
730 1679 776 1758 τά
793 1679 889 1759 δεινὰ
907 1679 1121 1784 πάσχοντες,
1133 1678 1229 1778 ὅμως
1247 1681 1497 1781 συμπαρῆσαν

396 1823 470 1897 τοῖς
498 1816 657 1918 μάρτυσι
678 1818 736 1895 καὶ
764 1818 827 1895 οὐκ
854 1817 1092 1896 ἀπελείποντο
1119 1816 1246 1894 αὐτῶν.
1282 1812 1363 1892 τάτε
1391 1811 1435 1912 δὴ
1462 1818 1497 1893 οὶ

395 1948 527 2034 πάντες
553 1949 721 2051 μεγάλως
746 1946 978 2048 έπτοηθημεν,
997 1944 1055 2027 διὰ
1079 1945 1122 2026 τὸ
1149 1947 1285 2045 ἄδηλον
1312 1949 1376 2044 τῆς
1403 1946 1494 2043 ὁμο-

350 2086 532 2186 ιολογίας·
562 2086 604 2165 οὐ
621 2084 686 2168 τὰς
698 2084 953 2189 ἐπιφερομενας
971 2081 1140 2166 κολοίσεις
1155 2081 1383 2189 φοβούμενοι,
1396 2080 1495 2162 ἀλλά

395 2219 437 2299 τὸ
465 2220 569 2303 τέλος
596 2222 809 2326 ἀφορῶντες,
836 2222 894 2298 καὶ
925 2216 968 2299 τὸ
997 2223 1194 2299 ἀποπεσεῖν
1221 2217 1302 2298 τινὰ
1329 2215 1492 2303 δεδιότες.

396 2354 714 2454 συνελαμβάνοντο
738 2357 857 2453 μέντοι
882 2357 959 2435 καθ
979 2354 1136 2454 ἑκάστην
1161 2355 1296 2458 ἡμέραν
1327 2360 1360 2433 οἱ
1390 2355 1495 2461 ἀξιοι,

395 2490 459 2572 τδν
483 2493 623 2570 ἐκείνων
644 2494 933 2593 ἀναπληροῦντες
951 2490 1116 2593 ἀριθμόν·
1145 2490 1241 2570 ῶστε
1269 2495 1495 2593 συλλεγῆναι

396 2629 435 2705 ἐκ
452 2632 524 2705 τῶν
549 2626 611 2704 δύο
636 2628 837 2722 ἐκκλησιῶν
859 2624 997 2708 πάντας
1021 2624 1103 2708 τοὺς
1121 2629 1349 2723 σπουδαίους,
1368 2629 1426 2705 καὶ
1450 2628 1493 2706 δι’

351 2758 446 2852 ιςῶν
462 2759 627 2859 μάλιστα
644 2758 870 2858 συνειστήκει
888 2757 934 2838 τὰ
947 2759 1081 2839 ἐνθάδε.
1113 2757 1433 2856 συνελαμβάνοντο
1458 2759 1496 2842 δὲ

395 2900 454 2977 καὶ
479 2898 610 2975 ε’θνικοί
632 2928 723 2978 τινες
750 2894 880 2973 οἰκέται
911 2900 983 2973 τῶν
1013 2894 1202 2996 ἡμετέρων·
1234 2897 1308 2974 ἐπεὶ
1338 2898 1496 3003 δημοσία

394 3032 580 3111 ἐκέλευσεν
599 3033 619 3109 ὁ
640 3027 784 3132 ἡγεμὼν
809 3028 1059 3130 ἀναζητεῖσθαι
1080 3025 1219 3112 πάντας
1243 3030 1347 3129 ἡμᾶς·
1379 3028 1412 3107 ci
1436 3033 1495 3109 καὶ

395 3168 471 3246 κατ’
491 3167 633 3266 ἐνέδραν
652 3173 715 3243 τοῦ
734 3168 892 3268 Σατανᾷ,
912 3162 1131 3267 φοβηθέντες
1155 3161 1219 3246 τάς
1243 3163 1429 3259 βασάνους
1452 3162 1495 3249 ἃς

396 3399 638 3476 Protomartyres,
655 3398 706 3473 qui
725 3416 838 3455 summa
855 3396 917 3453 ani·
968 3395 1040 3454 culsi
1069 3397 1257 3464 haerebamus‚
1282 3399 1320 3456 ob
1348 3401 1492 3461 incertum

349 3498 507 3536 tomorum
530 3478 679 3537 alacritate
702 3477 857 3535 solemnem
881 3475 916 3532 il.
968 3477 1158 3535 confessionis
1168 3488 1325 3537 eventum:
1341 3502 1399 3540 non
1414 3483 1493 3559 quod

394 3557 451 3616 lam
473 3569 631 3640 martyrum
655 3557 865 3616 confessionem
886 3577 915 3613 e·
967 3566 1114 3616 tormenta
1122 3577 1186 3634 quoe
1195 3559 1405 3627 inferebantur,
1415 3583 1493 3641 mag-

393 3637 540 3697 diderunt.
577 3637 637 3708 Qui
651 3658 721 3695 vero
739 3636 871 3714 imparati
886 3648 917 3695 et
968 3656 1076 3715 nopcre
1090 3637 1268 3706 timeremus,
1285 3642 1336 3700 sed
1354 3642 1492 3719 quoniam

394 3718 587 3786 inexercitati,
615 3738 669 3776 nec
701 3716 791 3774 firmis
822 3714 916 3774 adbuc
967 3717 1076 3774 exitum
1096 3718 1137 3775 rei
1157 3719 1254 3776 animo
1273 3723 1491 3801 prospicientes,

393 3808 477 3855 erant
496 3798 605 3855 viribus
624 3797 660 3856 ad
679 3798 821 3875 impetum
840 3797 914 3853 tanti
967 3815 1004 3855 ne
1038 3797 1104 3873 quis
1134 3809 1283 3857 corrueret
1310 3804 1491 3862 verebamur.

347 3898 382 3956 25
394 3878 559 3936 certaminis
597 3875 809 3939 sustinendum.
844 3884 916 3932 tunc
968 3875 1491 3959 comprehendebanturquotidiequi

393 3958 546 4015 manifeste
570 3967 739 4034 patuerunt.
784 3954 831 4011 Ex
853 3954 916 4031 qui·
967 3952 1047 4031 digni
1062 3965 1144 4012 erant
1156 3966 1190 4012 ut
1204 3976 1359 4016 numerum
1374 3961 1491 4020 illorum

392 4038 447 4095 bus
458 4036 556 4095 decem
568 4037 683 4095 circiter
693 4033 822 4112 collapsi,
833 4053 915 4091 max.
967 4033 1153 4112 supplerent:
1176 4034 1249 4093 adeo
1267 4049 1302 4096 ut
1316 4058 1352 4096 ex
1367 4051 1491 4116 utraque

393 4118 484 4174 imum
499 4117 581 4174 nobis
595 4116 723 4173 dolorem
741 4125 772 4172 et
790 4114 914 4173 incredi-
966 4111 1086 4171 ecclesia
1095 4116 1323 4191 praestantissimi
1333 4120 1451 4197 quique,
1460 4130 1491 4181 et

392 4197 479 4255 bilem
511 4195 624 4254 luctum
657 4193 840 4264 attulerunt;
885 4204 916 4253 et
966 4212 1090 4269 quorum
1124 4194 1249 4253 maxime
1275 4196 1375 4256 labore
1402 4209 1490 4276 atque

344 4276 514 4355 30aliorum
549 4275 726 4333 alacritatem
753 4274 914 4350 fregerunt,
966 4272 1109 4330 industria
1126 4293 1171 4330 res
1190 4274 1237 4332 hic
1256 4278 1422 4336 constitute
1441 4280 1491 4339 fn.

392 4357 441 4433 qui
464 4355 593 4413 nondum
614 4353 824 4432 comprehensi,
846 4353 915 4411 licet
966 4363 1058 4420 erant,
1080 4352 1167 4410 simul
1188 4374 1288 4413 omnes
1311 4368 1489 4418 tenerentur.

391 4437 560 4513 gravissima
600 4443 771 4513 paterentur
806 4434 915 4490 incom.
967 4433 1053 4511 Capti
1075 4444 1144 4489 sunt
1168 4434 1256 4491 ctiam
1279 4436 1396 4511 quidam
1421 4458 1489 4500 nos·

391 4515 486 4581 moda,
501 4525 596 4572 tamen
616 4512 792 4591 martyribus
810 4522 916 4591 praesto
966 4523 1079 4570 trorum
1093 4513 1168 4570 serni
1180 4514 1230 4589 qui
1247 4515 1382 4574 Gentiles
1395 4530 1489 4588 arant,

391 4594 521 4659 aderant,
535 4613 588 4651 nec
604 4594 640 4651 ab
659 4612 759 4650 corum
778 4612 915 4669 conspec-
966 4590 1198 4668 quandoquidem
1223 4593 1333 4653 Praeses
1354 4616 1406 4655 nos
1426 4619 1489 4657 om·

343 4684 426 4756 35tu
453 4672 648 4732 discedebant.
705 4672 816 4729 Omnes
843 4682 915 4729 tunc
966 4691 1017 4729 nes
1032 4672 1139 4747 requiri
1158 4671 1252 4749 palam
1264 4674 1399 4749 jusserat.
1430 4680 1489 4748 Qui

391 4754 531 4832 temporis
551 4752 721 4831 gravissimo
743 4762 824 4810 metu
849 4770 913 4829 pcr-
967 4750 1115 4810 Daemouis
1129 4751 1267 4829 impulsu,
1282 4774 1347 4813 cum
1363 4766 1491 4817 tormen·

895 4846 985 4912 cqc
