<?xml version="1.0" encoding="UTF-8"?>
<!DOCTYPE html PUBLIC "-//W3C//DTD XHTML 1.0 Transitional//EN"
    "http://www.w3.org/TR/xhtml1/DTD/xhtml1-transitional.dtd">
<html xmlns="http://www.w3.org/1999/xhtml" xml:lang="en" lang="en">
 <head>
  <title>
</title>
<meta http-equiv="Content-Type" content="text/html;charset=utf-8" />
  <meta name='ocr-system' content='tesseract 3.04.00' />
  <meta name='ocr-capabilities' content='ocr_page ocr_carea ocr_par ocr_line ocrx_word'/>
</head>
<body>
  <div class='ocr_page' id='page_1' title='image "./reliquiaesacrae07routgoog_0577.png"; bbox 0 0 3809 5650; ppageno 0'>
   <div class='ocr_carea' id='block_1_1' title="bbox 415 713 1133 779">
    <p class='ocr_par' dir='ltr' id='par_1_1' title="bbox 415 713 1133 779">
     <span class='ocr_line' id='line_1_1' title="bbox 415 713 1133 779; baseline -0.003 -2"><span class='ocrx_word' id='word_1_1' title='bbox 415 717 478 777; x_wconf 59' lang='lat'><strong>489</strong></span> <span class='ocrx_word' id='word_1_2' title='bbox 781 713 1133 779; x_wconf 81' lang='lat' dir='ltr'><strong>ANNOTATIONES</strong></span> 
     </span>
    </p>
   </div>
   <div class='ocr_carea' id='block_1_2' title="bbox 404 879 1533 2382">
    <p class='ocr_par' dir='ltr' id='par_1_2' title="bbox 404 879 1533 2382">
     <span class='ocr_line' id='line_1_2' title="bbox 413 879 1533 965; baseline -0.002 -23"><span class='ocrx_word' id='word_1_3' title='bbox 413 879 606 955; x_wconf 72' lang='lat' dir='ltr'><em>Marcellam,</em></span> <span class='ocrx_word' id='word_1_4' title='bbox 634 879 693 963; x_wconf 88' lang='lat' dir='ltr'><strong>Ep.</strong></span> <span class='ocrx_word' id='word_1_5' title='bbox 710 880 804 942; x_wconf 85' lang='lat' dir='ltr'><strong>xxvii.</strong></span> <span class='ocrx_word' id='word_1_6' title='bbox 829 882 868 943; x_wconf 89' lang='lat' dir='ltr'><strong>al.</strong></span> <span class='ocrx_word' id='word_1_7' title='bbox 885 899 936 965; x_wconf 83' lang='lat'><strong>54</strong></span> <span class='ocrx_word' id='word_1_8' title='bbox 965 883 1018 945; x_wconf 93' lang='lat' dir='ltr'><strong>ubi</strong></span> <span class='ocrx_word' id='word_1_9' title='bbox 1038 879 1200 945; x_wconf 59' lang='lat' dir='ltr'><strong>daciscum</strong></span> <span class='ocrx_word' id='word_1_10' title='bbox 1222 900 1296 944; x_wconf 88' lang='lat' dir='ltr'><strong>eum</strong></span> <span class='ocrx_word' id='word_1_11' title='bbox 1318 879 1470 963; x_wconf 75' lang='lat' dir='ltr'><strong>appeth</strong></span> <span class='ocrx_word' id='word_1_12' title='bbox 1495 885 1533 941; x_wconf 87' lang='lat' dir='ltr'><strong>et</strong></span> 
     </span>
     <span class='ocr_line' id='line_1_3' title="bbox 411 980 1530 1063; baseline 0 -20"><span class='ocrx_word' id='word_1_13' title='bbox 411 983 608 1051; x_wconf 61' lang='lat' dir='ltr'><strong>semivirum</strong></span> <span class='ocrx_word' id='word_1_14' title='bbox 634 980 807 1063; x_wconf 72' lang='lat' dir='ltr'>quinetiam</span> <span class='ocrx_word' id='word_1_15' title='bbox 830 983 1055 1046; x_wconf 88' lang='lat' dir='ltr'><strong>Benedictinus</strong></span> <span class='ocrx_word' id='word_1_16' title='bbox 1074 981 1179 1046; x_wconf 81' lang='lat' dir='ltr'>editor</span> <span class='ocrx_word' id='word_1_17' title='bbox 1198 982 1240 1045; x_wconf 89' lang='lat' dir='ltr'><strong>ad</strong></span> <span class='ocrx_word' id='word_1_18' title='bbox 1261 981 1367 1044; x_wconf 92' lang='lat' dir='ltr'><strong>locum</strong></span> <span class='ocrx_word' id='word_1_19' title='bbox 1382 980 1530 1054; x_wconf 82' lang='lat' dir='ltr'><strong>notavit,</strong></span> 
     </span>
     <span class='ocr_line' id='line_1_4' title="bbox 411 1081 1531 1167; baseline -0.001 -23"><span class='ocrx_word' id='word_1_20' title='bbox 411 1083 458 1144; x_wconf 88' lang='lat' dir='ltr'><strong>ita</strong></span> <span class='ocrx_word' id='word_1_21' title='bbox 473 1090 619 1145; x_wconf 87' lang='lat' dir='ltr'><strong>vocatum</strong></span> <span class='ocrx_word' id='word_1_22' title='bbox 634 1103 705 1145; x_wconf 89' lang='lat' dir='ltr'><strong>eum</strong></span> <span class='ocrx_word' id='word_1_23' title='bbox 720 1083 795 1165; x_wconf 90' lang='lat' dir='ltr'><strong>quia</strong></span> <span class='ocrx_word' id='word_1_24' title='bbox 816 1084 991 1147; x_wconf 78' lang='lat' dir='ltr'><strong>Montanus</strong></span> <span class='ocrx_word' id='word_1_25' title='bbox 1006 1090 1090 1147; x_wconf 89' lang='lat' dir='ltr'><strong>esset</strong></span> <span class='ocrx_word' id='word_1_26' title='bbox 1110 1104 1129 1146; x_wconf 91' lang='lat' dir='ltr'><strong>e</strong></span> <span class='ocrx_word' id='word_1_27' title='bbox 1144 1082 1294 1167; x_wconf 84' lang='lat' dir='ltr'><strong>Phrygia,</strong></span> <span class='ocrx_word' id='word_1_28' title='bbox 1311 1082 1367 1145; x_wconf 90' lang='lat' dir='ltr'><strong>ubi</strong></span> <span class='ocrx_word' id='word_1_29' title='bbox 1385 1081 1531 1165; x_wconf 81' lang='lat' dir='ltr'><strong>Cybeles</strong></span> 
     </span>
     <span class='ocr_line' id='line_1_5' title="bbox 411 1183 1529 1268; baseline 0.001 -22"><span class='ocrx_word' id='word_1_30' title='bbox 411 1183 592 1247; x_wconf 75' lang='lat' dir='ltr'><strong>sacerdotes</strong></span> <span class='ocrx_word' id='word_1_31' title='bbox 606 1183 740 1247; x_wconf 86' lang='lat' dir='ltr'><strong>castrari</strong></span> <span class='ocrx_word' id='word_1_32' title='bbox 755 1185 909 1248; x_wconf 86' lang='lat' dir='ltr'><strong>solebant.</strong></span> <span class='ocrx_word' id='word_1_33' title='bbox 945 1185 1055 1268; x_wconf 81' lang='lat' dir='ltr'><strong>Neque</strong></span> <span class='ocrx_word' id='word_1_34' title='bbox 1070 1185 1104 1247; x_wconf 94' lang='lat' dir='ltr'><strong>id</strong></span> <span class='ocrx_word' id='word_1_35' title='bbox 1118 1186 1360 1265; x_wconf 81' lang='grc' dir='ltr'>ὀπρασδιονύσως</span> <span class='ocrx_word' id='word_1_36' title='bbox 1374 1184 1529 1247; x_wconf 84' lang='lat' dir='ltr'><strong>animad-</strong></span> 
     </span>
     <span class='ocr_line' id='line_1_6' title="bbox 410 1283 1529 1367; baseline 0 -21"><span class='ocrx_word' id='word_1_37' title='bbox 410 1306 534 1348; x_wconf 86' lang='lat' dir='ltr'><strong>versum</strong></span> <span class='ocrx_word' id='word_1_38' title='bbox 556 1293 615 1361; x_wconf 92' lang='lat' dir='ltr'><strong>est,</strong></span> <span class='ocrx_word' id='word_1_39' title='bbox 637 1307 773 1367; x_wconf 83' lang='lat' dir='ltr'><strong>namquo</strong></span> <span class='ocrx_word' id='word_1_40' title='bbox 797 1287 828 1348; x_wconf 91' lang='lat' dir='ltr'><strong>in</strong></span> <span class='ocrx_word' id='word_1_41' title='bbox 851 1286 931 1349; x_wconf 92' lang='lat' dir='ltr'><strong>libro</strong></span> <span class='ocrx_word' id='word_1_42' title='bbox 955 1287 1002 1348; x_wconf 83' lang='lat' dir='ltr'><strong>De</strong></span> <span class='ocrx_word' id='word_1_43' title='bbox 1029 1285 1189 1359; x_wconf 67' lang='lat' dir='ltr'><strong>litatem,</strong></span> <span class='ocrx_word' id='word_1_44' title='bbox 1213 1284 1352 1366; x_wconf 86' lang='lat' dir='ltr'><strong>Didymo</strong></span> <span class='ocrx_word' id='word_1_45' title='bbox 1376 1283 1529 1347; x_wconf 85' lang='lat' dir='ltr'><strong>Alexan-</strong></span> 
     </span>
     <span class='ocr_line' id='line_1_7' title="bbox 410 1385 1527 1470; baseline 0.002 -22"><span class='ocrx_word' id='word_1_46' title='bbox 410 1387 501 1449; x_wconf 94' lang='lat' dir='ltr'><strong>drino</strong></span> <span class='ocrx_word' id='word_1_47' title='bbox 531 1407 624 1469; x_wconf 88' lang='lat' dir='ltr'><strong>quem</strong></span> <span class='ocrx_word' id='word_1_48' title='bbox 652 1387 849 1462; x_wconf 88' lang='lat' dir='ltr'><strong>adscribunt,</strong></span> <span class='ocrx_word' id='word_1_49' title='bbox 878 1395 954 1450; x_wconf 84' lang='lat' dir='ltr'><strong>ante</strong></span> <span class='ocrx_word' id='word_1_50' title='bbox 983 1409 1083 1450; x_wconf 92' lang='lat' dir='ltr'><strong>annos</strong></span> <span class='ocrx_word' id='word_1_51' title='bbox 1112 1387 1238 1450; x_wconf 89' lang='lat' dir='ltr'><strong>circiter</strong></span> <span class='ocrx_word' id='word_1_52' title='bbox 1266 1385 1402 1469; x_wconf 79' lang='lat' dir='ltr'><strong>triginta</strong></span> <span class='ocrx_word' id='word_1_53' title='bbox 1433 1387 1527 1470; x_wconf 88' lang='lat' dir='ltr'><strong>apud</strong></span> 
     </span>
     <span class='ocr_line' id='line_1_8' title="bbox 411 1487 1528 1572; baseline 0 -23"><span class='ocrx_word' id='word_1_54' title='bbox 411 1487 513 1551; x_wconf 81' lang='lat' dir='ltr'><strong>italos</strong></span> <span class='ocrx_word' id='word_1_55' title='bbox 532 1489 635 1571; x_wconf 89' lang='lat' dir='ltr'><strong>primo</strong></span> <span class='ocrx_word' id='word_1_56' title='bbox 650 1489 783 1564; x_wconf 86' lang='lat' dir='ltr'><strong>editum,</strong></span> <span class='ocrx_word' id='word_1_57' title='bbox 798 1491 838 1552; x_wconf 93' lang='lat' dir='ltr'><strong>de</strong></span> <span class='ocrx_word' id='word_1_58' title='bbox 855 1490 1012 1552; x_wconf 89' lang='lat' dir='ltr'><strong>Montano</strong></span> <span class='ocrx_word' id='word_1_59' title='bbox 1033 1488 1186 1572; x_wconf 88' lang='lat' dir='ltr'><strong>scriptum</strong></span> <span class='ocrx_word' id='word_1_60' title='bbox 1208 1487 1268 1550; x_wconf 92' lang='lat' dir='ltr'><strong>hoo</strong></span> <span class='ocrx_word' id='word_1_61' title='bbox 1289 1493 1402 1557; x_wconf 83' lang='lat' dir='ltr'><strong>extat;</strong></span> <span class='ocrx_word' id='word_1_62' title='bbox 1431 1492 1528 1550; x_wconf 77' lang='grc' dir='ltr'>Μετὰ</span> 
     </span>
     <span class='ocr_line' id='line_1_9' title="bbox 408 1589 1525 1671; baseline 0.004 -21"><span class='ocrx_word' id='word_1_63' title='bbox 408 1590 462 1666; x_wconf 81' lang='grc' dir='ltr'>τὴν</span> <span class='ocrx_word' id='word_1_64' title='bbox 484 1589 639 1670; x_wconf 75' lang='grc' dir='ltr'>ἀνάληψιν</span> <span class='ocrx_word' id='word_1_65' title='bbox 660 1597 712 1653; x_wconf 89' lang='grc' dir='ltr'>τοῦ</span> <span class='ocrx_word' id='word_1_66' title='bbox 736 1595 869 1671; x_wconf 79' lang='grc' dir='ltr'>Σωτῆρος</span> <span class='ocrx_word' id='word_1_67' title='bbox 891 1593 940 1654; x_wconf 81' lang='grc' dir='ltr'><strong>καὶ</strong></span> <span class='ocrx_word' id='word_1_68' title='bbox 962 1591 1016 1668; x_wconf 72' lang='grc' dir='ltr'>τὴν</span> <span class='ocrx_word' id='word_1_69' title='bbox 1039 1593 1228 1670; x_wconf 79' lang='grc' dir='ltr'>ἐπιφοίτησιν</span> <span class='ocrx_word' id='word_1_70' title='bbox 1243 1594 1294 1651; x_wconf 85' lang='grc' dir='ltr'>τοῦ</span> <span class='ocrx_word' id='word_1_71' title='bbox 1316 1591 1405 1668; x_wconf 76' lang='grc' dir='ltr'>ἁγίου</span> <span class='ocrx_word' id='word_1_72' title='bbox 1429 1592 1525 1654; x_wconf 78' lang='grc' dir='ltr'>πνεύ-</span> 
     </span>
     <span class='ocr_line' id='line_1_10' title="bbox 407 1689 1523 1772; baseline 0.002 -20"><span class='ocrx_word' id='word_1_73' title='bbox 407 1714 498 1767; x_wconf 86' lang='grc' dir='ltr'>ματος</span> <span class='ocrx_word' id='word_1_74' title='bbox 513 1690 608 1754; x_wconf 75' lang='grc' dir='ltr'>πλέον</span> <span class='ocrx_word' id='word_1_75' title='bbox 622 1690 640 1770; x_wconf 80' lang='grc' dir='ltr'>ἢ</span> <span class='ocrx_word' id='word_1_76' title='bbox 659 1697 734 1770; x_wconf 79' lang='grc' dir='ltr'>μετὰ</span> <span class='ocrx_word' id='word_1_77' title='bbox 755 1693 861 1756; x_wconf 72' lang='grc' dir='ltr'>ἕκατον</span> <span class='ocrx_word' id='word_1_78' title='bbox 876 1694 936 1770; x_wconf 72' lang='grc' dir='ltr'>ἔτη,</span> <span class='ocrx_word' id='word_1_79' title='bbox 959 1694 1120 1772; x_wconf 83' lang='grc' dir='ltr'>γενόμενος</span> <span class='ocrx_word' id='word_1_80' title='bbox 1141 1689 1233 1770; x_wconf 76' lang='grc' dir='ltr'>ἱερεὺς</span> <span class='ocrx_word' id='word_1_81' title='bbox 1247 1695 1363 1768; x_wconf 76' lang='grc' dir='ltr'>πρῶτον</span> <span class='ocrx_word' id='word_1_82' title='bbox 1378 1691 1523 1764; x_wconf 74' lang='grc' dir='ltr'>εἰδόλου,</span> 
     </span>
     <span class='ocr_line' id='line_1_11' title="bbox 408 1789 1522 1876; baseline 0.003 -24"><span class='ocrx_word' id='word_1_83' title='bbox 408 1793 456 1854; x_wconf 79' lang='grc' dir='ltr'><strong>καὶ</strong></span> <span class='ocrx_word' id='word_1_84' title='bbox 471 1795 545 1856; x_wconf 78' lang='grc' dir='ltr'>οὕτω</span> <span class='ocrx_word' id='word_1_85' title='bbox 568 1794 622 1870; x_wconf 78' lang='grc' dir='ltr'>τὴν</span> <span class='ocrx_word' id='word_1_86' title='bbox 644 1794 762 1874; x_wconf 75' lang='grc' dir='ltr'>τυφλὴν</span> <span class='ocrx_word' id='word_1_87' title='bbox 783 1796 890 1872; x_wconf 69' lang='grc' dir='ltr'>ταύτην</span> <span class='ocrx_word' id='word_1_88' title='bbox 916 1791 1152 1874; x_wconf 72' lang='grc' dir='ltr'>εἰσηγησάμενος</span> <span class='ocrx_word' id='word_1_89' title='bbox 1172 1794 1296 1870; x_wconf 75' lang='grc' dir='ltr'>αἵρεσιν.</span> <span class='ocrx_word' id='word_1_90' title='bbox 1318 1789 1371 1853; x_wconf 87' lang='lat' dir='ltr'><strong>lib.</strong></span> <span class='ocrx_word' id='word_1_91' title='bbox 1383 1790 1428 1854; x_wconf 87' lang='lat' dir='ltr'><strong>iii.</strong></span> <span class='ocrx_word' id='word_1_92' title='bbox 1446 1813 1522 1876; x_wconf 83' lang='lat' dir='ltr'><strong>cap.</strong></span> 
     </span>
     <span class='ocr_line' id='line_1_12' title="bbox 406 1890 1524 1980; baseline 0.001 -25"><span class='ocrx_word' id='word_1_93' title='bbox 406 1895 526 1976; x_wconf 82' lang='lat' dir='ltr'><strong>penult.</strong></span> <span class='ocrx_word' id='word_1_94' title='bbox 551 1918 580 1980; x_wconf 92' lang='lat' dir='ltr'><strong>p.</strong></span> <span class='ocrx_word' id='word_1_95' title='bbox 597 1916 672 1978; x_wconf 85' lang='lat'><strong>449.</strong></span> <span class='ocrx_word' id='word_1_96' title='bbox 695 1895 749 1959; x_wconf 90' lang='lat' dir='ltr'><strong>ubi</strong></span> <span class='ocrx_word' id='word_1_97' title='bbox 775 1895 813 1959; x_wconf 93' lang='lat' dir='ltr'><strong>cl.</strong></span> <span class='ocrx_word' id='word_1_98' title='bbox 837 1894 1066 1979; x_wconf 86' lang='lat' dir='ltr'><strong>Mingarellius.</strong></span> <span class='ocrx_word' id='word_1_99' title='bbox 1105 1891 1334 1957; x_wconf 87' lang='lat' dir='ltr'><strong>“Montanum</strong></span> <span class='ocrx_word' id='word_1_100' title='bbox 1357 1890 1524 1976; x_wconf 78' lang='lat' dir='ltr'><strong>Didymus</strong></span> 
     </span>
     <span class='ocr_line' id='line_1_13' title="bbox 406 1991 1522 2079; baseline 0 -21"><span class='ocrx_word' id='word_1_101' title='bbox 406 1997 517 2059; x_wconf 89' lang='lat' dir='ltr'><strong>“idoli</strong></span> <span class='ocrx_word' id='word_1_102' title='bbox 541 1997 738 2061; x_wconf 75' lang='lat' dir='ltr'><strong>sacerdotem</strong></span> <span class='ocrx_word' id='word_1_103' title='bbox 762 2004 863 2070; x_wconf 83' lang='lat' dir='ltr'><strong>vocat,</strong></span> <span class='ocrx_word' id='word_1_104' title='bbox 882 1997 1099 2079; x_wconf 86' lang='lat' dir='ltr'><strong>Hieronymus</strong></span> <span class='ocrx_word' id='word_1_105' title='bbox 1121 2015 1195 2057; x_wconf 87' lang='lat' dir='ltr'><strong>vero</strong></span> <span class='ocrx_word' id='word_1_106' title='bbox 1217 1992 1250 2054; x_wconf 91' lang='lat' dir='ltr'><strong>in</strong></span> <span class='ocrx_word' id='word_1_107' title='bbox 1273 1991 1376 2076; x_wconf 89' lang='lat' dir='ltr'><strong>Epist.</strong></span> <span class='ocrx_word' id='word_1_108' title='bbox 1393 1992 1449 2055; x_wconf 82' lang='lat' dir='ltr'><strong>xli.</strong></span> <span class='ocrx_word' id='word_1_109' title='bbox 1473 1994 1522 2058; x_wconf 87' lang='lat' dir='ltr'><strong>ad</strong></span> 
     </span>
     <span class='ocr_line' id='line_1_14' title="bbox 407 2092 1522 2178; baseline -0.001 -19"><span class='ocrx_word' id='word_1_110' title='bbox 407 2097 631 2162; x_wconf 88' lang='lat' dir='ltr'><strong>“Marcellam</strong></span> <span class='ocrx_word' id='word_1_111' title='bbox 653 2097 812 2161; x_wconf 69' lang='grc' dir='ltr'>αάιαζςτνπι</span> <span class='ocrx_word' id='word_1_112' title='bbox 834 2110 861 2162; x_wconf 78' lang='lat' dir='ltr'><strong>ct</strong></span> <span class='ocrx_word' id='word_1_113' title='bbox 882 2100 1064 2162; x_wconf 67' lang='lat' dir='ltr'><strong>amianas.</strong></span> <span class='ocrx_word' id='word_1_114' title='bbox 1103 2096 1238 2159; x_wconf 90' lang='lat' dir='ltr'><strong>Videtur</strong></span> <span class='ocrx_word' id='word_1_115' title='bbox 1254 2115 1331 2178; x_wconf 82' lang='lat' dir='ltr'><strong>ergo</strong></span> <span class='ocrx_word' id='word_1_116' title='bbox 1351 2092 1451 2158; x_wconf 80' lang='lat' dir='ltr'><strong>luisse</strong></span> <span class='ocrx_word' id='word_1_117' title='bbox 1466 2116 1522 2158; x_wconf 88' lang='lat' dir='ltr'><strong>sa·</strong></span> 
     </span>
     <span class='ocr_line' id='line_1_15' title="bbox 405 2196 1521 2284; baseline -0.001 -23"><span class='ocrx_word' id='word_1_118' title='bbox 405 2206 427 2236; x_wconf 90' lang='lat'>“</span> <span class='ocrx_word' id='word_1_119' title='bbox 443 2199 554 2262; x_wconf 85' lang='lat' dir='ltr'><strong>cardos</strong></span> <span class='ocrx_word' id='word_1_120' title='bbox 569 2199 711 2281; x_wconf 73' lang='lat' dir='ltr'><strong>Cybeles,</strong></span> <span class='ocrx_word' id='word_1_121' title='bbox 728 2221 798 2282; x_wconf 84' lang='lat' dir='ltr'><strong>quae</strong></span> <span class='ocrx_word' id='word_1_122' title='bbox 819 2201 851 2262; x_wconf 95' lang='lat' dir='ltr'><strong>in</strong></span> <span class='ocrx_word' id='word_1_123' title='bbox 870 2200 1010 2284; x_wconf 85' lang='lat' dir='ltr'><strong>Phrygia</strong></span> <span class='ocrx_word' id='word_1_124' title='bbox 1024 2200 1162 2264; x_wconf 86' lang='lat' dir='ltr'><strong>maxime</strong></span> <span class='ocrx_word' id='word_1_125' title='bbox 1184 2196 1366 2267; x_wconf 77' lang='lat' dir='ltr'><strong>colebatur3</strong></span> <span class='ocrx_word' id='word_1_126' title='bbox 1391 2202 1427 2258; x_wconf 91' lang='lat' dir='ltr'><strong>et</strong></span> <span class='ocrx_word' id='word_1_127' title='bbox 1442 2216 1521 2279; x_wconf 86' lang='lat' dir='ltr'><strong>spa-</strong></span> 
     </span>
     <span class='ocr_line' id='line_1_16' title="bbox 404 2296 1521 2382; baseline 0.003 -22"><span class='ocrx_word' id='word_1_128' title='bbox 404 2308 426 2337; x_wconf 87' lang='lat'><strong>“</strong></span> <span class='ocrx_word' id='word_1_129' title='bbox 441 2301 539 2361; x_wconf 89' lang='lat' dir='ltr'><strong>dones</strong></span> <span class='ocrx_word' id='word_1_130' title='bbox 561 2299 701 2363; x_wconf 88' lang='lat' dir='ltr'><strong>habebat</strong></span> <span class='ocrx_word' id='word_1_131' title='bbox 724 2301 936 2365; x_wconf 81' lang='lat' dir='ltr'><strong>sacerdotes.”</strong></span> <span class='ocrx_word' id='word_1_132' title='bbox 982 2303 1037 2365; x_wconf 91' lang='lat' dir='ltr'><strong>lta</strong></span> <span class='ocrx_word' id='word_1_133' title='bbox 1058 2300 1121 2376; x_wconf 89' lang='lat' dir='ltr'><strong>ille,</strong></span> <span class='ocrx_word' id='word_1_134' title='bbox 1137 2307 1170 2362; x_wconf 90' lang='lat' dir='ltr'><strong>et</strong></span> <span class='ocrx_word' id='word_1_135' title='bbox 1191 2298 1311 2382; x_wconf 92' lang='lat' dir='ltr'><strong>optime</strong></span> <span class='ocrx_word' id='word_1_136' title='bbox 1333 2296 1377 2361; x_wconf 89' lang='lat' dir='ltr'><strong>sio</strong></span> <span class='ocrx_word' id='word_1_137' title='bbox 1400 2318 1521 2363; x_wconf 84' lang='lat' dir='ltr'><strong>conve-</strong></span> 
     </span>
    </p>
   </div>
   <div class='ocr_carea' id='block_1_3' title="bbox 284 2399 1519 2485">
    <p class='ocr_par' dir='ltr' id='par_1_3' title="bbox 284 2399 1519 2485">
     <span class='ocr_line' id='line_1_17' title="bbox 284 2399 1519 2485; baseline 0.004 -27"><span class='ocrx_word' id='word_1_138' title='bbox 284 2440 288 2447; x_wconf 83' lang='lat'><strong>·</strong></span> <span class='ocrx_word' id='word_1_139' title='bbox 404 2399 509 2462; x_wconf 91' lang='lat' dir='ltr'><strong>nirent</strong></span> <span class='ocrx_word' id='word_1_140' title='bbox 525 2421 595 2462; x_wconf 90' lang='lat' dir='ltr'><strong>cum</strong></span> <span class='ocrx_word' id='word_1_141' title='bbox 611 2401 705 2483; x_wconf 89' lang='lat' dir='ltr'><strong>hujus</strong></span> <span class='ocrx_word' id='word_1_142' title='bbox 720 2400 839 2463; x_wconf 88' lang='lat' dir='ltr'><strong>ordinis</strong></span> <span class='ocrx_word' id='word_1_143' title='bbox 858 2403 1023 2465; x_wconf 89' lang='lat' dir='ltr'><strong>sacerdote</strong></span> <span class='ocrx_word' id='word_1_144' title='bbox 1044 2399 1239 2485; x_wconf 83' lang='lat' dir='ltr'><strong>mangonicae</strong></span> <span class='ocrx_word' id='word_1_145' title='bbox 1261 2405 1359 2474; x_wconf 84' lang='lat' dir='ltr'><strong>artes,</strong></span> <span class='ocrx_word' id='word_1_146' title='bbox 1375 2419 1519 2481; x_wconf 82' lang='lat' dir='ltr'><strong>quarum</strong></span> 
     </span>
    </p>
   </div>
   <div class='ocr_carea' id='block_1_4' title="bbox 395 2498 1520 4806">
    <p class='ocr_par' dir='ltr' id='par_1_4' title="bbox 403 2498 1520 2791">
     <span class='ocr_line' id='line_1_18' title="bbox 404 2498 1520 2588; baseline 0.003 -26"><span class='ocrx_word' id='word_1_147' title='bbox 404 2501 597 2565; x_wconf 85' lang='lat' dir='ltr'><strong>mentionem</strong></span> <span class='ocrx_word' id='word_1_148' title='bbox 612 2502 690 2565; x_wconf 87' lang='lat' dir='ltr'><strong>facit</strong></span> <span class='ocrx_word' id='word_1_149' title='bbox 705 2503 765 2567; x_wconf 93' lang='lat' dir='ltr'><strong>hoc</strong></span> <span class='ocrx_word' id='word_1_150' title='bbox 780 2503 850 2567; x_wconf 92' lang='lat' dir='ltr'><strong>loco</strong></span> <span class='ocrx_word' id='word_1_151' title='bbox 867 2503 1066 2588; x_wconf 83' lang='lat' dir='ltr'><strong>Apollonius.</strong></span> <span class='ocrx_word' id='word_1_152' title='bbox 1113 2501 1250 2565; x_wconf 85' lang='lat' dir='ltr'><strong>Accedit</strong></span> <span class='ocrx_word' id='word_1_153' title='bbox 1266 2500 1350 2583; x_wconf 90' lang='lat' dir='ltr'><strong>quod</strong></span> <span class='ocrx_word' id='word_1_154' title='bbox 1366 2498 1452 2564; x_wconf 82' lang='lat' dir='ltr'><strong>infra</strong></span> <span class='ocrx_word' id='word_1_155' title='bbox 1466 2501 1520 2565; x_wconf 86' lang='lat' dir='ltr'><strong>ait</strong></span> 
     </span>
     <span class='ocr_line' id='line_1_19' title="bbox 404 2602 1520 2669; baseline 0.001 -3"><span class='ocrx_word' id='word_1_156' title='bbox 404 2606 535 2666; x_wconf 74' lang='lat' dir='ltr'><strong>Auaron</strong></span> <span class='ocrx_word' id='word_1_157' title='bbox 558 2606 643 2667; x_wconf 85' lang='lat' dir='ltr'><strong>Anv.</strong></span> <span class='ocrx_word' id='word_1_158' title='bbox 669 2604 899 2669; x_wconf 74' lang='lat' dir='ltr'><strong>Gnrsrunrass</strong></span> <span class='ocrx_word' id='word_1_159' title='bbox 930 2606 1122 2669; x_wconf 90' lang='lat' dir='ltr'><strong>Montanum</strong></span> <span class='ocrx_word' id='word_1_160' title='bbox 1151 2607 1218 2667; x_wconf 75' lang='grc' dir='ltr'>τινὰ</span> <span class='ocrx_word' id='word_1_161' title='bbox 1253 2608 1312 2666; x_wconf 81' lang='grc' dir='ltr'>τῶν</span> <span class='ocrx_word' id='word_1_162' title='bbox 1341 2602 1520 2667; x_wconf 78' lang='grc' dir='ltr'>νεοπίστων</span> 
     </span>
     <span class='ocr_line' id='line_1_20' title="bbox 403 2705 890 2791; baseline 0.008 -26"><span class='ocrx_word' id='word_1_163' title='bbox 403 2706 508 2768; x_wconf 86' lang='lat' dir='ltr'><strong>luisse.</strong></span> <span class='ocrx_word' id='word_1_164' title='bbox 533 2705 628 2768; x_wconf 91' lang='lat' dir='ltr'><strong>Num.</strong></span> <span class='ocrx_word' id='word_1_165' title='bbox 649 2706 696 2768; x_wconf 90' lang='grc' dir='ltr'><strong>ΙΙ.</strong></span> <span class='ocrx_word' id='word_1_166' title='bbox 714 2729 744 2791; x_wconf 93' lang='lat' dir='ltr'><strong>p.</strong></span> <span class='ocrx_word' id='word_1_167' title='bbox 759 2725 809 2791; x_wconf 87' lang='lat'><strong>75.</strong></span> <span class='ocrx_word' id='word_1_168' title='bbox 827 2709 847 2769; x_wconf 87' lang='lat' dir='ltr'><strong>l.</strong></span> <span class='ocrx_word' id='word_1_169' title='bbox 859 2724 890 2791; x_wconf 84' lang='lat'><strong>5.</strong></span> 
     </span>
    </p>

    <p class='ocr_par' dir='ltr' id='par_1_5' title="bbox 448 2804 1337 2893">
     <span class='ocr_line' id='line_1_21' title="bbox 448 2804 1337 2893; baseline -0.003 -23"><span class='ocrx_word' id='word_1_170' title='bbox 448 2810 485 2870; x_wconf 89' lang='lat' dir='ltr'><strong>P.</strong></span> <span class='ocrx_word' id='word_1_171' title='bbox 497 2826 571 2887; x_wconf 88' lang='lat'><strong>471.</strong></span> <span class='ocrx_word' id='word_1_172' title='bbox 587 2806 606 2870; x_wconf 94' lang='grc' dir='ltr'><strong>Ι.</strong></span> <span class='ocrx_word' id='word_1_173' title='bbox 619 2830 648 2890; x_wconf 92' lang='lat'><strong>9.</strong></span> <span class='ocrx_word' id='word_1_174' title='bbox 666 2807 818 2888; x_wconf 82' lang='grc' dir='ltr'>προφήτης</span> <span class='ocrx_word' id='word_1_175' title='bbox 834 2808 975 2893; x_wconf 82' lang='grc' dir='ltr'>δανείζει]</span> <span class='ocrx_word' id='word_1_176' title='bbox 993 2808 1096 2872; x_wconf 82' lang='lat' dir='ltr'><strong>Addit</strong></span> <span class='ocrx_word' id='word_1_177' title='bbox 1112 2811 1144 2871; x_wconf 71' lang='grc' dir='ltr'><strong>δὲ</strong></span> <span class='ocrx_word' id='word_1_178' title='bbox 1160 2807 1203 2870; x_wconf 84' lang='lat' dir='ltr'><strong>M</strong></span> <span class='ocrx_word' id='word_1_179' title='bbox 1202 2807 1234 2871; x_wconf 77' lang='lat' dir='ltr'><strong>S.</strong></span> <span class='ocrx_word' id='word_1_180' title='bbox 1248 2804 1337 2869; x_wconf 81' lang='lat' dir='ltr'><strong>Bodl.</strong></span> 
     </span>
    </p>

    <p class='ocr_par' dir='ltr' id='par_1_6' title="bbox 395 2904 1518 4806">
     <span class='ocr_line' id='line_1_22' title="bbox 448 2904 1518 2992; baseline -0.001 -22"><span class='ocrx_word' id='word_1_181' title='bbox 448 2909 531 2971; x_wconf 79' lang='lat' dir='ltr'><strong>lbld.</strong></span> <span class='ocrx_word' id='word_1_182' title='bbox 547 2908 567 2970; x_wconf 82' lang='lat' dir='ltr'><strong>l.</strong></span> <span class='ocrx_word' id='word_1_183' title='bbox 584 2928 633 2992; x_wconf 81' lang='lat'><strong>13.</strong></span> <span class='ocrx_word' id='word_1_184' title='bbox 649 2916 865 2983; x_wconf 72' lang='grc' dir='ltr'>τεσσαρακοστὸν</span> <span class='ocrx_word' id='word_1_185' title='bbox 875 2913 1016 2985; x_wconf 67' lang='grc' dir='ltr'>ἐτύγχανεν</span> <span class='ocrx_word' id='word_1_186' title='bbox 1029 2913 1161 2983; x_wconf 74' lang='grc' dir='ltr'>ἔτος-ἐξ</span> <span class='ocrx_word' id='word_1_187' title='bbox 1175 2912 1205 2966; x_wconf 76' lang='grc' dir='ltr'><strong>οὗ</strong></span> <span class='ocrx_word' id='word_1_188' title='bbox 1221 2906 1290 2990; x_wconf 66' lang='lat' dir='ltr'><strong>dua]</strong></span> <span class='ocrx_word' id='word_1_189' title='bbox 1305 2905 1328 2967; x_wconf 86' lang='lat' dir='ltr'><strong>J</strong></span> <span class='ocrx_word' id='word_1_190' title='bbox 1330 2926 1382 2969; x_wconf 76' lang='lat' dir='ltr'><strong>am</strong></span> <span class='ocrx_word' id='word_1_191' title='bbox 1400 2904 1518 2971; x_wconf 73' lang='lat' dir='ltr'><strong>Videor</strong></span> 
     </span>
     <span class='ocr_line' id='line_1_23' title="bbox 402 3007 1515 3094; baseline 0 -23"><span class='ocrx_word' id='word_1_192' title='bbox 402 3010 478 3072; x_wconf 93' lang='lat' dir='ltr'><strong>mihi</strong></span> <span class='ocrx_word' id='word_1_193' title='bbox 501 3009 757 3094; x_wconf 87' lang='lat' dir='ltr'><strong>deprehendisse,</strong></span> <span class='ocrx_word' id='word_1_194' title='bbox 780 3028 876 3089; x_wconf 89' lang='lat' dir='ltr'><strong>quam</strong></span> <span class='ocrx_word' id='word_1_195' title='bbox 898 3008 939 3069; x_wconf 92' lang='lat' dir='ltr'><strong>ob</strong></span> <span class='ocrx_word' id='word_1_196' title='bbox 963 3028 1093 3071; x_wconf 89' lang='lat' dir='ltr'><strong>causam</strong></span> <span class='ocrx_word' id='word_1_197' title='bbox 1119 3008 1278 3071; x_wconf 87' lang='lat' dir='ltr'><strong>Eusebius</strong></span> <span class='ocrx_word' id='word_1_198' title='bbox 1301 3007 1515 3091; x_wconf 87' lang='lat' dir='ltr'><strong>Apollonium</strong></span> 
     </span>
     <span class='ocr_line' id='line_1_24' title="bbox 401 3108 1516 3195; baseline 0.002 -23"><span class='ocrx_word' id='word_1_199' title='bbox 401 3111 485 3174; x_wconf 89' lang='lat' dir='ltr'><strong>hunc</strong></span> <span class='ocrx_word' id='word_1_200' title='bbox 509 3119 582 3195; x_wconf 90' lang='lat' dir='ltr'><strong>post</strong></span> <span class='ocrx_word' id='word_1_201' title='bbox 604 3131 796 3193; x_wconf 91' lang='lat' dir='ltr'><strong>anonymum</strong></span> <span class='ocrx_word' id='word_1_202' title='bbox 819 3108 905 3171; x_wconf 89' lang='lat' dir='ltr'><strong>illum</strong></span> <span class='ocrx_word' id='word_1_203' title='bbox 933 3109 1119 3190; x_wconf 80' lang='lat' dir='ltr'><strong>scriptorem</strong></span> <span class='ocrx_word' id='word_1_204' title='bbox 1143 3110 1183 3172; x_wconf 92' lang='lat' dir='ltr'><strong>de</strong></span> <span class='ocrx_word' id='word_1_205' title='bbox 1206 3131 1268 3193; x_wconf 92' lang='lat' dir='ltr'><strong>quo</strong></span> <span class='ocrx_word' id='word_1_206' title='bbox 1295 3109 1327 3171; x_wconf 95' lang='lat' dir='ltr'><strong>in</strong></span> <span class='ocrx_word' id='word_1_207' title='bbox 1353 3110 1516 3192; x_wconf 86' lang='lat' dir='ltr'><strong>superiori</strong></span> 
     </span>
     <span class='ocr_line' id='line_1_25' title="bbox 402 3208 1513 3296; baseline 0 -23"><span class='ocrx_word' id='word_1_208' title='bbox 402 3213 506 3296; x_wconf 92' lang='lat' dir='ltr'><strong>capite</strong></span> <span class='ocrx_word' id='word_1_209' title='bbox 521 3220 629 3276; x_wconf 87' lang='lat' dir='ltr'><strong>actum</strong></span> <span class='ocrx_word' id='word_1_210' title='bbox 650 3219 708 3288; x_wconf 88' lang='lat' dir='ltr'><strong>est,</strong></span> <span class='ocrx_word' id='word_1_211' title='bbox 725 3210 934 3275; x_wconf 87' lang='lat' dir='ltr'><strong>collocaverit.</strong></span> <span class='ocrx_word' id='word_1_212' title='bbox 980 3208 1060 3273; x_wconf 83' lang='lat' dir='ltr'><strong>Oum</strong></span> <span class='ocrx_word' id='word_1_213' title='bbox 1075 3210 1159 3272; x_wconf 92' lang='lat' dir='ltr'><strong>enim</strong></span> <span class='ocrx_word' id='word_1_214' title='bbox 1179 3231 1353 3294; x_wconf 77' lang='lat' dir='ltr'><strong>anonymus</strong></span> <span class='ocrx_word' id='word_1_215' title='bbox 1374 3209 1425 3272; x_wconf 92' lang='lat' dir='ltr'><strong>ille</strong></span> <span class='ocrx_word' id='word_1_216' title='bbox 1447 3218 1513 3273; x_wconf 90' lang='lat' dir='ltr'><strong>tes-</strong></span> 
     </span>
     <span class='ocr_line' id='line_1_26' title="bbox 401 3308 1513 3395; baseline 0.002 -22"><span class='ocrx_word' id='word_1_217' title='bbox 401 3319 498 3384; x_wconf 86' lang='lat' dir='ltr'><strong>tetur,</strong></span> <span class='ocrx_word' id='word_1_218' title='bbox 530 3335 563 3374; x_wconf 87' lang='lat' dir='ltr'><strong>so</strong></span> <span class='ocrx_word' id='word_1_219' title='bbox 594 3311 834 3395; x_wconf 90' lang='lat' dir='ltr'><strong>quatuordecim</strong></span> <span class='ocrx_word' id='word_1_220' title='bbox 864 3310 956 3373; x_wconf 92' lang='lat' dir='ltr'><strong>annis</strong></span> <span class='ocrx_word' id='word_1_221' title='bbox 985 3315 1058 3393; x_wconf 90' lang='lat' dir='ltr'><strong>post</strong></span> <span class='ocrx_word' id='word_1_222' title='bbox 1086 3310 1235 3374; x_wconf 90' lang='lat' dir='ltr'><strong>Montani</strong></span> <span class='ocrx_word' id='word_1_223' title='bbox 1261 3320 1294 3374; x_wconf 89' lang='lat' dir='ltr'><strong>et</strong></span> <span class='ocrx_word' id='word_1_224' title='bbox 1323 3308 1513 3375; x_wconf 80' lang='lat' dir='ltr'><strong>Maximillae</strong></span> 
     </span>
     <span class='ocr_line' id='line_1_27' title="bbox 400 3410 1511 3495; baseline 0.004 -25"><span class='ocrx_word' id='word_1_225' title='bbox 400 3412 522 3474; x_wconf 91' lang='lat' dir='ltr'><strong>obitum</strong></span> <span class='ocrx_word' id='word_1_226' title='bbox 544 3411 641 3474; x_wconf 93' lang='lat' dir='ltr'><strong>libros</strong></span> <span class='ocrx_word' id='word_1_227' title='bbox 657 3433 730 3473; x_wconf 89' lang='lat' dir='ltr'><strong>suos</strong></span> <span class='ocrx_word' id='word_1_228' title='bbox 751 3411 932 3494; x_wconf 90' lang='lat' dir='ltr'><strong>scripsisse;</strong></span> <span class='ocrx_word' id='word_1_229' title='bbox 958 3410 1009 3473; x_wconf 92' lang='lat' dir='ltr'><strong>hic</strong></span> <span class='ocrx_word' id='word_1_230' title='bbox 1029 3420 1138 3475; x_wconf 89' lang='lat' dir='ltr'><strong>autem</strong></span> <span class='ocrx_word' id='word_1_231' title='bbox 1154 3410 1344 3495; x_wconf 84' lang='lat' dir='ltr'><strong>Apollonius</strong></span> <span class='ocrx_word' id='word_1_232' title='bbox 1358 3410 1511 3487; x_wconf 86' lang='lat' dir='ltr'><strong>affirmet,</strong></span> 
     </span>
     <span class='ocr_line' id='line_1_28' title="bbox 401 3510 1512 3594; baseline 0.002 -22"><span class='ocrx_word' id='word_1_233' title='bbox 401 3510 612 3593; x_wconf 87' lang='lat' dir='ltr'><strong>quadraginta</strong></span> <span class='ocrx_word' id='word_1_234' title='bbox 626 3510 718 3572; x_wconf 91' lang='lat' dir='ltr'><strong>annis</strong></span> <span class='ocrx_word' id='word_1_235' title='bbox 733 3516 905 3592; x_wconf 89' lang='lat' dir='ltr'><strong>antequam</strong></span> <span class='ocrx_word' id='word_1_236' title='bbox 920 3510 1083 3589; x_wconf 88' lang='lat' dir='ltr'><strong>scriberet,</strong></span> <span class='ocrx_word' id='word_1_237' title='bbox 1099 3511 1290 3575; x_wconf 79' lang='lat' dir='ltr'><strong>Montanum</strong></span> <span class='ocrx_word' id='word_1_238' title='bbox 1305 3510 1512 3594; x_wconf 82' lang='lat' dir='ltr'><strong>prophetiam</strong></span> 
     </span>
     <span class='ocr_line' id='line_1_29' title="bbox 399 3610 1512 3696; baseline 0.003 -24"><span class='ocrx_word' id='word_1_239' title='bbox 399 3632 489 3673; x_wconf 89' lang='lat' dir='ltr'><strong>suam</strong></span> <span class='ocrx_word' id='word_1_240' title='bbox 513 3610 686 3673; x_wconf 88' lang='lat' dir='ltr'><strong>invexisse:</strong></span> <span class='ocrx_word' id='word_1_241' title='bbox 721 3611 846 3694; x_wconf 89' lang='lat' dir='ltr'><strong>putavit</strong></span> <span class='ocrx_word' id='word_1_242' title='bbox 869 3611 1027 3675; x_wconf 86' lang='lat' dir='ltr'><strong>Eusebius</strong></span> <span class='ocrx_word' id='word_1_243' title='bbox 1051 3611 1255 3696; x_wconf 90' lang='lat' dir='ltr'><strong>Apollonium</strong></span> <span class='ocrx_word' id='word_1_244' title='bbox 1274 3630 1432 3693; x_wconf 89' lang='lat' dir='ltr'><strong>anonymo</strong></span> <span class='ocrx_word' id='word_1_245' title='bbox 1455 3611 1512 3675; x_wconf 91' lang='lat' dir='ltr'><strong>illo</strong></span> 
     </span>
     <span class='ocr_line' id='line_1_30' title="bbox 399 3711 1510 3797; baseline 0.001 -23"><span class='ocrx_word' id='word_1_246' title='bbox 399 3711 553 3796; x_wconf 82' lang='lat' dir='ltr'><strong>scriptore</strong></span> <span class='ocrx_word' id='word_1_247' title='bbox 576 3713 784 3776; x_wconf 81' lang='lat' dir='ltr'><strong>recentiorem</strong></span> <span class='ocrx_word' id='word_1_248' title='bbox 807 3734 884 3775; x_wconf 87' lang='lat' dir='ltr'><strong>csse.</strong></span> <span class='ocrx_word' id='word_1_249' title='bbox 932 3712 972 3775; x_wconf 92' lang='lat' dir='ltr'><strong>In</strong></span> <span class='ocrx_word' id='word_1_250' title='bbox 992 3735 1055 3797; x_wconf 92' lang='lat' dir='ltr'><strong>quo</strong></span> <span class='ocrx_word' id='word_1_251' title='bbox 1078 3722 1195 3789; x_wconf 87' lang='lat' dir='ltr'><strong>tamen,</strong></span> <span class='ocrx_word' id='word_1_252' title='bbox 1218 3734 1289 3775; x_wconf 88' lang='lat' dir='ltr'><strong>meo</strong></span> <span class='ocrx_word' id='word_1_253' title='bbox 1309 3711 1437 3795; x_wconf 88' lang='lat' dir='ltr'><strong>quidem</strong></span> <span class='ocrx_word' id='word_1_254' title='bbox 1456 3712 1510 3795; x_wconf 92' lang='lat' dir='ltr'><strong>ju·</strong></span> 
     </span>
     <span class='ocr_line' id='line_1_31' title="bbox 399 3812 1509 3899; baseline -0.001 -23"><span class='ocrx_word' id='word_1_255' title='bbox 399 3815 492 3890; x_wconf 90' lang='lat' dir='ltr'><strong>dicio,</strong></span> <span class='ocrx_word' id='word_1_256' title='bbox 514 3815 607 3899; x_wconf 85' lang='lat' dir='ltr'><strong>longe</strong></span> <span class='ocrx_word' id='word_1_257' title='bbox 627 3815 724 3878; x_wconf 85' lang='lat' dir='ltr'><strong>salsus</strong></span> <span class='ocrx_word' id='word_1_258' title='bbox 746 3823 805 3878; x_wconf 88' lang='lat' dir='ltr'><strong>est.</strong></span> <span class='ocrx_word' id='word_1_259' title='bbox 852 3814 983 3878; x_wconf 86' lang='lat' dir='ltr'><strong>Etenim</strong></span> <span class='ocrx_word' id='word_1_260' title='bbox 1008 3814 1197 3898; x_wconf 89' lang='lat' dir='ltr'><strong>Apollonius</strong></span> <span class='ocrx_word' id='word_1_261' title='bbox 1221 3814 1380 3878; x_wconf 87' lang='lat' dir='ltr'><strong>Montano</strong></span> <span class='ocrx_word' id='word_1_262' title='bbox 1401 3812 1509 3877; x_wconf 86' lang='lat' dir='ltr'><strong>adhuc</strong></span> 
     </span>
     <span class='ocr_line' id='line_1_32' title="bbox 398 3914 1509 4000; baseline -0.002 -20"><span class='ocrx_word' id='word_1_263' title='bbox 398 3918 570 4000; x_wconf 83' lang='lat' dir='ltr'><strong>superstite</strong></span> <span class='ocrx_word' id='word_1_264' title='bbox 593 3939 664 3980; x_wconf 90' lang='lat' dir='ltr'><strong>cum</strong></span> <span class='ocrx_word' id='word_1_265' title='bbox 691 3918 809 3981; x_wconf 93' lang='lat' dir='ltr'><strong>insanis</strong></span> <span class='ocrx_word' id='word_1_266' title='bbox 836 3916 901 3979; x_wconf 90' lang='lat' dir='ltr'><strong>suis</strong></span> <span class='ocrx_word' id='word_1_267' title='bbox 927 3917 1054 3980; x_wconf 87' lang='lat' dir='ltr'><strong>vatibus</strong></span> <span class='ocrx_word' id='word_1_268' title='bbox 1081 3915 1228 3979; x_wconf 74' lang='lat' dir='ltr'><strong>Priscilla</strong></span> <span class='ocrx_word' id='word_1_269' title='bbox 1254 3924 1288 3978; x_wconf 90' lang='lat' dir='ltr'><strong>et</strong></span> <span class='ocrx_word' id='word_1_270' title='bbox 1314 3914 1509 3990; x_wconf 80' lang='lat' dir='ltr'><strong>Maximilla,</strong></span> 
     </span>
     <span class='ocr_line' id='line_1_33' title="bbox 398 4015 1508 4102; baseline 0.001 -23"><span class='ocrx_word' id='word_1_271' title='bbox 398 4018 510 4080; x_wconf 90' lang='lat' dir='ltr'><strong>librum</strong></span> <span class='ocrx_word' id='word_1_272' title='bbox 527 4040 618 4082; x_wconf 91' lang='lat' dir='ltr'><strong>suum</strong></span> <span class='ocrx_word' id='word_1_273' title='bbox 633 4019 819 4102; x_wconf 84' lang='lat' dir='ltr'><strong>composuit,</strong></span> <span class='ocrx_word' id='word_1_274' title='bbox 836 4025 873 4081; x_wconf 93' lang='lat' dir='ltr'><strong>ut</strong></span> <span class='ocrx_word' id='word_1_275' title='bbox 888 4041 927 4081; x_wconf 85' lang='lat' dir='ltr'><strong>ex</strong></span> <span class='ocrx_word' id='word_1_276' title='bbox 948 4018 998 4080; x_wconf 93' lang='lat' dir='ltr'><strong>his</strong></span> <span class='ocrx_word' id='word_1_277' title='bbox 1013 4017 1200 4102; x_wconf 79' lang='lat' dir='ltr'><strong>fragmentis</strong></span> <span class='ocrx_word' id='word_1_278' title='bbox 1215 4038 1286 4100; x_wconf 84' lang='lat' dir='ltr'><strong>quoe</strong></span> <span class='ocrx_word' id='word_1_279' title='bbox 1305 4015 1426 4099; x_wconf 85' lang='lat' dir='ltr'><strong>profert</strong></span> <span class='ocrx_word' id='word_1_280' title='bbox 1442 4016 1508 4080; x_wconf 88' lang='lat' dir='ltr'><strong>Eu·</strong></span> 
     </span>
     <span class='ocr_line' id='line_1_34' title="bbox 398 4117 1508 4202; baseline 0 -21"><span class='ocrx_word' id='word_1_281' title='bbox 398 4120 502 4181; x_wconf 87' lang='lat' dir='ltr'><strong>sobius</strong></span> <span class='ocrx_word' id='word_1_282' title='bbox 526 4120 659 4196; x_wconf 85' lang='lat' dir='ltr'><strong>elicitur,</strong></span> <span class='ocrx_word' id='word_1_283' title='bbox 677 4120 770 4202; x_wconf 90' lang='lat' dir='ltr'><strong>idque</strong></span> <span class='ocrx_word' id='word_1_284' title='bbox 793 4141 855 4182; x_wconf 91' lang='lat' dir='ltr'><strong>non</strong></span> <span class='ocrx_word' id='word_1_285' title='bbox 879 4142 942 4182; x_wconf 89' lang='lat' dir='ltr'><strong>uno</strong></span> <span class='ocrx_word' id='word_1_286' title='bbox 962 4119 1052 4196; x_wconf 88' lang='lat' dir='ltr'><strong>loco;</strong></span> <span class='ocrx_word' id='word_1_287' title='bbox 1076 4124 1111 4181; x_wconf 91' lang='lat' dir='ltr'><strong>ut</strong></span> <span class='ocrx_word' id='word_1_288' title='bbox 1130 4139 1201 4181; x_wconf 89' lang='lat' dir='ltr'><strong>cum</strong></span> <span class='ocrx_word' id='word_1_289' title='bbox 1223 4117 1304 4180; x_wconf 85' lang='lat' dir='ltr'><strong>dixit</strong></span> <span class='ocrx_word' id='word_1_290' title='bbox 1324 4118 1342 4195; x_wconf 77' lang='grc' dir='ltr'>η</span> <span class='ocrx_word' id='word_1_291' title='bbox 1362 4120 1508 4196; x_wconf 77' lang='grc' dir='ltr'>προφῆτις</span> 
     </span>
     <span class='ocr_line' id='line_1_35' title="bbox 395 4214 1506 4301; baseline -0.003 -19"><span class='ocrx_word' id='word_1_292' title='bbox 395 4224 465 4299; x_wconf 86' lang='grc' dir='ltr'>ἡμῖν</span> <span class='ocrx_word' id='word_1_293' title='bbox 481 4221 588 4284; x_wconf 75' lang='grc' dir='ltr'>εἰπάτω</span> <span class='ocrx_word' id='word_1_294' title='bbox 605 4226 641 4284; x_wconf 79' lang='grc' dir='ltr'>τὰ</span> <span class='ocrx_word' id='word_1_295' title='bbox 658 4225 731 4284; x_wconf 81' lang='grc' dir='ltr'>κατὰ</span> <span class='ocrx_word' id='word_1_296' title='bbox 745 4219 958 4300; x_wconf 73' lang='grc' dir='ltr'>Ἀλέξανδρον,</span> <span class='ocrx_word' id='word_1_297' title='bbox 975 4221 1028 4282; x_wconf 83' lang='grc' dir='ltr'>τὸν</span> <span class='ocrx_word' id='word_1_298' title='bbox 1043 4220 1175 4300; x_wconf 82' lang='grc' dir='ltr'>λέγοντα</span> <span class='ocrx_word' id='word_1_299' title='bbox 1197 4218 1303 4282; x_wconf 73' lang='grc' dir='ltr'>ἑαυτὸν</span> <span class='ocrx_word' id='word_1_300' title='bbox 1322 4218 1465 4297; x_wconf 79' lang='grc' dir='ltr'>μάρτυρα,</span> <span class='ocrx_word' id='word_1_301' title='bbox 1482 4214 1506 4301; x_wconf 68' lang='grc' dir='ltr'><strong><em>ᾧ</em></strong></span> 
     </span>
     <span class='ocr_line' id='line_1_36' title="bbox 397 4318 1506 4408; baseline -0.001 -26"><span class='ocrx_word' id='word_1_302' title='bbox 397 4328 596 4395; x_wconf 77' lang='grc' dir='ltr'>συνεστιᾶται,</span> <span class='ocrx_word' id='word_1_303' title='bbox 614 4319 637 4408; x_wconf 72' lang='lat' dir='ltr'><strong>qt</strong></span> <span class='ocrx_word' id='word_1_304' title='bbox 652 4328 864 4401; x_wconf 87' lang='grc' dir='ltr'>προσκυνοῦσι,</span> <span class='ocrx_word' id='word_1_305' title='bbox 883 4323 930 4384; x_wconf 84' lang='grc' dir='ltr'><strong>καὶ</strong></span> <span class='ocrx_word' id='word_1_306' title='bbox 946 4321 1023 4405; x_wconf 71' lang='grc' dir='ltr'>αὐτῷ</span> <span class='ocrx_word' id='word_1_307' title='bbox 1040 4321 1159 4383; x_wconf 90' lang='grc' dir='ltr'>πολλοί.</span> <span class='ocrx_word' id='word_1_308' title='bbox 1206 4318 1252 4382; x_wconf 81' lang='lat' dir='ltr'><strong>Et</strong></span> <span class='ocrx_word' id='word_1_309' title='bbox 1266 4318 1361 4403; x_wconf 83' lang='lat' dir='ltr'><strong>paulo</strong></span> <span class='ocrx_word' id='word_1_310' title='bbox 1377 4325 1450 4402; x_wconf 81' lang='lat' dir='ltr'><strong>post</strong></span> <span class='ocrx_word' id='word_1_311' title='bbox 1466 4320 1506 4381; x_wconf 88' lang='lat' dir='ltr'><strong>de</strong></span> 
     </span>
     <span class='ocr_line' id='line_1_37' title="bbox 396 4418 1506 4504; baseline -0.001 -20"><span class='ocrx_word' id='word_1_312' title='bbox 396 4423 507 4485; x_wconf 89' lang='lat' dir='ltr'><strong>codem</strong></span> <span class='ocrx_word' id='word_1_313' title='bbox 528 4422 709 4485; x_wconf 84' lang='lat' dir='ltr'><strong>Alexandro</strong></span> <span class='ocrx_word' id='word_1_314' title='bbox 731 4421 862 4504; x_wconf 88' lang='lat' dir='ltr'><strong>loquens</strong></span> <span class='ocrx_word' id='word_1_315' title='bbox 882 4420 940 4495; x_wconf 90' lang='lat' dir='ltr'><strong>ait,</strong></span> <span class='ocrx_word' id='word_1_316' title='bbox 957 4419 992 4482; x_wconf 79' lang='lat' dir='ltr'><strong>tv</strong></span> <span class='ocrx_word' id='word_1_317' title='bbox 1011 4423 1026 4482; x_wconf 86' lang='grc' dir='ltr'>ὁ</span> <span class='ocrx_word' id='word_1_318' title='bbox 1048 4418 1201 4500; x_wconf 75' lang='grc' dir='ltr'>προφήτης</span> <span class='ocrx_word' id='word_1_319' title='bbox 1224 4420 1355 4481; x_wconf 86' lang='grc' dir='ltr'>συνόντα</span> <span class='ocrx_word' id='word_1_320' title='bbox 1378 4422 1506 4483; x_wconf 76' lang='grc' dir='ltr'>πολλοῖς</span> 
     </span>
     <span class='ocr_line' id='line_1_38' title="bbox 396 4519 1504 4606; baseline -0.002 -24"><span class='ocrx_word' id='word_1_321' title='bbox 396 4522 495 4583; x_wconf 84' lang='grc' dir='ltr'>ἔτεσιν</span> <span class='ocrx_word' id='word_1_322' title='bbox 514 4525 625 4603; x_wconf 79' lang='grc' dir='ltr'>ἀγνοεῖ.</span> <span class='ocrx_word' id='word_1_323' title='bbox 673 4522 723 4585; x_wconf 82' lang='lat' dir='ltr'><strong>Ex</strong></span> <span class='ocrx_word' id='word_1_324' title='bbox 746 4523 860 4605; x_wconf 85' lang='lat' dir='ltr'><strong>quibus</strong></span> <span class='ocrx_word' id='word_1_325' title='bbox 881 4522 984 4584; x_wconf 84' lang='lat' dir='ltr'><strong>verbis</strong></span> <span class='ocrx_word' id='word_1_326' title='bbox 1004 4528 1147 4606; x_wconf 83' lang='lat' dir='ltr'><strong>apparet,</strong></span> <span class='ocrx_word' id='word_1_327' title='bbox 1170 4529 1202 4583; x_wconf 84' lang='lat' dir='ltr'><strong>et</strong></span> <span class='ocrx_word' id='word_1_328' title='bbox 1227 4519 1446 4582; x_wconf 78' lang='lat' dir='ltr'><strong>Alexandrum</strong></span> <span class='ocrx_word' id='word_1_329' title='bbox 1469 4527 1504 4581; x_wconf 82' lang='lat' dir='ltr'><strong>et</strong></span> 
     </span>
     <span class='ocr_line' id='line_1_39' title="bbox 396 4618 1503 4706; baseline 0 -25"><span class='ocrx_word' id='word_1_330' title='bbox 396 4620 587 4683; x_wconf 76' lang='lat' dir='ltr'><strong>Montanum</strong></span> <span class='ocrx_word' id='word_1_331' title='bbox 616 4623 719 4706; x_wconf 88' lang='lat' dir='ltr'><strong>ipsum</strong></span> <span class='ocrx_word' id='word_1_332' title='bbox 745 4644 783 4685; x_wconf 89' lang='lat' dir='ltr'><strong>ac</strong></span> <span class='ocrx_word' id='word_1_333' title='bbox 812 4621 1024 4686; x_wconf 81' lang='lat' dir='ltr'><strong>Maximillam</strong></span> <span class='ocrx_word' id='word_1_334' title='bbox 1047 4622 1152 4684; x_wconf 85' lang='lat' dir='ltr'><strong>adhuc</strong></span> <span class='ocrx_word' id='word_1_335' title='bbox 1183 4621 1308 4696; x_wconf 83' lang='lat' dir='ltr'><strong>vixisse,</strong></span> <span class='ocrx_word' id='word_1_336' title='bbox 1335 4640 1407 4682; x_wconf 93' lang='lat' dir='ltr'><strong>cum</strong></span> <span class='ocrx_word' id='word_1_337' title='bbox 1434 4618 1503 4682; x_wconf 77' lang='lat' dir='ltr'><strong>hmo</strong></span> 
     </span>
     <span class='ocr_line' id='line_1_40' title="bbox 396 4719 1505 4806; baseline 0 -23"><span class='ocrx_word' id='word_1_338' title='bbox 396 4720 548 4784; x_wconf 85' lang='lat' dir='ltr'><strong>scriberet</strong></span> <span class='ocrx_word' id='word_1_339' title='bbox 564 4722 762 4805; x_wconf 90' lang='lat' dir='ltr'><strong>Apollonius.</strong></span> <span class='ocrx_word' id='word_1_340' title='bbox 795 4724 905 4806; x_wconf 90' lang='lat' dir='ltr'><strong>Neque</strong></span> <span class='ocrx_word' id='word_1_341' title='bbox 921 4745 995 4788; x_wconf 86' lang='lat' dir='ltr'><strong>vero</strong></span> <span class='ocrx_word' id='word_1_342' title='bbox 1010 4723 1057 4788; x_wconf 93' lang='lat' dir='ltr'><strong>ait</strong></span> <span class='ocrx_word' id='word_1_343' title='bbox 1074 4721 1273 4806; x_wconf 88' lang='lat' dir='ltr'><strong>Apollonius,</strong></span> <span class='ocrx_word' id='word_1_344' title='bbox 1290 4719 1505 4805; x_wconf 78' lang='lat' dir='ltr'><strong>quadraginta</strong></span> 
     </span>
    </p>
   </div>
   <div class='ocr_carea' id='block_1_5' title="bbox 0 0 1910 5650">
    <p class='ocr_par' dir='ltr' id='par_1_7' title="bbox 0 0 1910 5650">
     <span class='ocr_line' id='line_1_41' title="bbox 0 0 1910 5650; baseline 0 8"><span class='ocrx_word' id='word_1_345' title='bbox 0 0 1910 5650; x_wconf 95' lang='lat' dir='ltr'><strong> </strong></span> 
     </span>
    </p>
   </div>
  </div>
 </body>
</html>
