3809 5650
582 673 632 738 IN
655 674 904 740 HEGESIPPI
927 674 1227 740 FRAGMENTA.
1408 674 1473 736 283

370 841 539 908 Hebraieoe
550 844 665 930 linguae
677 846 764 929 apud
774 866 832 909 nos
842 845 1021 930 professore
1033 844 1144 930 Regio,
1156 850 1269 928 postea
1280 865 1354 906 vero
1370 842 1472 906 arohi-

369 943 516 1029 episcopo
532 945 731 1023 (lasseliensi,
743 946 776 1009 in
791 968 829 1010 eo
844 946 995 1031 opusculo
1011 946 1087 1010 nihil
1104 944 1283 1030 hujusmodi
1298 943 1473 1028 deprehen·

369 1067 440 1108 sum
459 1054 517 1110 est.
563 1046 720 1112 Attamen
739 1048 824 1111 idem
839 1048 966 1112 videtur
987 1048 1082 1111 fuisse
1101 1047 1182 1111 liber
1196 1053 1288 1110 vetus
1302 1045 1362 1108 hoe
1377 1044 1472 1108 titulo

369 1147 549 1232 insignitus,
563 1149 612 1214 vel
632 1159 719 1215 certe
739 1151 866 1236 cognati
887 1150 1022 1233 generis,
1038 1157 1136 1234 atque
1156 1146 1340 1233 opusculum
1362 1166 1473 1210 recens

371 1250 492 1314 editum
504 1276 513 1326 ;
531 1274 570 1315 ne
585 1272 756 1315 memorem
771 1253 855 1315 enim
867 1273 997 1329 serram,
1009 1273 1072 1337 qua
1088 1249 1202 1314 Esaias
1217 1249 1393 1312 dissecatus
1403 1269 1472 1311 esse

370 1351 483 1430 fertur,
508 1356 595 1434 ῥῆσις
616 1353 671 1417 illa
693 1353 765 1417 libri
788 1354 914 1431 veteris,
939 1375 1034 1438 quam
1060 1351 1195 1437 protulit
1219 1350 1417 1435 Epiphanius
1439 1349 1473 1411 in

370 1452 492 1517 Hoeresi
507 1454 658 1518 LXVII.
675 1476 744 1538 cap.
759 1471 790 1538 5.
807 1455 839 1517 in
854 1454 960 1538 capite
974 1475 1100 1539 quoque
1121 1451 1288 1516 undecimo
1305 1452 1377 1514 novi
1400 1449 1473 1513 libri

372 1563 474 1620 extat.

416 1674 513 1737 Nrmn
533 1674 668 1760 amplius
691 1675 876 1761 Hegesippi,
898 1675 1038 1740 affirmat
1061 1675 1202 1739 Grabius
1223 1682 1298 1759 post
1319 1673 1418 1737 allata
1440 1671 1473 1735 in

372 1776 535 1860 Spieilepio
550 1798 608 1840 suo
622 1777 680 1840 viri
695 1777 799 1841 saneti
815 1777 1024 1863 Fragmenta,
1040 1777 1135 1841 “sive
1150 1777 1182 1840 in
1197 1775 1359 1860 impressis
1373 1774 1473 1849 libris,

373 1885 393 1914 “
409 1877 474 1941 sive
489 1878 522 1940 in
537 1877 706 1943 (lodicibus
722 1878 821 1942 MSS.
836 1879 969 1943 inveniri
980 1879 1132 1963 potuisse.
1177 1877 1270 1958 Quod
1288 1876 1372 1939 enim
1394 1874 1473 1938 Ood.

373 1986 394 2016 ‘⁶
413 1998 484 2059 142.
500 1979 631 2044 Baroco.
653 1979 693 2043 de
714 1978 738 2042 J
739 1980 840 2043 eeobo
861 1979 989 2065 legitur,
1009 1986 1196 2063 excerptum
1217 1984 1268 2041 est
1289 1999 1330 2040 ex
1352 1975 1472 2039 Euseb.

373 2087 392 2114 ‘⁶
407 2079 462 2143 lib.
478 2081 510 2145 ii.
528 2102 598 2165 cap.
616 2101 669 2165 23.
708 2080 818 2166 Neque
834 2081 959 2145 diversa
974 2087 1076 2158 erunt,
1093 2102 1164 2164 quoe
1180 2081 1378 2143 Cod.cxr.v1.
1396 2077 1474 2141 Bib-

373 2189 392 2218 “
408 2181 553 2246 liothecae
569 2181 724 2245 Oaesareae
738 2189 870 2246 extant:
893 2182 1050 2266 siquidem
1064 2189 1098 2246 et
1112 2181 1167 2245 illa
1175 2180 1199 2244 J
1200 2179 1292 2245 acobi
1307 2177 1475 2242 historiam

372 2290 395 2321 “
411 2283 587 2360 continent,
602 2282 650 2346 uti
667 2282 854 2347 Lambecius
868 2282 922 2347 lib.
938 2283 977 2346 iv.
994 2283 1028 2345 in
1041 2282 1222 2347 recensione
1236 2280 1328 2345 istius
1349 2278 1475 2344 Codicis

373 2391 392 2421 ‘⁴
408 2391 557 2448 testatur.
592 2383 642 2446 De
652 2383 785 2448 alterius
796 2383 972 2469 Hegesippi
987 2383 1051 2448 sive
1066 2370 1173 2469 potius
1188 2384 1212 2446 J
1213 2382 1315 2466 osippi
1329 2378 1474 2457 historia,

371 2493 394 2522 “
408 2487 498 2569 cujus
511 2486 633 2568 aliquot
649 2484 747 2549 MSS.
757 2485 950 2569 exemplaria
965 2485 1016 2549 hic
1031 2484 1064 2547 in
1079 2484 1199 2570 Anglia
1213 2484 1385 2559 habentur,
1397 2480 1476 2545 nihil

374 2591 394 2621 “
409 2607 490 2668 opus
505 2591 555 2648 est
570 2586 685 2662 dicere,
702 2586 777 2669 quia
787 2586 867 2649 satis
878 2586 1028 2650 dixerunt
1039 2586 1097 2649 viri
1109 2585 1283 2650 doctissimi
1295 2584 1337 2648 D.
1348 2584 1475 2659 Gavius,

374 2692 396 2721 “
411 2683 579 2768 Dupinius‚
603 2684 749 2770 aliique.'’
775 2687 814 2748 P.
837 2705 871 2749 ar
878 2706 908 2769 3.
958 2688 1036 2770 Ipsa
1063 2687 1131 2750 haee
1158 2683 1475 2769 PseudoHegesippi

373 2784 516 2863 historia,
529 2786 568 2849 de
583 2807 647 2871 qun
662 2786 742 2863 fuse,
754 2808 825 2850 eum
842 2786 913 2871 plus
927 2788 1024 2852 semel
1039 2787 1127 2852 edita
1141 2794 1235 2863 esset,
1246 2785 1305 2849 viri
1319 2784 1364 2848 illi
1378 2785 1475 2870 scrip-

373 2895 495 2963 serunt,
504 2888 593 2972 gravi
609 2909 715 2951 errore
729 2887 763 2950 in
775 2887 920 2973 Catalopo
933 2888 1077 2952 Codicum
1087 2887 1280 2952 Bibliotheca
1290 2886 1476 2949 Harleieaae

373 2990 434 3052 hoe
456 2989 562 3068 titulo,
578 2988 632 3073 qui
653 2989 687 3052 in
708 2989 777 3072 ipso
799 2989 936 3053 fortasse
958 2990 1065 3054 codice
1085 2990 1185 3054 MStc
1207 2994 1310 3064 extat,
1325 2986 1477 3070 insignita

373 3098 435 3167 est,
449 3090 615 3175 Heyesippi
638 3090 926 3153 Commentariorum
940 3093 1088 3155 Actorum
1102 3089 1380 3154 Ecclesiaetieoram
1402 3085 1477 3151 libri

374 3216 402 3256 v.
427 3194 539 3257 Verior
557 3194 670 3258 luisset
688 3192 869 3276 hujusmodi
888 3193 995 3270 index,
1007 3194 1174 3278 Hepesippi
1191 3192 1228 3255 de
1241 3191 1328 3255 Bere
1341 3190 1476 3254 Judaioo

373 3302 402 3357 et
422 3292 514 3357 Urbis
527 3293 811 3377 Hieromlymitartae
825 3294 960 3359 Eceidio
974 3293 1048 3358 lien?
1058 3317 1089 3357 v.
1124 3293 1254 3357 Etenim
1268 3314 1325 3377 por
1338 3293 1476 3356 amioum

375 3396 532 3479 quendam
560 3396 642 3461 hane
671 3417 740 3459 rem
768 3405 999 3480 perscrutatus,
1026 3398 1205 3475 carbonem,
1230 3402 1268 3460 ut
1292 3395 1394 3474 aiunt,
1417 3416 1476 3479 pro

373 3497 525 3562 thesauro
539 3496 664 3574 inveni3
686 3518 744 3561 nec
759 3504 867 3562 tamen
881 3520 937 3583 apo
951 3520 1069 3584 magna
1083 3498 1241 3583 depulsus.
1278 3496 1381 3560 Extat
1395 3517 1476 3580 pree·

373 3605 463 3661 terea
477 3598 586 3661 fabula
600 3598 747 3682 quadam
761 3599 801 3662 de
820 3597 873 3661 illo
894 3598 1061 3684 symeone,
1078 3600 1132 3685 qni
1152 3621 1173 3662 a
1194 3598 1228 3663 S.
1246 3599 1338 3662 Luca
1355 3619 1426 3681 cap.
1442 3596 1475 3661 ii.

374 3699 539 3783 Evangelii
552 3705 829 3776 commemoratur,
845 3700 888 3764 ab
903 3699 1089 3785 Hegesippo
1104 3701 1242 3785 quodam
1255 3699 1332 3763 licta
1346 3698 1380 3761 in
1394 3697 1476 3762 libro

374 3799 425 3862 De
439 3800 649 3884 Sepphmemo
663 3800 861 3884 Eeonpeliooe
883 3801 1037 3877 Veritatis,
1053 3823 1147 3885 quem
1161 3800 1288 3884 quidem
1301 3799 1427 3875 librum,
1439 3805 1476 3863 ut

372 3900 420 3963 ait
436 3900 681 3985 Wagenseilius,
699 3922 791 3963 nomo
806 3902 904 3978 novit,
920 3901 991 3984 quis
1005 3903 1059 3979 sit,
1075 3908 1109 3965 et
1128 3923 1170 3965 an
1189 3900 1314 3984 uspiam
1332 3899 1476 3983 gentium

373 4006 472 4063 extet.
518 4000 612 4065 Hanc
627 4001 825 4065 historiolam
839 4001 947 4064 videas
967 4002 1053 4085 apud
1073 4001 1208 4064 eundem
1224 3998 1476 4084 Wagenseilium

372 4101 415 4163 nd
438 4100 511 4163 Tela
533 4101 629 4184 Ipnee
654 4103 780 4164 &taem
803 4123 834 4185 p.
852 4121 928 4180 420.
974 4101 1090 4165 Confer
1113 4102 1211 4164 etiam
1232 4100 1347 4163 Leonis
1362 4099 1476 4163 Allatii

373 4202 423 4264 De
451 4202 626 4265 Simeonem
654 4202 787 4285 Scriptis
812 4200 990 4279 Diatribem,
1015 4224 1046 4286 p.
1080 4219 1110 4266 2.
1158 4202 1274 4264 Petrus
1299 4207 1407 4263 autem
1436 4200 1477 4263 de

374 4301 500 4378 Merca,
515 4302 564 4365 vir
584 4302 726 4379 illustris,
741 4302 774 4365 in
789 4303 892 4388 Epist.
908 4303 955 4366 ad
975 4302 1126 4366 Valerium
1142 4300 1281 4365 Eusebio
1303 4300 1475 4385 praemissa,

372 4404 518 4468 extitisse
539 4404 587 4468 ait
608 4403 768 4489 integrum
790 4425 870 4487 opus
897 4403 1187 4467 Commmtariormn
1211 4401 1387 4485 Hegesippi
1413 4422 1477 4464 non

373 4505 476 4568 solum
499 4504 630 4568 Eusebii
645 4505 702 4569 sed
722 4503 822 4568 etiam
836 4503 1027 4588 Hieronymi
1043 4502 1259 4588 temporibus3
1285 4501 1477 4586 superfuisse

374 4627 500 4690 quoque
515 4605 645 4691 Georgii
660 4603 796 4690 Syncelli
811 4609 919 4682 aetate,
936 4605 990 4689 qui
1010 4604 1079 4689 ejus
1101 4603 1241 4668 auctoris
1262 4604 1476 4687 fragmentum

373 4707 496 4790 profert
510 4705 544 4770 in
558 4706 724 4787 Chronico,
735 4705 822 4770 aliud
835 4728 858 4771 a
872 4704 1072 4791 fragmentis,
1079 4728 1151 4791 quoe
1162 4709 1297 4789 preestat
1308 4703 1475 4767 Eusebius.

889 4826 979 4872 eoa
