3809 5650
704 664 1009 737 PRAEFATIO.
1288 666 1384 741 xxxi

333 890 428 944 cum
460 861 728 944 conferantur
757 857 881 940 velim
912 857 1099 967 epistolae
1128 858 1228 966 ipsae
1255 885 1384 940 amoe-

335 999 434 1078 baeae
453 996 537 1078 huc
556 998 825 1105 pertinentcS,
838 1022 942 1102 quas
961 993 1088 1075 habet
1101 995 1266 1103 egregia
1285 1021 1384 1075 sane

336 1127 501 1237 Sylloge
514 1131 801 1238 Epistularum
814 1155 838 1208 a
850 1128 947 1209 viris
962 1127 1105 1224 doctis
1118 1126 1191 1208 sed
1206 1127 1384 1207 maxime

335 1262 599 1360 nostratibus
617 1263 671 1344 ad
703 1260 918 1345 Usserium
946 1262 1174 1358 missarum,
1201 1275 1245 1343 et
1273 1261 1383 1342 Lon-

336 1397 425 1478 dini
463 1425 573 1477 anno
611 1398 729 1477 1686.
768 1395 878 1505 typis
912 1397 1217 1504 impressorum.
1277 1396 1385 1504 Epp.

337 1559 505 1611 ccxciv.
536 1541 580 1611 et
610 1559 756 1611 ccxcv.
815 1529 874 1610 Et
903 1557 1039 1626 nem0,
1068 1534 1225 1638 opinor,
1251 1531 1295 1611 in
1322 1531 1386 1610 in·

336 1676 448 1746 certo
468 1663 511 1744 id
531 1664 657 1745 situm
678 1692 765 1747 esse
786 1664 1005 1773 judicabit,
1024 1677 1169 1744 utrum
1192 1663 1261 1746 hic
1279 1663 1386 1746 liber

336 1799 642 1908 manuscriptus
675 1796 905 1880 Savilianus
939 1799 981 1878 in
1022 1798 1263 1895 Oxoniensi,
1296 1798 1386 1880 haec

337 1945 399 2013 est
432 1931 671 2029 Bodleiana‚
699 1932 950 2014 bibliotheca
980 1931 1059 2013 hoc
1092 1943 1279 2041 tempore
1304 1960 1387 2014 ser·

338 2082 467 2167 vetur,
505 2071 629 2152 modo
673 2070 867 2167 rescierit,
905 2098 1049 2151 omnes
1095 2069 1293 2152 lectiones
1335 2072 1387 2151 ab

337 2203 504 2284 Usserio
536 2203 842 2313 archiepiscopo
871 2205 925 2285 ad
961 2205 1185 2314 Polycarpi
1218 2206 1385 2313 Marty-

337 2340 447 2419 rium
480 2367 533 2421 ex
563 2338 746 2420 Eusebio
776 2337 983 2419 Saviliano
1015 2338 1197 2448 prolatas
1229 2341 1274 2419 in
1307 2338 1386 2420 hoc

337 2501 423 2553 uno
443 2472 673 2554 Bodleiano
693 2472 875 2554 historiae
896 2473 1144 2555 Eusebianae
1164 2473 1304 2554 codice
1325 2473 1386 2554 in-

337 2608 482 2688 veniri.
542 2607 654 2686 Tum
673 2619 826 2704 autem,
851 2619 898 2689 ut
923 2607 1177 2689 dubitationi
1199 2605 1313 2688 locus
1333 2636 1386 2689 ne

339 2738 609 2849 relinquatur,
630 2769 679 2821 ex
701 2752 839 2822 vetere
858 2738 1387 2851 illoJamesianoCatalogo

339 2889 510 2972 constat,
548 2875 631 2958 tale
670 2874 769 2957 olim
803 2875 1014 2986 exemplar
1051 2878 1096 2957 in
1137 2875 1388 2958 bibliotheca

340 3009 502 3092 Bodleii
536 3011 732 3105 extitisse,
762 3024 805 3092 et
836 3012 1008 3119 quidem
1042 3022 1140 3092 ante
1173 3023 1385 3090 mortuum

339 3144 552 3242 Savilium,
580 3147 666 3254 qui,
695 3145 864 3228 Usserio
893 3158 1011 3243 teste,
1041 3145 1271 3226 Eusebium
1296 3172 1387 3225 aca-

339 3279 488 3360 demiae
525 3291 679 3360 nostrae
717 3281 955 3360 donaverat.
1021 3279 1127 3361 Haec
1165 3304 1263 3387 quae
1301 3277 1388 3358 dixi

340 3412 490 3509 omnia,
523 3413 634 3492 inter
666 3439 709 3493 se
747 3413 980 3509 convenire,
1013 3410 1124 3521 talpa
1158 3412 1302 3493 caecior
1335 3410 1390 3491 sit

339 3572 503 3629 necesse
520 3560 594 3642 est,
614 3547 687 3655 qui
709 3574 792 3628 non
813 3560 968 3628 cernat.
1013 3547 1132 3628 Idem
1153 3545 1266 3642 liber,
1282 3548 1390 3628 sicut

340 3678 551 3762 Valesium
572 3681 737 3762 monuit
756 3680 957 3777 Usserius,
973 3683 1245 3789 bombycinus
1260 3693 1333 3778 est
1347 3696 1390 3763 et

340 3815 501 3896 decimo
520 3815 670 3923 quinto
699 3815 862 3896 circiter
890 3813 1042 3896 saeculo
1066 3815 1244 3924 scriptus
1263 3815 1390 3896 fuisse

341 3950 518 4031 videtur.
576 3951 770 4031 Servatur
795 3978 964 4058 quoque
994 3951 1037 4030 in
1057 3979 1107 4031 eo
1132 3950 1176 4029 in
1204 3961 1391 4029 extremo

341 4082 552 4166 volumine
573 4113 687 4195 opus
707 4086 820 4194 quod
840 4085 894 4166 de
920 4084 1179 4165 Constantini
1206 4084 1273 4160 M.
1299 4082 1390 4160 Vita

343 4218 551 4299 Eusebius
593 4221 837 4329 composuit.
915 4219 1020 4328 Ejus
1057 4219 1100 4297 in
1144 4214 1391 4297 lectionibus

341 4353 575 4450 afferendis,
611 4382 742 4463 quum
783 4355 968 4436 codicem
1004 4352 1058 4433 ad
1095 4377 1267 4431 manum
1307 4378 1391 4429 non

343 4487 529 4580 haberet,
559 4491 711 4571 erravit
741 4491 955 4572 interdum
986 4487 1203 4581 Valesius;
1247 4498 1292 4567 at
1322 4482 1393 4566 ille
