3809 5650
478 649 526 713 IN
551 649 585 714 S.
609 649 926 715 APOLLINARIS
950 650 1142 714 HIERAP.
1166 650 1347 717 FRAGM.
1402 652 1465 719 165

363 814 502 877 currenti
518 836 603 879 anno
619 815 667 879 M.
684 816 835 879 Aurelius
849 816 930 881 iniit.
976 817 1083 897 Quare
1098 838 1171 881 cum
1186 816 1373 901 Xiphiliuus
1390 818 1466 882 scri·

363 917 430 991 bat,
445 917 552 979 dicere
575 917 723 989 Dionem,
743 916 891 981 Marcum
914 918 997 982 banc
1021 917 1158 1001 pluviam
1185 919 1354 996 Mercurio,
1375 920 1466 1002 cujus

363 1018 467 1082 cultus
478 1018 639 1081 studiosus
650 1027 732 1095 erat,
743 1019 939 1095 attribuisse,
952 1019 979 1082 is
990 1041 1138 1082 nummus
1151 1020 1265 1083 Dionis
1277 1021 1349 1084 fidei
1361 1021 1465 1095 testis,

363 1128 400 1183 ut
415 1120 457 1183 ab
474 1120 606 1182 Audrca
622 1119 780 1196 Morellio,
796 1120 862 1182 viro
877 1120 1061 1196 clarissimo,
1079 1143 1129 1184 mc
1148 1121 1306 1185 audivisse
1324 1122 1465 1185 memini.

363 1226 439 1284 Aut.
454 1221 540 1306 Papi
555 1221 600 1284 cd
611 1242 684 1284 aaa.
703 1221 817 1284 utristi
836 1239 905 1300 174.
936 1222 1092 1285 Reimea.
1128 1224 1216 1285 Dum
1231 1245 1327 1286 unam
1342 1224 1465 1287 iconem

364 1321 495 1384 incisam
509 1343 574 1384 aere
590 1328 624 1384 et
644 1320 822 1385 Cardinalis
837 1321 994 1385 Beronius
1016 1323 1047 1385 in
1063 1323 1238 1387 Acuulibta
1259 1324 1301 1387 ad
1323 1327 1465 1404 an.176‚

363 1432 397 1486 et
412 1423 565 1497 (lacubus,
582 1424 632 1485 Dc
653 1420 731 1485 Urbe
747 1425 803 1485 tre.
825 1421 987 1499 exhibent,
1003 1423 1036 1486 in
1057 1445 1121 1506 qua
1140 1424 1208 1487 haec
1227 1424 1299 1487 sitis
1319 1425 1466 1488 columna

365 1523 523 1588 Antonini
538 1523 697 1607 insculpta
707 1523 824 1607 partim
836 1525 1036 1596 ostenditur3
1054 1524 1150 1587 aliam
1162 1531 1320 1610 praeterea
1331 1525 1465 1609 effigiem

365 1626 606 1709 Havercampus
623 1625 656 1687 in
676 1625 725 1688 ed.
741 1647 800 1689 sua
813 1626 1003 1710 Apolcpetici
1029 1626 1214 1690 Tertulliani
1235 1628 1276 1690 ad
1302 1649 1371 1711 cap.
1388 1649 1417 1690 v.
1434 1649 1466 1711 p.

364 1732 416 1792 62.
432 1728 574 1811 ejusdem
586 1727 782 1790 monumenti
796 1728 912 1810 posuit.
952 1729 1069 1812 Itaque
1084 1728 1116 1789 in
1129 1728 1177 1790 his
1189 1728 1465 1812 descriptionibus,

365 1837 402 1892 ut
415 1828 544 1893 Bellcrii
565 1828 650 1891 illam
666 1836 803 1903 taceam,
820 1827 934 1891 nobilis
949 1827 1032 1891 illius
1047 1828 1200 1892 columnae
1220 1836 1318 1914 atque
1335 1830 1467 1915 hujusce

364 1929 458 1992 simul
472 1928 615 1993 historiae
630 1929 762 1992 diversae
777 1935 886 2012 partes
901 1928 994 1992 oculo
1009 1928 1221 2012 objectantur.

409 2031 489 2095 Ibid.
506 2030 584 2094 τοῦθ’
601 2030 794 2115 ὡμολογήθη]
814 2030 886 2095 Ηοο
908 2053 967 2115 pro
987 2037 1074 2094 τοῦτο
1090 2032 1143 2110 dp.
1165 2053 1204 2094 cx
1223 2032 1316 2096 codd.
1336 2031 1467 2095 Floren-

365 2134 441 2199 tinis
455 2132 572 2216 recepi.

409 2236 494 2299 lbid.
520 2235 540 2298 l.
560 2236 609 2298 18.
633 2235 872 2320 κεραυνοβόλου]
897 2236 1095 2300 Jamdudum
1118 2236 1242 2301 monuit
1267 2235 1409 2320 Scaliger
1434 2235 1468 2299 in

364 2336 687 2402 animadversionibus
703 2335 901 2412 Eusebiania
918 2338 1072 2422 legionem
1088 2339 1333 2401 fulminetricem
1347 2338 1389 2401 ab
1407 2337 1468 2401 hcc

365 2439 516 2503 miraculo
531 2438 786 2522 cognominatam
808 2439 991 2515 moluisse,
1008 2440 1123 2524 quippe
1143 2461 1214 2525 quae
1229 2440 1283 2503 diu
1298 2446 1374 2502 ante
1388 2445 1468 2502 tcm-

365 2564 444 2626 pora
461 2543 506 2603 M.
518 2540 675 2604 Antonini
695 2540 742 2603 ite
763 2549 878 2604 vocata
897 2541 1003 2604 fuerit
1049 2542 1152 2605 Docet
1171 2542 1203 2604 id
1221 2541 1389 2604 manifeste
1404 2540 1469 2603 Dio

366 2642 493 2707 Cassius
508 2642 540 2705 in
554 2643 635 2704 libro
650 2658 704 2725 55.
721 2640 774 2704 ubi
790 2641 928 2724 legiones
943 2663 1052 2705 omnes
1066 2648 1241 2705 enumerat.
1276 2643 1377 2704 Vetus
1392 2663 1468 2724 quo-

366 2766 426 2828 que
441 2743 604 2828 inscriptio
619 2765 640 2805 a
655 2743 815 2827 Scaligero
830 2743 968 2828 prolata,
983 2743 1119 2828 idipsum
1135 2743 1312 2808 confirmat.
1351 2744 1468 2823 Quam-

366 2847 474 2908 obrem
489 2846 529 2907 de
544 2845 612 2929 ipso
628 2845 754 2928 quidem
775 2845 926 2909 miraculo
944 2846 1057 2929 pluviae
1077 2867 1097 2908 a
1113 2845 1301 2909 Christianis
1315 2845 1469 2908 militibus

367 2946 554 3030 impetratae,
571 2954 605 3009 et
625 2946 802 3030 Apollinari
819 2952 853 3010 ct
873 2945 1069 3009 Tertulliano
1087 2945 1281 3009 testantibus
1296 2944 1387 3007 facile
1402 2965 1468 3006 cre-

366 3046 489 3109 dimus:
516 3046 688 3126 (Eusebius
711 3046 770 3110 hcc
793 3047 898 3131 capite
922 3053 1093 3130 postquam
1114 3045 1331 3130 Apollinarem
1353 3051 1468 3108 testem

367 3147 412 3210 rei
434 3148 555 3221 citavit,
579 3149 815 3212 Tertullianum
837 3172 963 3233 quoque
984 3149 1115 3212 adducit
1136 3148 1168 3210 in
1189 3146 1379 3232 Apolopetico
1400 3147 1470 3229 ejus

366 3247 468 3311 cidem
483 3247 635 3311 miraculo
649 3250 866 3312 testimonium
881 3251 1086 3314 adhibentem
1096 3253 1118 3332 z)
1139 3249 1294 3333 legionem
1309 3269 1383 3310 vero
1400 3247 1469 3310 Mc·

368 3348 491 3413 litinam
510 3350 551 3412 cb
566 3350 598 3412 id
613 3350 857 3414 fulminatricem
875 3374 944 3415 csse
964 3352 1083 3415 dictam
1102 3373 1123 3414 a
1143 3351 1191 3414 M.
1203 3349 1368 3413 Antonino
1387 3348 1469 3433 Imp.

368 3452 508 3514 nondum
523 3450 600 3513 mihi
621 3451 780 3535 persuasit
800 3453 1006 3537 Apollinaris.
1051 3453 1146 3517 Dicet
1165 3453 1249 3516 forte
1268 3450 1392 3535 aliquis,
1412 3449 1468 3512 ful·

368 3553 565 3617 minatricem
578 3554 703 3638 quidem
716 3553 870 3638 legionem
885 3556 981 3620 luisse
991 3563 1068 3620 ante
1078 3563 1226 3641 tempora
1236 3553 1286 3615 M.
1294 3552 1449 3616 Antonini
1460 3577 1470 3628 ;

369 3656 423 3719 sed
449 3658 596 3719 Marcum
618 3655 660 3719 ob
681 3665 847 3741 acceptum
868 3679 888 3721 a
909 3657 1058 3723 Melitina
1079 3658 1202 3742 legione
1223 3655 1420 3732 beneficium,
1441 3654 1471 3718 ei
1517 3679 1519 3684 ¹

369 3777 494 3841 quoque
508 3757 729 3819 fulminatricis
743 3779 917 3842 cognomen
933 3758 1092 3822 indidisse.
1140 3760 1257 3820 Verum
1272 3756 1297 3819 si
1313 3755 1359 3819 ite
1375 3763 1469 3831 essct,

368 3859 507 3922 secunda
528 3858 725 3921 fulminatrix
747 3859 809 3922 (lici
831 3860 996 3924 debuerat.
1041 3858 1104 3922 Dic
1129 3866 1238 3923 tamen
1260 3855 1378 3919 nullam
1402 3855 1471 3938 ejus

368 3959 561 4023 mentionem
576 3960 665 4034 facit,
680 3960 821 4043 quamvis
835 3983 944 4024 omncs
963 3961 1137 4045 legionesa
1152 3957 1366 4042 superioribus
1383 3955 1469 4039 prin-

369 4059 490 4143 cipibus
505 4061 702 4146 conscriptas
716 4069 865 4125 accurate
880 4068 1053 4124 recenseat.
1100 4060 1162 4123 Sed
1177 4067 1211 4122 ct
1226 4058 1471 4122 fulminatricem

369 4161 454 4224 illam
477 4162 509 4225 in
533 4162 737 4246 Cappadocia
756 4163 847 4226 sedes
871 4162 1018 4224 habuisse
1038 4160 1127 4234 dicit,
1148 4160 1232 4243 quod
1254 4159 1409 4222 Melitinae
1429 4159 1471 4222 lc-

368 4265 453 4349 gioni
476 4273 552 4349 aptc
567 4265 723 4328 convenit.
770 4267 810 4327 Iu
833 4263 957 4327 Notilia
976 4262 1101 4348 imperii
1122 4261 1271 4337 Romani,
1287 4261 1346 4323 sub
1367 4260 1471 4344 dispc-

368 4367 484 4429 sitionc
513 4367 602 4429 ducis
630 4367 790 4429 Armeniae
818 4379 1003 4428 recensetur
1033 4363 1229 4426 Prmlectura
1258 4362 1390 4446 legionis
1424 4381 1472 4425 12.

369 4467 527 4531 sulmiueae
551 4468 718 4542 niolitinae,
737 4469 768 4531 id
792 4477 842 4531 cst
864 4468 950 4551 apud
973 4466 1124 4550 oppidum
1149 4465 1329 4528 Melitinam
1354 4463 1472 4527 consti·

369 4578 460 4633 tutae.
504 4570 555 4632 Ex
570 4591 632 4652 quo
647 4569 806 4653 colligitur
822 4568 1003 4632 Melitinam
1019 4566 1277 4651 ucmcnlcgicnis
1291 4566 1473 4643 moluisse,

369 4673 426 4737 sed
447 4673 566 4758 oppidi,
581 4673 614 4736 in
637 4694 701 4756 quo
722 4671 804 4756 legio
823 4690 871 4738 12.
894 4670 1046 4735 fulminea
1066 4668 1272 4733 consistebat.
1319 4667 1474 4752 Legiones
