3809 5650
470 657 513 718 42
843 653 1196 720 ANNOTATIONES

469 831 568 901 noros,
595 825 624 886 ol
653 825 893 900 ε’κκλησιαστικσὶ
920 825 1046 906 πατέρες
1074 824 1215 907 ἑχέγγυοι
1243 825 1461 888 πιστώσασθαι.
1506 824 1571 889 Sed

469 925 605 997 socesd
627 925 661 987 lv
682 927 778 1005 ἁγίοις
799 926 968 999 Βασίλειος,
985 926 1033 989 καὶ
1054 925 1188 989 omissas
1207 946 1276 988 esso
1295 924 1329 987 in
1348 926 1420 988 cod.
1436 923 1572 990 Barocc.

468 1026 567 1090 refert
581 1025 619 1089 cl.
634 1025 775 1089 Oramer.
803 1027 943 1103 Interea,
956 1026 983 1089 si
993 1027 1134 1091 Andreae
1150 1026 1354 1092 Oaesariensis
1368 1027 1457 1090 locus
1472 1027 1571 1111 prior,

469 1127 519 1191 cui
542 1128 650 1190 insunt
672 1126 770 1190 verba
793 1126 913 1209 Papias,
930 1126 963 1188 in
986 1137 1125 1191 mentem
1139 1128 1276 1192 venisset
1297 1127 1331 1190 J.
1348 1128 1389 1191 D.
1407 1128 1569 1206 Michaeli,

468 1228 556 1292 haud
584 1228 762 1291 dubitasset
793 1226 841 1290 vir
876 1227 1080 1304 clarissimus,
1107 1229 1184 1313 quin
1217 1250 1289 1292 cum
1325 1228 1441 1293 idonea
1472 1250 1571 1294 causa

468 1330 619 1393 Andreas
641 1328 674 1392 in
691 1329 821 1413 Proloyo
837 1330 1055 1393 Cornacates-ii
1076 1330 1124 1393 sui
1146 1330 1329 1406 affirmaret,
1346 1330 1481 1413 Papiam
1502 1338 1569 1395 tos-

468 1430 636 1494 timonium
662 1429 785 1493 dedisse
809 1429 1005 1514 Apocalypsi
1031 1431 1178 1510 loannis,
1200 1432 1252 1496 cui
1276 1431 1404 1516 quidem
1426 1434 1569 1497 Andreae

469 1529 649 1615 Papianum
670 1550 750 1614 opus
771 1537 840 1593 tam
856 1529 938 1594 bene
957 1539 1070 1595 not-um
1092 1538 1185 1596 esset.
1232 1532 1313 1596 Vide
1329 1532 1497 1596 Michaelis
1512 1533 1569 1595 In-

467 1632 593 1694 troduct.
608 1631 654 1695 ad
665 1633 747 1694 Noc.
763 1631 838 1694 Post.
855 1652 927 1694 curn
942 1631 1018 1695 alibi
1036 1638 1108 1696 tum
1122 1653 1191 1717 cap.
1207 1633 1317 1695 xxxiii
1335 1634 1365 1714 ξ.
1384 1633 1416 1696 ii.
1433 1651 1462 1699 2.
1478 1635 1567 1715 σιξ.

467 1731 509 1796 iv.
536 1733 590 1796 ubi
615 1733 725 1820 Papiae
749 1732 908 1796 silentium
932 1733 973 1796 de
996 1732 1200 1818 Apocalypsi,
1224 1734 1310 1818 quod
1332 1734 1392 1798 sibi
1414 1734 1566 1819 fingebat,

467 1842 580 1900 contra
593 1835 680 1900 illam
694 1834 825 1899 adducit
841 1833 1019 1898 Michaelis.

511 1936 594 1999 Ibid.
612 1936 633 2000 l.
651 1957 701 2017 24.
724 1938 881 2013 Λαβόντες
902 1938 956 2001 τὰς
977 1935 1129 2020 ἀφορμὰς]
1157 1936 1238 2001 Haec
1263 1937 1428 2002 Anastasii
1454 1874 1568 2001 liraece

466 2038 672 2121 proferuntur
684 2037 727 2102 ab
743 2036 929 2101 Halloixio
920 2058 955 2099 ru
969 2037 1198 2102 Notationibus
1213 2040 1255 2104 ad
1274 2040 1335 2103 Vir.
1351 2041 1388 2103 S.
1405 2038 1566 2113 Psalmi,

466 2159 498 2222 p.
513 2139 586 2223 851.
609 2138 699 2203 Tom.
723 2137 860 2202 Secundi
879 2138 952 2201 Vin.
975 2138 1052 2202 ΡΡ.
1078 2140 1227 2203 Oricatol.
1253 2162 1351 2224 penes
1380 2162 1474 2224 quem
1502 2139 1566 2203 for-

465 2246 552 2304 tasse
589 2240 699 2305 extitit
734 2240 835 2304 codex
870 2240 1116 2324 manuscriptus.
1174 2243 1272 2306 Certe
1303 2243 1337 2305 in
1371 2241 1566 2306 bibliotheca

465 2340 622 2405 Bavarica
644 2341 705 2405 hoc
729 2341 896 2406 Anastasii
919 2363 1000 2426 opus
1024 2343 1137 2406 Graece
1162 2350 1322 2407 servatum
1345 2349 1405 2420 est,
1427 2343 1566 2407 testibus

465 2441 618 2504 Gretsero
640 2439 834 2503 Prael'atione
855 2439 898 2503 ad
920 2439 1088 2504 Anastasii
1102 2440 1267 2524 Hodcpam,
1284 2446 1318 2503 et
1333 2438 1477 2523 Catalcyo
1496 2439 1565 2501 bih

464 2541 609 2606 liothecae
628 2541 719 2606 istius
739 2542 825 2626 apud
845 2541 1123 2605 Montfauoonium
1138 2538 1279 2605 Bibliotl.
1295 2538 1561 2604 Billiotdccamm.

465 2641 625 2709 Oaeterum
639 2643 663 2706 J
664 2664 783 2707 oannes
798 2642 975 2726 Apostolus
997 2645 1013 2704 ὁ
1037 2642 1207 2720 ἐπιστήθιος
1229 2647 1360 2723 Χριστοῦ
1379 2663 1401 2706 a
1419 2642 1564 2707 Oedreno

465 2766 591 2829 quoque
601 2745 784 2809 nominatur
794 2743 826 2806 in
839 2743 1008 2807 Historias.
1022 2743 1181 2829 Uorapcrcd.
1193 2766 1223 2828 p.
1236 2764 1309 2830 203.
1321 2744 1371 2808 ed.
1384 2744 1561 2829 Xylandri;

464 2853 499 2911 et
523 2847 578 2911 diu
601 2853 677 2912 ante
702 2847 786 2910 hunc
811 2846 1099 2930 chronographum,
1123 2845 1370 2910 Anastasiumve
1392 2846 1559 2925 Sinaitam

464 2947 563 3013 etiam
589 2948 686 3013 tertio
709 2947 825 3012 saeculo
847 2948 890 3011 ab
913 2947 1067 3012 Anatolio
1093 2947 1274 3012 Laodiceno
1303 2947 1348 3011 sio
1378 2947 1484 3011 dictus
1511 2955 1563 3012 est

463 3050 628 3134 apostolus
649 3051 683 3114 in
707 3051 826 3115 Uonone
847 3048 1006 3123 Pasclcls'‚
1022 3050 1111 3135 cujus
1132 3056 1223 3113 vetus
1244 3049 1402 3132 interpres
1424 3049 1565 3114 Latinus

462 3151 532 3217 haec
553 3151 661 3230 habet,
676 3151 795 3215 Jcounc
814 3151 927 3215 scilicet
944 3150 1134 3233 comaclim,
1151 3159 1179 3213 et
1190 3151 1322 3233 pectem
1336 3150 1464 3214 Domini
1477 3152 1563 3214 inca

463 3251 572 3317 ὕστατα.
589 3255 618 3335 ξ.
630 3275 661 3315 x.
677 3254 725 3317 ed.
739 3251 928 3316 Bucherian.
974 3249 1077 3314 Immo
1091 3257 1125 3315 et
1139 3251 1278 3315 secundo
1292 3250 1431 3316 ecclesiae
1446 3252 1562 3316 saeculo

464 3355 650 3437 Polycrates
665 3352 845 3436 Ephesinus
863 3352 1030 3436 episcopus
1051 3352 1197 3417 similiter
1218 3352 1355 3438 signavit
1376 3354 1461 3418 hunc
1482 3376 1561 3439 apo·

463 3454 589 3530 stolum,
607 3454 650 3516 ἔτι
664 3456 696 3516 δὲ
712 3455 760 3517 καὶ
773 3453 914 3534 Ἰωάννης
928 3455 944 3514 ὁ
962 3453 1010 3516 ἐπὶ
1025 3454 1059 3517 τὸ
1075 3458 1182 3533 στῆθος
1196 3459 1249 3519 τοῦ
1264 3456 1375 3535 Κυρίου
1389 3456 1559 3522 ἆναπεσῶν.

464 3553 539 3617 Vid.
557 3552 750 3616 Ponrcnnrrs
764 3553 1006 3639 Fragmentum,
1021 3554 1113 3619 infra.

507 3656 544 3718 P.
562 3657 608 3718 16.
624 3654 645 3718 l.
660 3674 692 3733 4.
716 3655 849 3719 Veteres
870 3677 945 3741 ergo
968 3656 1171 3721 ecclesiarum
1189 3656 1264 3741 &c.]
1287 3658 1370 3721 Hoec
1392 3657 1560 3723 Anastasii

462 3758 559 3821 verba
590 3754 726 3821 adduxit
760 3757 908 3834 Gratius,
942 3758 997 3843 qui
1032 3758 1117 3823 hunc
1154 3758 1352 3842 scriptorem,
1383 3781 1448 3825 una
1487 3782 1560 3823 cum

463 3859 626 3945 Stephano
641 3859 770 3923 Gobaro
789 3860 875 3943 apud
890 3860 1036 3923 Pdotium
1057 3866 1092 3924 et
1116 3860 1149 3925 S.
1168 3860 1322 3939 Maximo,
1345 3868 1491 3945 spectare
1512 3863 1560 3927 ait

461 3981 510 4036 ea,
522 3982 593 4044 quae
607 3983 648 4024 ex
664 3960 786 4023 Irenaeo
798 3960 933 4045 Papiam
947 3962 1100 4026 laudante
1112 3983 1208 4045 supra
1219 3962 1381 4046 descripta
1395 3969 1470 4026 sunt
1484 3984 1516 4045 p.
1527 3982 1558 4045 9.

462 4061 535 4125 Hoc
550 4061 677 4146 quidem
691 4061 730 4124 de
745 4061 869 4125 duobus
888 4062 998 4126 alteris
1013 4063 1221 4146 scriptoribus
1236 4062 1401 4146 Stephano
1416 4069 1449 4126 et
1465 4063 1559 4125 Max-

460 4162 524 4225 imo
539 4184 648 4226 verum
662 4169 730 4238 est3
745 4169 778 4227 et
793 4163 857 4228 ista
871 4162 1039 4229 Anastasii
1052 4164 1095 4227 ad
1109 4162 1290 4227 hexaemeri
1305 4169 1404 4247 atque
1418 4162 1559 4246 paradisi

460 4264 674 4349 expositiones
693 4287 714 4328 a
734 4264 836 4348 Papia
857 4266 992 4350 aliisque
1011 4264 1212 4349 excogitatas
1228 4264 1400 4349 pertinere,
1415 4263 1558 4327 ostendit

459 4373 529 4430 tam
548 4366 600 4428 hic
618 4366 715 4442 locus,
731 4388 827 4451 quarn
844 4367 932 4451 prior
950 4368 1003 4431 ille
1021 4366 1163 4452 ejusdem
1183 4365 1347 4451 scriptoris
1362 4365 1473 4429 Graece
1487 4364 1558 4448 jam

459 4466 629 4544 exhibitus,
646 4487 739 4549 quern
755 4467 897 4531 Grabius
910 4467 1126 4553 praetermisit.
1171 4468 1194 4528 J
1197 4488 1249 4530 am
1264 4485 1339 4530 vero
1352 4465 1395 4528 ad
1409 4470 1558 4529 auctores

458 4588 636 4654 pergamus,
653 4587 732 4650 quos
745 4566 830 4631 idem
843 4568 892 4632 vir
906 4569 1107 4634 doctissimus
1121 4574 1195 4652 post
1210 4565 1422 4630 Anastasium
1439 4570 1557 4629 testem

458 4669 593 4736 citatum
614 4667 659 4732 sic
681 4666 824 4751 protulit.
870 4670 1005 4734 “Porro
1025 4670 1207 4754 Stephanus
1220 4667 1377 4734 ''Gobarus
1396 4666 1557 4732 Tritheita
