<?xml version="1.0" encoding="UTF-8"?>
<!DOCTYPE html PUBLIC "-//W3C//DTD XHTML 1.0 Transitional//EN"
    "http://www.w3.org/TR/xhtml1/DTD/xhtml1-transitional.dtd">
<html xmlns="http://www.w3.org/1999/xhtml" xml:lang="en" lang="en">
 <head>
  <title>
</title>
<meta http-equiv="Content-Type" content="text/html;charset=utf-8" />
  <meta name='ocr-system' content='tesseract 3.04.00' />
  <meta name='ocr-capabilities' content='ocr_page ocr_carea ocr_par ocr_line ocrx_word'/>
</head>
<body>
  <div class='ocr_page' id='page_1' title='image "./reliquiaesacrae07routgoog_0555.png"; bbox 0 0 3809 5650; ppageno 0'>
   <div class='ocr_carea' id='block_1_1' title="bbox 480 679 1367 748">
    <p class='ocr_par' dir='ltr' id='par_1_1' title="bbox 480 679 1367 748">
     <span class='ocr_line' id='line_1_1' title="bbox 480 679 1367 748; baseline -0.003 0"><span class='ocrx_word' id='word_1_1' title='bbox 480 679 544 748; x_wconf 71' lang='lat'><strong>462</strong></span> <span class='ocrx_word' id='word_1_2' title='bbox 706 679 902 747; x_wconf 83' lang='grc' dir='ltr'><strong>ΑΝΝΟΤΤ.</strong></span> <span class='ocrx_word' id='word_1_3' title='bbox 925 679 976 746; x_wconf 88' lang='lat' dir='ltr'><strong>IN</strong></span> <span class='ocrx_word' id='word_1_4' title='bbox 998 680 1032 746; x_wconf 85' lang='lat' dir='ltr'><strong>S.</strong></span> <span class='ocrx_word' id='word_1_5' title='bbox 1054 679 1367 747; x_wconf 80' lang='lat' dir='ltr'><strong>SERAPIONEM.</strong></span> 
     </span>
    </p>
   </div>
   <div class='ocr_carea' id='block_1_2' title="bbox 479 849 1636 3272">
    <p class='ocr_par' dir='ltr' id='par_1_2' title="bbox 479 849 1636 2351">
     <span class='ocr_line' id='line_1_2' title="bbox 480 849 1598 937; baseline 0 -20"><span class='ocrx_word' id='word_1_6' title='bbox 480 852 634 937; x_wconf 77' lang='lat' dir='ltr'>Origenes</span> <span class='ocrx_word' id='word_1_7' title='bbox 650 850 684 914; x_wconf 91' lang='lat' dir='ltr'><strong>in</strong></span> <span class='ocrx_word' id='word_1_8' title='bbox 707 849 944 914; x_wconf 82' lang='lat' dir='ltr'><strong>commentariis</strong></span> <span class='ocrx_word' id='word_1_9' title='bbox 959 849 1114 933; x_wconf 74' lang='lat' dir='ltr'><strong>Epistola</strong></span> <span class='ocrx_word' id='word_1_10' title='bbox 1133 853 1177 915; x_wconf 88' lang='lat' dir='ltr'><strong>ad</strong></span> <span class='ocrx_word' id='word_1_11' title='bbox 1196 849 1317 929; x_wconf 81' lang='lat' dir='ltr'><strong>Titum,</strong></span> <span class='ocrx_word' id='word_1_12' title='bbox 1331 857 1369 915; x_wconf 91' lang='lat' dir='ltr'><strong>ut</strong></span> <span class='ocrx_word' id='word_1_13' title='bbox 1389 852 1536 918; x_wconf 82' lang='lat' dir='ltr'><strong>refertur</strong></span> <span class='ocrx_word' id='word_1_14' title='bbox 1559 853 1598 917; x_wconf 92' lang='lat' dir='ltr'><strong>in</strong></span> 
     </span>
     <span class='ocr_line' id='line_1_3' title="bbox 481 951 1595 1039; baseline 0.003 -23"><span class='ocrx_word' id='word_1_15' title='bbox 481 952 693 1038; x_wconf 83' lang='lat' dir='ltr'><strong>Apologetioo</strong></span> <span class='ocrx_word' id='word_1_16' title='bbox 705 951 875 1036; x_wconf 86' lang='lat' dir='ltr'><strong>Pamphili.</strong></span> <span class='ocrx_word' id='word_1_17' title='bbox 912 951 997 1016; x_wconf 86' lang='lat' dir='ltr'><strong>Vide</strong></span> <span class='ocrx_word' id='word_1_18' title='bbox 1007 952 1044 1018; x_wconf 92' lang='lat' dir='ltr'><strong>P.</strong></span> <span class='ocrx_word' id='word_1_19' title='bbox 1060 951 1257 1016; x_wconf 85' lang='lat' dir='ltr'><strong>Hailoixium</strong></span> <span class='ocrx_word' id='word_1_20' title='bbox 1268 952 1301 1016; x_wconf 91' lang='lat' dir='ltr'><strong>in</strong></span> <span class='ocrx_word' id='word_1_21' title='bbox 1312 952 1379 1018; x_wconf 85' lang='lat' dir='ltr'><strong>vita</strong></span> <span class='ocrx_word' id='word_1_22' title='bbox 1391 953 1595 1039; x_wconf 73' lang='lat' dir='ltr'><strong>Serapionis.</strong></span> 
     </span>
     <span class='ocr_line' id='line_1_4' title="bbox 483 1053 1595 1139; baseline 0.006 -26"><span class='ocrx_word' id='word_1_23' title='bbox 483 1055 645 1118; x_wconf 69' lang='lat' dir='ltr'><strong>Vns-ros.</strong></span> <span class='ocrx_word' id='word_1_24' title='bbox 690 1054 745 1118; x_wconf 85' lang='lat' dir='ltr'><strong>Ad</strong></span> <span class='ocrx_word' id='word_1_25' title='bbox 771 1053 936 1118; x_wconf 89' lang='lat' dir='ltr'><strong>Julianum</strong></span> <span class='ocrx_word' id='word_1_26' title='bbox 960 1053 1148 1119; x_wconf 77' lang='lat' dir='ltr'><strong>Cassianum</strong></span> <span class='ocrx_word' id='word_1_27' title='bbox 1170 1054 1255 1138; x_wconf 90' lang='lat' dir='ltr'><strong>quod</strong></span> <span class='ocrx_word' id='word_1_28' title='bbox 1276 1054 1406 1132; x_wconf 76' lang='lat' dir='ltr'><strong>attinet,</strong></span> <span class='ocrx_word' id='word_1_29' title='bbox 1422 1077 1519 1139; x_wconf 89' lang='lat' dir='ltr'><strong>quem</strong></span> <span class='ocrx_word' id='word_1_30' title='bbox 1542 1057 1595 1120; x_wconf 86' lang='lat' dir='ltr'><strong>ait</strong></span> 
     </span>
     <span class='ocr_line' id='line_1_5' title="bbox 480 1153 1594 1239; baseline -0.001 -19"><span class='ocrx_word' id='word_1_31' title='bbox 480 1156 626 1220; x_wconf 82' lang='lat' dir='ltr'><strong>Olemens</strong></span> <span class='ocrx_word' id='word_1_32' title='bbox 640 1155 692 1219; x_wconf 69' lang='grc' dir='ltr'><strong>ΑΙ.</strong></span> <span class='ocrx_word' id='word_1_33' title='bbox 709 1156 763 1218; x_wconf 75' lang='grc' dir='ltr'><strong>τὸν</strong></span> <span class='ocrx_word' id='word_1_34' title='bbox 777 1159 829 1234; x_wconf 83' lang='grc' dir='ltr'><strong>τῆς</strong></span> <span class='ocrx_word' id='word_1_35' title='bbox 843 1156 991 1233; x_wconf 64' lang='lat' dir='ltr'><strong>dextimos</strong></span> <span class='ocrx_word' id='word_1_36' title='bbox 1006 1153 1136 1238; x_wconf 82' lang='grc' dir='ltr'>ἔξαρχον</span> <span class='ocrx_word' id='word_1_37' title='bbox 1149 1154 1258 1230; x_wconf 84' lang='lat' dir='ltr'><strong>fuisse,</strong></span> <span class='ocrx_word' id='word_1_38' title='bbox 1275 1154 1505 1239; x_wconf 89' lang='lat' dir='ltr'><strong>Valentinique</strong></span> <span class='ocrx_word' id='word_1_39' title='bbox 1524 1156 1594 1219; x_wconf 87' lang='lat' dir='ltr'><strong>dis-</strong></span> 
     </span>
     <span class='ocr_line' id='line_1_6' title="bbox 480 1256 1591 1343; baseline 0.001 -22"><span class='ocrx_word' id='word_1_40' title='bbox 480 1257 629 1342; x_wconf 82' lang='lat' dir='ltr'><strong>cipulum,</strong></span> <span class='ocrx_word' id='word_1_41' title='bbox 644 1257 673 1321; x_wconf 81' lang='lat' dir='ltr'><strong>is</strong></span> <span class='ocrx_word' id='word_1_42' title='bbox 688 1256 816 1341; x_wconf 91' lang='lat' dir='ltr'><strong>quidem</strong></span> <span class='ocrx_word' id='word_1_43' title='bbox 830 1257 1029 1321; x_wconf 86' lang='lat' dir='ltr'><strong>instaurator</strong></span> <span class='ocrx_word' id='word_1_44' title='bbox 1043 1258 1150 1341; x_wconf 87' lang='lat' dir='ltr'><strong>potius</strong></span> <span class='ocrx_word' id='word_1_45' title='bbox 1164 1278 1260 1341; x_wconf 91' lang='lat' dir='ltr'><strong>quam</strong></span> <span class='ocrx_word' id='word_1_46' title='bbox 1278 1256 1399 1343; x_wconf 89' lang='lat' dir='ltr'><strong>primus</strong></span> <span class='ocrx_word' id='word_1_47' title='bbox 1418 1257 1502 1322; x_wconf 88' lang='lat' dir='ltr'><strong>illius</strong></span> <span class='ocrx_word' id='word_1_48' title='bbox 1521 1257 1591 1322; x_wconf 83' lang='lat' dir='ltr'><strong>hae-</strong></span> 
     </span>
     <span class='ocr_line' id='line_1_7' title="bbox 481 1358 1590 1443; baseline 0.003 -22"><span class='ocrx_word' id='word_1_49' title='bbox 481 1358 559 1422; x_wconf 90' lang='lat' dir='ltr'><strong>resis</strong></span> <span class='ocrx_word' id='word_1_50' title='bbox 580 1366 693 1423; x_wconf 79' lang='lat' dir='ltr'>auctor</span> <span class='ocrx_word' id='word_1_51' title='bbox 714 1360 906 1423; x_wconf 85' lang='lat' dir='ltr'><strong>statuendus</strong></span> <span class='ocrx_word' id='word_1_52' title='bbox 929 1365 1018 1423; x_wconf 83' lang='lat' dir='ltr'><strong>recte</strong></span> <span class='ocrx_word' id='word_1_53' title='bbox 1042 1358 1170 1423; x_wconf 87' lang='lat' dir='ltr'><strong>videtur</strong></span> <span class='ocrx_word' id='word_1_54' title='bbox 1193 1358 1309 1443; x_wconf 88' lang='lat' dir='ltr'><strong>Ittigio</strong></span> <span class='ocrx_word' id='word_1_55' title='bbox 1334 1358 1367 1421; x_wconf 91' lang='lat' dir='ltr'><strong>in</strong></span> <span class='ocrx_word' id='word_1_56' title='bbox 1390 1358 1524 1422; x_wconf 64' lang='lat' dir='ltr'><strong>Deerat.</strong></span> <span class='ocrx_word' id='word_1_57' title='bbox 1551 1360 1590 1424; x_wconf 73' lang='lat' dir='ltr'><strong>de</strong></span> 
     </span>
     <span class='ocr_line' id='line_1_8' title="bbox 480 1457 1587 1545; baseline 0.003 -24"><span class='ocrx_word' id='word_1_58' title='bbox 480 1458 689 1523; x_wconf 75' lang='lat' dir='ltr'><strong>Hoemioreh.</strong></span> <span class='ocrx_word' id='word_1_59' title='bbox 704 1467 782 1524; x_wconf 83' lang='lat' dir='ltr'><strong>sect.</strong></span> <span class='ocrx_word' id='word_1_60' title='bbox 797 1458 829 1523; x_wconf 92' lang='lat' dir='ltr'><strong>ii.</strong></span> <span class='ocrx_word' id='word_1_61' title='bbox 842 1481 912 1544; x_wconf 88' lang='lat' dir='ltr'><strong>oap.</strong></span> <span class='ocrx_word' id='word_1_62' title='bbox 928 1482 960 1523; x_wconf 88' lang='lat' dir='ltr'><strong>x.</strong></span> <span class='ocrx_word' id='word_1_63' title='bbox 975 1482 1008 1545; x_wconf 89' lang='lat' dir='ltr'><strong>p.</strong></span> <span class='ocrx_word' id='word_1_64' title='bbox 1026 1479 1097 1543; x_wconf 87' lang='lat'><strong>193.</strong></span> <span class='ocrx_word' id='word_1_65' title='bbox 1142 1458 1207 1523; x_wconf 91' lang='lat' dir='ltr'><strong>Sed</strong></span> <span class='ocrx_word' id='word_1_66' title='bbox 1221 1460 1282 1523; x_wconf 84' lang='lat' dir='ltr'><strong>hae</strong></span> <span class='ocrx_word' id='word_1_67' title='bbox 1300 1481 1337 1524; x_wconf 93' lang='lat' dir='ltr'><strong>re</strong></span> <span class='ocrx_word' id='word_1_68' title='bbox 1355 1459 1463 1537; x_wconf 87' lang='lat' dir='ltr'><strong>missa,</strong></span> <span class='ocrx_word' id='word_1_69' title='bbox 1478 1481 1500 1523; x_wconf 87' lang='lat' dir='ltr'><strong>e</strong></span> <span class='ocrx_word' id='word_1_70' title='bbox 1514 1457 1587 1524; x_wconf 86' lang='lat' dir='ltr'><strong>Va·</strong></span> 
     </span>
     <span class='ocr_line' id='line_1_9' title="bbox 479 1560 1586 1645; baseline 0.002 -22"><span class='ocrx_word' id='word_1_71' title='bbox 479 1560 548 1625; x_wconf 85' lang='lat' dir='ltr'><strong>leeii</strong></span> <span class='ocrx_word' id='word_1_72' title='bbox 569 1560 716 1645; x_wconf 87' lang='lat' dir='ltr'><strong>partibus</strong></span> <span class='ocrx_word' id='word_1_73' title='bbox 735 1561 834 1625; x_wconf 85' lang='lat' dir='ltr'><strong>verba</strong></span> <span class='ocrx_word' id='word_1_74' title='bbox 853 1560 943 1625; x_wconf 86' lang='lat' dir='ltr'><strong>istoeo</strong></span> <span class='ocrx_word' id='word_1_75' title='bbox 967 1560 1151 1645; x_wconf 80' lang='lat' dir='ltr'><strong>Serapionis</strong></span> <span class='ocrx_word' id='word_1_76' title='bbox 1181 1560 1297 1624; x_wconf 87' lang='lat' dir='ltr'><strong>Latine</strong></span> <span class='ocrx_word' id='word_1_77' title='bbox 1320 1560 1476 1625; x_wconf 87' lang='lat' dir='ltr'><strong>vertentis</strong></span> <span class='ocrx_word' id='word_1_78' title='bbox 1498 1568 1586 1625; x_wconf 88' lang='lat' dir='ltr'><strong>stare</strong></span> 
     </span>
     <span class='ocr_line' id='line_1_10' title="bbox 480 1662 1585 1748; baseline 0 -22"><span class='ocrx_word' id='word_1_79' title='bbox 480 1662 594 1748; x_wconf 86' lang='lat' dir='ltr'>opinor</span> <span class='ocrx_word' id='word_1_80' title='bbox 614 1669 811 1727; x_wconf 73' lang='lat' dir='ltr'><strong>structuram</strong></span> <span class='ocrx_word' id='word_1_81' title='bbox 825 1663 1005 1738; x_wconf 87' lang='lat' dir='ltr'><strong>verborum,</strong></span> <span class='ocrx_word' id='word_1_82' title='bbox 1020 1662 1081 1726; x_wconf 83' lang='lat' dir='ltr'><strong>etei</strong></span> <span class='ocrx_word' id='word_1_83' title='bbox 1103 1662 1198 1726; x_wconf 86' lang='lat' dir='ltr'><strong>aliter</strong></span> <span class='ocrx_word' id='word_1_84' title='bbox 1218 1662 1493 1746; x_wconf 71' lang='lat' dir='ltr'><strong>interpretandam</strong></span> <span class='ocrx_word' id='word_1_85' title='bbox 1515 1684 1585 1726; x_wconf 87' lang='lat' dir='ltr'><strong>esee</strong></span> 
     </span>
     <span class='ocr_line' id='line_1_11' title="bbox 479 1762 1584 1846; baseline 0.002 -19"><span class='ocrx_word' id='word_1_86' title='bbox 479 1785 589 1828; x_wconf 76' lang='lat' dir='ltr'><strong>vocam</strong></span> <span class='ocrx_word' id='word_1_87' title='bbox 602 1763 787 1846; x_wconf 77' lang='grc' dir='ltr'>χρησάμενοι</span> <span class='ocrx_word' id='word_1_88' title='bbox 802 1765 916 1828; x_wconf 87' lang='lat' dir='ltr'><strong>dooeat</strong></span> <span class='ocrx_word' id='word_1_89' title='bbox 931 1763 1133 1841; x_wconf 85' lang='lat' dir='ltr'><strong>Dodwellus;</strong></span> <span class='ocrx_word' id='word_1_90' title='bbox 1156 1770 1178 1801; x_wconf 93' lang='lat'><strong>“</strong></span> <span class='ocrx_word' id='word_1_91' title='bbox 1192 1762 1379 1845; x_wconf 73' lang='grc' dir='ltr'>χρησάμενοι</span> <span class='ocrx_word' id='word_1_92' title='bbox 1392 1762 1416 1826; x_wconf 89' lang='lat' dir='ltr'><strong>i.</strong></span> <span class='ocrx_word' id='word_1_93' title='bbox 1432 1783 1460 1826; x_wconf 88' lang='lat' dir='ltr'><strong>e.</strong></span> <span class='ocrx_word' id='word_1_94' title='bbox 1481 1765 1584 1844; x_wconf 75' lang='grc' dir='ltr'>χρείας</span> 
     </span>
     <span class='ocr_line' id='line_1_12' title="bbox 481 1864 1582 1950; baseline -0.001 -21"><span class='ocrx_word' id='word_1_95' title='bbox 481 1871 503 1903; x_wconf 86' lang='lat'>“</span> <span class='ocrx_word' id='word_1_96' title='bbox 522 1865 724 1946; x_wconf 86' lang='lat' dir='ltr'><strong>(sententias)</strong></span> <span class='ocrx_word' id='word_1_97' title='bbox 746 1875 932 1950; x_wconf 71' lang='lat' dir='ltr'><strong>mapaetes</strong></span> <span class='ocrx_word' id='word_1_98' title='bbox 949 1864 1032 1929; x_wconf 68' lang='lat' dir='ltr'><strong>tuoe</strong></span> <span class='ocrx_word' id='word_1_99' title='bbox 1052 1864 1237 1949; x_wconf 71' lang='lat' dir='ltr'><strong>eooayebima</strong></span> <span class='ocrx_word' id='word_1_100' title='bbox 1251 1864 1407 1948; x_wconf 72' lang='lat' dir='ltr'><strong>potuimus</strong></span> <span class='ocrx_word' id='word_1_101' title='bbox 1427 1884 1582 1928; x_wconf 69' lang='lat' dir='ltr'><strong>ommam.</strong></span> 
     </span>
     <span class='ocr_line' id='line_1_13' title="bbox 481 1963 1583 2052; baseline -0.002 -22"><span class='ocrx_word' id='word_1_102' title='bbox 481 1974 503 2005; x_wconf 92' lang='lat'><strong>“</strong></span> <span class='ocrx_word' id='word_1_103' title='bbox 518 1966 571 2031; x_wconf 84' lang='lat' dir='ltr'><strong>Sia</strong></span> <span class='ocrx_word' id='word_1_104' title='bbox 595 1967 679 2031; x_wconf 92' lang='lat' dir='ltr'><strong>enim</strong></span> <span class='ocrx_word' id='word_1_105' title='bbox 701 1966 808 2031; x_wconf 85' lang='lat' dir='ltr'><strong>loous”</strong></span> <span class='ocrx_word' id='word_1_106' title='bbox 824 1967 943 2052; x_wconf 90' lang='lat' dir='ltr'><strong>(inquit</strong></span> <span class='ocrx_word' id='word_1_107' title='bbox 962 1967 1026 2047; x_wconf 93' lang='lat' dir='ltr'><strong>ille)</strong></span> <span class='ocrx_word' id='word_1_108' title='bbox 1044 1973 1066 2005; x_wconf 90' lang='lat'><strong>“</strong></span> <span class='ocrx_word' id='word_1_109' title='bbox 1081 1965 1114 2029; x_wconf 90' lang='lat' dir='ltr'><strong>ni</strong></span> <span class='ocrx_word' id='word_1_110' title='bbox 1134 1965 1236 2043; x_wconf 82' lang='lat' dir='ltr'><strong>fallor,</strong></span> <span class='ocrx_word' id='word_1_111' title='bbox 1251 1963 1485 2050; x_wconf 85' lang='lat' dir='ltr'><strong>intelligendus,</strong></span> <span class='ocrx_word' id='word_1_112' title='bbox 1501 1966 1583 2030; x_wconf 87' lang='lat' dir='ltr'><strong>male</strong></span> 
     </span>
     <span class='ocr_line' id='line_1_14' title="bbox 481 2065 1583 2153; baseline 0 -21"><span class='ocrx_word' id='word_1_113' title='bbox 481 2069 637 2152; x_wconf 88' lang='lat' dir='ltr'><strong>“alioqui</strong></span> <span class='ocrx_word' id='word_1_114' title='bbox 665 2076 816 2153; x_wconf 79' lang='lat' dir='ltr'><strong>aceeptus</strong></span> <span class='ocrx_word' id='word_1_115' title='bbox 844 2069 887 2132; x_wconf 91' lang='lat' dir='ltr'><strong>ab</strong></span> <span class='ocrx_word' id='word_1_116' title='bbox 916 2068 1093 2151; x_wconf 77' lang='lat' dir='ltr'><strong>interprete</strong></span> <span class='ocrx_word' id='word_1_117' title='bbox 1123 2065 1283 2131; x_wconf 87' lang='lat' dir='ltr'><strong>Valesio.&#39;’</strong></span> <span class='ocrx_word' id='word_1_118' title='bbox 1326 2067 1458 2131; x_wconf 64' lang='lat' dir='ltr'><strong>Doara</strong></span> <span class='ocrx_word' id='word_1_119' title='bbox 1482 2065 1524 2131; x_wconf 86' lang='lat' dir='ltr'><strong>iv.</strong></span> <span class='ocrx_word' id='word_1_120' title='bbox 1548 2068 1583 2132; x_wconf 79' lang='lat' dir='ltr'><strong>ia</strong></span> 
     </span>
     <span class='ocr_line' id='line_1_15' title="bbox 480 2166 1582 2252; baseline 0.001 -21"><span class='ocrx_word' id='word_1_121' title='bbox 480 2168 650 2242; x_wconf 79' lang='lat' dir='ltr'><strong>Irenaeam,</strong></span> <span class='ocrx_word' id='word_1_122' title='bbox 673 2169 703 2248; x_wconf 62' lang='grc' dir='ltr'><strong>ξ.</strong></span> <span class='ocrx_word' id='word_1_123' title='bbox 723 2167 831 2231; x_wconf 84' lang='lat' dir='ltr'><strong>xxxvi.</strong></span> <span class='ocrx_word' id='word_1_124' title='bbox 847 2190 878 2252; x_wconf 90' lang='lat' dir='ltr'><strong>p.</strong></span> <span class='ocrx_word' id='word_1_125' title='bbox 893 2169 969 2251; x_wconf 86' lang='lat'><strong>364.</strong></span> <span class='ocrx_word' id='word_1_126' title='bbox 1014 2167 1078 2230; x_wconf 90' lang='lat' dir='ltr'><strong>Sed</strong></span> <span class='ocrx_word' id='word_1_127' title='bbox 1100 2172 1134 2230; x_wconf 90' lang='lat' dir='ltr'><strong>et</strong></span> <span class='ocrx_word' id='word_1_128' title='bbox 1155 2174 1248 2231; x_wconf 85' lang='lat' dir='ltr'><strong>vetus</strong></span> <span class='ocrx_word' id='word_1_129' title='bbox 1269 2166 1427 2252; x_wconf 80' lang='lat' dir='ltr'><strong>interpres</strong></span> <span class='ocrx_word' id='word_1_130' title='bbox 1448 2167 1582 2232; x_wconf 87' lang='lat' dir='ltr'><strong>Rufinus</strong></span> 
     </span>
     <span class='ocr_line' id='line_1_16' title="bbox 479 2266 1636 2351; baseline 0.002 -20"><span class='ocrx_word' id='word_1_131' title='bbox 479 2269 587 2345; x_wconf 75' lang='lat' dir='ltr'><strong>vertit,</strong></span> <span class='ocrx_word' id='word_1_132' title='bbox 602 2267 640 2330; x_wconf 80' lang='lat' dir='ltr'><strong>ad</strong></span> <span class='ocrx_word' id='word_1_133' title='bbox 654 2269 731 2351; x_wconf 61' lang='lat' dir='ltr'><strong>ipssa</strong></span> <span class='ocrx_word' id='word_1_134' title='bbox 744 2269 886 2346; x_wconf 75' lang='lat' dir='ltr'><strong>mutuati,</strong></span> <span class='ocrx_word' id='word_1_135' title='bbox 900 2267 1085 2350; x_wconf 79' lang='grc' dir='ltr'>χρησόμενοι</span> <span class='ocrx_word' id='word_1_136' title='bbox 1099 2266 1167 2349; x_wconf 86' lang='grc' dir='ltr'>παρ’</span> <span class='ocrx_word' id='word_1_137' title='bbox 1183 2269 1290 2333; x_wconf 76' lang='grc' dir='ltr'>αὐτῶν.</span> <span class='ocrx_word' id='word_1_138' title='bbox 1633 2334 1636 2343; x_wconf 80' lang='grc'><em>,</em></span> 
     </span>
    </p>

    <p class='ocr_par' dir='ltr' id='par_1_3' title="bbox 480 2368 1583 2557">
     <span class='ocr_line' id='line_1_17' title="bbox 525 2368 1583 2458; baseline 0.004 -26"><span class='ocrx_word' id='word_1_139' title='bbox 525 2368 562 2432; x_wconf 92' lang='grc' dir='ltr'><strong>Ρ.</strong></span> <span class='ocrx_word' id='word_1_140' title='bbox 574 2388 648 2452; x_wconf 81' lang='lat'><strong>453.</strong></span> <span class='ocrx_word' id='word_1_141' title='bbox 664 2369 685 2432; x_wconf 90' lang='lat' dir='ltr'><strong>l.</strong></span> <span class='ocrx_word' id='word_1_142' title='bbox 703 2387 752 2434; x_wconf 80' lang='lat'><strong>12.</strong></span> <span class='ocrx_word' id='word_1_143' title='bbox 768 2368 1063 2453; x_wconf 78' lang='grc' dir='ltr'>προσδιεσταλμένα]</span> <span class='ocrx_word' id='word_1_144' title='bbox 1078 2368 1311 2434; x_wconf 73' lang='lat' dir='ltr'><strong>Convenienter</strong></span> <span class='ocrx_word' id='word_1_145' title='bbox 1325 2370 1438 2436; x_wconf 87' lang='lat' dir='ltr'><strong>oumvi</strong></span> <span class='ocrx_word' id='word_1_146' title='bbox 1454 2371 1583 2458; x_wconf 85' lang='lat' dir='ltr'><strong>propria</strong></span> 
     </span>
     <span class='ocr_line' id='line_1_18' title="bbox 480 2468 1583 2557; baseline 0.005 -23"><span class='ocrx_word' id='word_1_147' title='bbox 480 2468 549 2556; x_wconf 89' lang='lat' dir='ltr'><strong>ejus</strong></span> <span class='ocrx_word' id='word_1_148' title='bbox 563 2471 693 2535; x_wconf 88' lang='lat' dir='ltr'><strong>verbum</strong></span> <span class='ocrx_word' id='word_1_149' title='bbox 713 2470 991 2557; x_wconf 87' lang='lat' dir='ltr'><strong>interpretandum</strong></span> <span class='ocrx_word' id='word_1_150' title='bbox 1012 2472 1117 2550; x_wconf 78' lang='lat' dir='ltr'><strong>suerit,</strong></span> <span class='ocrx_word' id='word_1_151' title='bbox 1134 2472 1315 2556; x_wconf 67' lang='lat' dir='ltr'><strong>saeptione</strong></span> <span class='ocrx_word' id='word_1_152' title='bbox 1334 2483 1407 2537; x_wconf 75' lang='lat' dir='ltr'><strong>nota</strong></span> <span class='ocrx_word' id='word_1_153' title='bbox 1427 2474 1583 2541; x_wconf 70' lang='lat' dir='ltr'><strong>distincta</strong></span> 
     </span>
    </p>

    <p class='ocr_par' dir='ltr' id='par_1_4' title="bbox 479 2572 1584 3272">
     <span class='ocr_line' id='line_1_19' title="bbox 525 2572 1583 2660; baseline 0.005 -24"><span class='ocrx_word' id='word_1_154' title='bbox 525 2572 610 2636; x_wconf 90' lang='lat' dir='ltr'><strong>lbid.</strong></span> <span class='ocrx_word' id='word_1_155' title='bbox 628 2573 648 2636; x_wconf 93' lang='lat' dir='ltr'><strong>l.</strong></span> <span class='ocrx_word' id='word_1_156' title='bbox 668 2592 719 2653; x_wconf 83' lang='lat'><strong>27.</strong></span> <span class='ocrx_word' id='word_1_157' title='bbox 743 2576 937 2654; x_wconf 73' lang='lat' dir='ltr'><strong>Fragmentis,</strong></span> <span class='ocrx_word' id='word_1_158' title='bbox 951 2597 982 2655; x_wconf 89' lang='lat' dir='ltr'><strong>p.</strong></span> <span class='ocrx_word' id='word_1_159' title='bbox 999 2573 1081 2660; x_wconf 82' lang='lat'><strong>162.]</strong></span> <span class='ocrx_word' id='word_1_160' title='bbox 1105 2572 1210 2653; x_wconf 79' lang='lat' dir='ltr'><strong>Quum</strong></span> <span class='ocrx_word' id='word_1_161' title='bbox 1229 2573 1310 2637; x_wconf 87' lang='lat' dir='ltr'><strong>elius</strong></span> <span class='ocrx_word' id='word_1_162' title='bbox 1333 2574 1463 2658; x_wconf 87' lang='lat' dir='ltr'><strong>quidam</strong></span> <span class='ocrx_word' id='word_1_163' title='bbox 1486 2575 1583 2642; x_wconf 78' lang='lat' dir='ltr'><strong>fuerit</strong></span> 
     </span>
     <span class='ocr_line' id='line_1_20' title="bbox 481 2671 1583 2762; baseline 0.002 -23"><span class='ocrx_word' id='word_1_164' title='bbox 481 2675 613 2760; x_wconf 76' lang='lat' dir='ltr'><strong>Serapio</strong></span> <span class='ocrx_word' id='word_1_165' title='bbox 642 2678 761 2760; x_wconf 86' lang='lat' dir='ltr'><strong>praeter</strong></span> <span class='ocrx_word' id='word_1_166' title='bbox 788 2672 873 2735; x_wconf 89' lang='lat' dir='ltr'><strong>huno</strong></span> <span class='ocrx_word' id='word_1_167' title='bbox 902 2671 1149 2751; x_wconf 67' lang='lat' dir='ltr'><strong>Antiochenam,</strong></span> <span class='ocrx_word' id='word_1_168' title='bbox 1180 2675 1286 2739; x_wconf 86' lang='lat' dir='ltr'><strong>saeouli</strong></span> <span class='ocrx_word' id='word_1_169' title='bbox 1316 2676 1422 2759; x_wconf 84' lang='lat' dir='ltr'><strong>quarti</strong></span> <span class='ocrx_word' id='word_1_170' title='bbox 1450 2676 1583 2762; x_wconf 86' lang='lat' dir='ltr'><strong>insignis</strong></span> 
     </span>
     <span class='ocr_line' id='line_1_21' title="bbox 480 2772 1582 2863; baseline 0.002 -20"><span class='ocrx_word' id='word_1_171' title='bbox 480 2778 626 2862; x_wconf 77' lang='lat' dir='ltr'><strong>soriptm,</strong></span> <span class='ocrx_word' id='word_1_172' title='bbox 639 2776 726 2841; x_wconf 90' lang='lat' dir='ltr'><strong>haud</strong></span> <span class='ocrx_word' id='word_1_173' title='bbox 737 2773 932 2859; x_wconf 83' lang='lat' dir='ltr'><strong>distinguere</strong></span> <span class='ocrx_word' id='word_1_174' title='bbox 945 2772 1029 2853; x_wconf 82' lang='lat' dir='ltr'><strong>lieet,</strong></span> <span class='ocrx_word' id='word_1_175' title='bbox 1046 2776 1110 2840; x_wconf 84' lang='lat' dir='ltr'><strong>utri</strong></span> <span class='ocrx_word' id='word_1_176' title='bbox 1124 2776 1249 2841; x_wconf 90' lang='lat' dir='ltr'><strong>illorum</strong></span> <span class='ocrx_word' id='word_1_177' title='bbox 1263 2776 1374 2860; x_wconf 78' lang='grc' dir='ltr'>ῥήσεις,</span> <span class='ocrx_word' id='word_1_178' title='bbox 1391 2800 1463 2863; x_wconf 71' lang='lat' dir='ltr'><strong>quse</strong></span> <span class='ocrx_word' id='word_1_179' title='bbox 1477 2779 1510 2843; x_wconf 92' lang='lat' dir='ltr'><strong>in</strong></span> <span class='ocrx_word' id='word_1_180' title='bbox 1522 2779 1582 2845; x_wconf 80' lang='lat' dir='ltr'><strong>Ga·</strong></span> 
     </span>
     <span class='ocr_line' id='line_1_22' title="bbox 479 2876 1582 2964; baseline 0.002 -20"><span class='ocrx_word' id='word_1_181' title='bbox 479 2880 563 2944; x_wconf 89' lang='lat' dir='ltr'><strong>tenis</strong></span> <span class='ocrx_word' id='word_1_182' title='bbox 584 2878 717 2962; x_wconf 78' lang='lat' dir='ltr'><strong>aliisque</strong></span> <span class='ocrx_word' id='word_1_183' title='bbox 738 2878 771 2940; x_wconf 91' lang='lat' dir='ltr'><strong>id</strong></span> <span class='ocrx_word' id='word_1_184' title='bbox 792 2898 891 2962; x_wconf 82' lang='lat' dir='ltr'><strong>genus</strong></span> <span class='ocrx_word' id='word_1_185' title='bbox 911 2876 1002 2941; x_wconf 86' lang='lat' dir='ltr'><strong>libris</strong></span> <span class='ocrx_word' id='word_1_186' title='bbox 1023 2877 1084 2942; x_wconf 90' lang='lat' dir='ltr'><strong>hoo</strong></span> <span class='ocrx_word' id='word_1_187' title='bbox 1106 2900 1220 2943; x_wconf 92' lang='lat' dir='ltr'><strong>nomen</strong></span> <span class='ocrx_word' id='word_1_188' title='bbox 1242 2901 1308 2964; x_wconf 87' lang='lat' dir='ltr'><strong>prae</strong></span> <span class='ocrx_word' id='word_1_189' title='bbox 1331 2902 1366 2944; x_wconf 87' lang='lat' dir='ltr'><strong>se</strong></span> <span class='ocrx_word' id='word_1_190' title='bbox 1390 2880 1508 2960; x_wconf 85' lang='lat' dir='ltr'><strong>fenmt,</strong></span> <span class='ocrx_word' id='word_1_191' title='bbox 1523 2884 1582 2947; x_wconf 85' lang='lat' dir='ltr'><strong>ad·</strong></span> 
     </span>
     <span class='ocr_line' id='line_1_23' title="bbox 480 2979 1582 3067; baseline 0.002 -21"><span class='ocrx_word' id='word_1_192' title='bbox 480 2981 655 3046; x_wconf 80' lang='lat' dir='ltr'><strong>seribendae</strong></span> <span class='ocrx_word' id='word_1_193' title='bbox 670 2979 754 3056; x_wconf 87' lang='lat' dir='ltr'><strong>sint;</strong></span> <span class='ocrx_word' id='word_1_194' title='bbox 777 2979 875 3043; x_wconf 93' lang='lat' dir='ltr'><strong>immo</strong></span> <span class='ocrx_word' id='word_1_195' title='bbox 894 3001 958 3042; x_wconf 89' lang='lat' dir='ltr'><strong>non</strong></span> <span class='ocrx_word' id='word_1_196' title='bbox 982 2986 1119 3058; x_wconf 87' lang='lat' dir='ltr'><strong>oonstat,</strong></span> <span class='ocrx_word' id='word_1_197' title='bbox 1136 2981 1310 3067; x_wconf 89' lang='lat' dir='ltr'><strong>quidquam</strong></span> <span class='ocrx_word' id='word_1_198' title='bbox 1329 2981 1458 3046; x_wconf 91' lang='lat' dir='ltr'><strong>omnino</strong></span> <span class='ocrx_word' id='word_1_199' title='bbox 1477 2984 1511 3048; x_wconf 91' lang='lat' dir='ltr'><strong>in</strong></span> <span class='ocrx_word' id='word_1_200' title='bbox 1526 2984 1582 3049; x_wconf 86' lang='lat' dir='ltr'><strong>iis·</strong></span> 
     </span>
     <span class='ocr_line' id='line_1_24' title="bbox 480 3083 1584 3172; baseline 0.004 -24"><span class='ocrx_word' id='word_1_201' title='bbox 480 3086 554 3148; x_wconf 89' lang='lat' dir='ltr'><strong>dem</strong></span> <span class='ocrx_word' id='word_1_202' title='bbox 582 3084 730 3169; x_wconf 88' lang='lat' dir='ltr'><strong>operibus</strong></span> <span class='ocrx_word' id='word_1_203' title='bbox 758 3083 935 3148; x_wconf 76' lang='lat' dir='ltr'><strong>adductum</strong></span> <span class='ocrx_word' id='word_1_204' title='bbox 963 3083 1006 3148; x_wconf 89' lang='lat' dir='ltr'><strong>ad</strong></span> <span class='ocrx_word' id='word_1_205' title='bbox 1030 3085 1239 3151; x_wconf 82' lang='lat' dir='ltr'><strong>vetustiorem</strong></span> <span class='ocrx_word' id='word_1_206' title='bbox 1263 3086 1348 3150; x_wconf 89' lang='lat' dir='ltr'><strong>huno</strong></span> <span class='ocrx_word' id='word_1_207' title='bbox 1375 3088 1584 3172; x_wconf 86' lang='lat' dir='ltr'><strong>Serapionem</strong></span> 
     </span>
     <span class='ocr_line' id='line_1_25' title="bbox 479 3186 650 3272; baseline 0.012 -22"><span class='ocrx_word' id='word_1_208' title='bbox 479 3186 650 3272; x_wconf 86' lang='lat' dir='ltr'><strong>pertinere.</strong></span> 
     </span>
    </p>
   </div>
   <div class='ocr_carea' id='block_1_3' title="bbox 0 0 1910 5650">
    <p class='ocr_par' dir='ltr' id='par_1_5' title="bbox 0 0 1910 5650">
     <span class='ocr_line' id='line_1_26' title="bbox 0 0 1910 5650; baseline 0 1"><span class='ocrx_word' id='word_1_209' title='bbox 0 0 1910 5650; x_wconf 95' lang='lat' dir='ltr'><strong> </strong></span> 
     </span>
    </p>
   </div>
  </div>
 </body>
</html>
