3809 5650
399 659 464 719 418
776 654 1130 720 ANNOTATIONES

395 825 520 910 gorioos
545 831 614 886 tam
640 821 798 906 perlectus
819 845 915 908 quarn
938 823 1080 908 religioni
1104 822 1287 906 aptissimus
1310 820 1508 894 habebatur,

397 927 481 989 unde
496 923 629 1008 Etymol.
644 925 755 1008 Magn.
771 923 894 999 ‘Eorta
909 926 970 989 ἀπὸ
985 932 1037 989 τοῦ
1056 924 1151 1004 σέβω,
1168 922 1280 990 otardo
1298 948 1342 989 τις
1360 922 1449 995 οὖσα,
1466 922 1511 987 ὡς

398 1028 474 1099 θεία,
499 1027 547 1088 καὶ
571 1025 698 1105 ἀμήτωρ,
724 1027 772 1089 καὶ
795 1025 950 1106 adpotum,
979 1025 1094 1090 similia
1115 1032 1223 1089 tamen
1246 1024 1279 1087 in
1301 1022 1425 1087 decimo
1448 1044 1510 1085 nu-

396 1149 485 1190 mero
505 1133 646 1190 sectatus
668 1132 718 1189 est
741 1126 857 1211 Glycas
877 1128 910 1190 in
932 1126 1119 1203 Annalibus,
1141 1133 1312 1210 propterea
1333 1126 1420 1209 quod
1445 1147 1507 1188 nu-·

397 1250 503 1292 merus
528 1249 654 1312 quoque
684 1227 833 1293 denarius
863 1229 906 1292 sit
936 1229 1106 1313 perfectus.
1133 1235 1216 1313 part.
1232 1227 1276 1290 iii.
1304 1249 1335 1313 p.
1352 1244 1426 1310 225.
1452 1227 1507 1289 ed.

400 1329 542 1393 Labbaei.

443 1433 481 1493 P.
499 1433 575 1514 396.
599 1431 620 1493 l.'
635 1448 667 1513 5.
688 1429 777 1514 duae]
799 1432 893 1494 Duas
909 1451 981 1493 cum
997 1430 1215 1494 Freindallero
1229 1429 1403 1516 reponend.
1450 1428 1508 1491 lta

398 1531 543 1596 similiter
557 1532 778 1616 corrigendum
792 1538 842 1594 cst
856 1531 952 1615 paulo
967 1531 1051 1596 inira
1064 1532 1106 1595 ad
1121 1532 1142 1594 l.
1160 1535 1206 1595 16.

444 1633 528 1696 lbid.
549 1633 568 1696 l.
586 1650 616 1713 7.
646 1634 680 1696 in
702 1632 902 1697 ordinatione
932 1633 1154 1697 ecclesiasticae
1180 1632 1355 1717 disciplima
1385 1631 1507 1695 sancti*

397 1735 503 1798 ficatae
517 1735 604 1818 sunt]
621 1734 681 1798 Ait
696 1733 910 1798 Tertullianus
924 1735 986 1797 line
997 1734 1069 1797 libri
1080 1735 1128 1798 sui
1139 1734 1199 1798 ult.
1210 1734 1281 1797 ado,
1291 1733 1506 1796 Marciorum:

398 1836 470 1901 Soli
486 1836 559 1900 luia
579 1837 712 1923 epistola
729 1836 808 1918 (scil.
827 1837 868 1900 ad
890 1836 1123 1916 Philemonem)
1140 1834 1270 1898 bertae
1291 1856 1347 1897 erto
1368 1835 1506 1919 profuit,

397 1938 596 2022 utsctscrius
607 1959 716 2001 manus
729 1938 904 2001 Marcionis
917 1937 1060 2000 maderet.
1105 1937 1213 2000 Miror
1225 1946 1336 2011 tumen,
1350 1956 1443 2019 quum
1459 1935 1512 1998 ad

398 2061 493 2104 unum
512 2041 661 2103 bominem
679 2038 926 2121 (Philemonem)
946 2038 1052 2101 literae
1062 2035 1174 2122 sactae
1189 2037 1344 2121 receperit,
1363 2035 1444 2120 qaod
1460 2036 1510 2099 od

402 2141 588 2203 ltnwtteum
600 2140 688 2214 dctus,
699 2148 726 2201 ct
739 2161 833 2201 acam
848 2139 893 2201 ad
906 2139 1021 2215 litum,
1038 2138 1077 2201 de
1092 2137 1304 2201 ecclesiastico
1315 2144 1404 2201 statu
1419 2158 1506 2200 com-

399 2241 520 2324 positas
532 2240 721 2303 recreaverit.
747 2240 800 2302 Sic
809 2240 871 2302 illc.
906 2240 1113 2314 (laterumde
1124 2238 1253 2324 reliquis
1264 2238 1405 2323 epistolis
1418 2240 1506 2302 Pau·

398 2341 471 2403 linis
486 2341 545 2403 hoc
561 2341 685 2413 dicam;
710 2339 790 2404 (lum
804 2362 900 2403 uranu
916 2341 1015 2425 ipsius
1031 2341 1122 2404 Pauli
1138 2348 1196 2404 aut
1211 2340 1340 2424 scriptae
1354 2340 1429 2417 sint,
1445 2350 1506 2406 aut

398 2441 544 2526 signatae,
568 2441 711 2525 epistolae
733 2464 842 2505 omnes
865 2443 933 2527 ejus
957 2444 1032 2524 (vid.
1054 2443 1125 2506 Gal.
1138 2442 1179 2506 vi.
1195 2462 1243 2506 11.
1260 2450 1293 2506 et
1313 2461 1331 2504 2
1350 2441 1448 2506 thee.
1457 2440 1503 2505 iii.

403 2546 479 2627 17.),
496 2554 529 2607 et
551 2544 709 2628 pleraeque
732 2566 840 2608 earum
862 2546 904 2608 ad
927 2546 1074 2609 ecclesias
1095 2545 1372 2630 frequentissimas,
1394 2561 1428 2608 ct
1450 2543 1506 2607 diu

400 2653 513 2731 postea
527 2646 686 2721 florentes,
704 2646 809 2710 missae
824 2647 899 2723 sint,
914 2649 946 2710 in
962 2648 1075 2731 quibus
1090 2648 1176 2732 ipsas
1190 2646 1317 2711 recitari
1332 2667 1403 2709 mos
1422 2653 1506 2721 erat,

400 2751 497 2831 (cous.
515 2750 621 2813 Colore.
636 2749 675 2813 iv.
696 2754 743 2813 16.
766 2773 837 2813 cum
861 2750 1005 2836 Dionysii
1021 2751 1176 2816 corinthii
1194 2750 1390 2834 Frapmcatie
1408 2769 1506 2835 supra

400 2876 472 2939 pag.
493 2854 582 2940 180.)
608 2855 842 2939 earundemque
867 2855 1069 2918 ecclesiarum
1095 2854 1261 2939 plerasque
1288 2852 1408 2916 Paulus
1435 2852 1508 2936 ipse

399 2978 510 3020 rursus
541 2956 697 3029 adiverit;
736 2957 820 3019 haud
848 2957 1059 3020 dubitandum
1088 2963 1147 3032 est,
1174 2956 1249 3040 quin
1278 2955 1331 3017 vix
1357 2953 1506 3037 cuiquam

400 3080 440 3121 ex
462 3058 699 3134 recentioribus,
723 3058 777 3142 qui
799 3058 866 3121 vita
881 3058 950 3141 jam
969 3058 1096 3121 functus
1116 3057 1223 3132 fuerit,
1246 3055 1383 3119 adscribi
1403 3053 1506 3139 possit

399 3158 597 3243 gravioribus
622 3181 660 3223 ao
691 3159 879 3223 certioribus
909 3159 1105 3243 argumentis
1130 3157 1228 3219 ullum
1257 3156 1385 3219 omniuo
1414 3178 1506 3242 opus.

401 3260 498 3323 Adde
514 3261 599 3343 quod
616 3261 659 3324 ab
680 3261 863 3344 apostolicis
882 3282 982 3344 usquc
1003 3259 1199 3343 temporibus
1220 3265 1379 3342 quotquot
1398 3279 1506 3341 super-

299 3365 304 3376 ’
401 3366 476 3422 sunt
498 3360 701 3424 ecclesiastici
723 3361 894 3446 scriptores
917 3362 1011 3425 hasce
1031 3360 1184 3424 tredecim
1204 3358 1363 3443 epistolas,
1380 3365 1417 3421 ut
1433 3358 1506 3421 fidei

400 3459 621 3543 religionisque
638 3469 736 3526 testes
755 3484 793 3525 ao
812 3462 947 3546 regulas,
964 3462 1175 3546 protulerunt.
1217 3460 1266 3524 De
1282 3459 1374 3523 Pauli
1390 3459 1444 3522 illa
1463 3460 1507 3522 ad
1532 3533 1535 3538 Ι

402 3561 571 3638 Hebraeos,
581 3584 651 3645 quae
666 3563 708 3626 ab
719 3570 850 3627 auctore
862 3564 1048 3649 Fragmenti
1063 3563 1277 3648 praetermissa
1287 3570 1346 3639 est,
1357 3570 1394 3626 ut
1409 3583 1507 3645 supra

401 3662 443 3726 ad
456 3663 563 3725 Αιιοιι.
576 3664 727 3728 Pnaeurr.
743 3688 774 3749 p.
785 3668 860 3750 396.
879 3666 1024 3743 disserui,
1040 3667 1087 3730 ita
1102 3688 1227 3751 quoquc
1241 3667 1281 3729 de
1301 3666 1412 3729 eadem
1430 3685 1506 3728 mox

402 3764 570 3829 dicendum
585 3773 643 3830 est.

447 3866 531 3931 Ibid.
547 3867 567 3932 l.
581 3869 610 3931 8.
630 3869 672 3932 ad
694 3867 923 3944 laudecenses,
942 3870 1004 3933 alia
1023 3870 1064 3933 ad
1085 3869 1332 3951 Alexandrinos]
1352 3868 1509 3932 Fortasse

403 3968 612 4045 scribendum,
634 3970 679 4034 ad
698 3971 949 4035 Laodicauml
914 3994 934 4034 α
947 3972 991 4044 ia,
1012 3971 1080 4034 ulio
1102 3970 1146 4034 cd
1162 3969 1394 4034 Alcuaodrinos.
1433 3969 1506 4035 Sto·

402 4070 507 4134 schius
522 4072 571 4135 De
587 4072 802 4136 damaim.
820 4074 864 4136 N.
878 4074 914 4137 Τ.
930 4072 998 4135 haec
1011 4072 1167 4152 sentite.
1179 4071 1277 4135 lvi.‘
1280 4073 1508 4135 ‘Memoratur

404 4171 538 4257 “igitur
553 4173 654 4257 primo
670 4174 804 4257 epistola
818 4174 964 4257 quaedam
980 4173 1072 4236 Pauli
1088 4174 1130 4236 ad
1151 4172 1361 4250 Laodicenos,
1376 4195 1447 4257 quae
1463 4175 1507 4237 ad

400 4279 424 4311 ‘⁶
438 4272 585 4337 haeresim
597 4274 772 4338 Marcionis
787 4276 956 4358 pertineat.
985 4274 1009 4336 J
1010 4297 1063 4339 am
1078 4296 1152 4338 vero
1167 4296 1206 4338 ex
1222 4273 1420 4338 Tertulliano
1430 4275 1504 4337 adv.

403 4378 424 4409 “
439 4372 596 4438 Marcion.
612 4375 665 4439 lib.
677 4398 705 4439 v.
722 4398 814 4461 capp.
829 4396 879 4439 ιι.
899 4392 948 4456 17.
965 4383 998 4439 et
1014 4376 1195 4460 Epiphanio
1210 4375 1335 4440 Haeresi
1348 4374 1413 4437 xlii.
1429 4395 1505 4437 con-

404 4479 423 4509 “
439 4481 516 4551 etat,
534 4476 729 4540 Marcionem
745 4476 798 4560 qui
813 4476 917 4540 medio
936 4477 1042 4539 seculo
1057 4500 1088 4540 11.
1109 4477 1244 4541 haeresin
1263 4498 1354 4540 suam
1374 4476 1505 4559 sparsit,

403 4579 425 4609 ‘⁸
440 4574 606 4657 epistolam
627 4577 766 4662 aliquam
787 4579 828 4641 ad
852 4578 1047 4641 Laodicenos
1069 4578 1101 4641 in
1124 4600 1244 4641 canone
1268 4600 1325 4641 sno
1347 4577 1505 4643 habuisse.

404 4679 426 4712 “
442 4674 487 4739 Et
501 4696 681 4761 quanquam
701 4699 740 4740 ex
757 4678 944 4743 Tertulliani
964 4680 1068 4742 verbis
1088 4679 1154 4743 lere
1169 4680 1272 4763 colligi
1292 4681 1419 4755 debeat,
1434 4700 1506 4743 eam
