3809 5650
431 666 495 727 soa
763 661 1005 742 summum
1029 661 1202 726 sacam.

430 821 559 902 λοιπὸν
587 826 635 905 ὡς
660 822 874 927 ἀνδροφόνοι
899 827 958 902 καὶ
982 826 1101 924 μιαροὶ
1127 823 1341 924 κατείχοντο,
1360 821 1528 900 διπλότε-

430 989 495 1057 ρον
512 953 611 1057 παρά
635 953 716 1039 τοὺς
742 956 890 1040 λοιποὺς
918 956 1160 1059 κολαζόμενοι.
1190 955 1339 1036 ἐκείνους
1366 953 1432 1052 μὲν
1459 952 1531 1054 γὰρ

430 1088 656 1193 ἐπεκούφιζεν
682 1089 704 1185 ἡ
735 1089 831 1193 χαρά
859 1094 922 1188 τῆς
956 1089 1158 1190 μαρτυρίας·
1189 1093 1246 1166 καὶ
1276 1089 1299 1186 ἡ
1331 1090 1434 1170 ε’λπὶς
1459 1093 1532 1165 τῶν

431 1222 718 1322 ἐπηγγελμένων·
749 1226 806 1300 καὶ
825 1224 847 1319 ἡ
864 1220 955 1323 πρὸς
977 1221 1040 1299 τὸν
1065 1219 1229 1322 Χριστὸν
1254 1219 1388 1319 ἀγάπη,
1407 1224 1465 1298 καὶ
1490 1219 1531 1298 τὸ

431 1364 571 1452 πνεῦμα
595 1354 636 1434 τό
664 1354 848 1456 πατρικόν.
880 1355 1025 1436 τούτους
1050 1353 1087 1432 δὲ
1113 1351 1154 1431 τὸ
1181 1351 1343 1435 συνειδὸς
1365 1351 1558 1451 μεγάλως5

432 1491 644 1589 ἐτιμωρεῖτο·
689 1487 783 1567 ὥστε
813 1494 871 1566 καὶ
898 1486 999 1588 παρὰ
1025 1494 1098 1570 τοῖς
1126 1493 1265 1569 λοιποῖς
1293 1483 1410 1564 ἀπασι
1442 1483 1534 1563 κατά

432 1620 497 1704 τάς
515 1621 702 1723 παρόδους,
722 1622 911 1720 διαδὴλους
930 1619 994 1702 τάς
1020 1618 1123 1724 ὄφεις
1150 1621 1266 1698 αὐτῶν
1284 1617 1382 1697 εἶναι.
1414 1625 1447 1697 οἱ
1468 1619 1533 1717 μὲν

434 1751 504 1857 γάρ
533 1759 650 1858 ἱλαροὶ
677 1756 873 1858 προῄεσαν,
896 1753 1003 1858 δόξης
1031 1760 1088 1832 καὶ
1115 1754 1259 1858 χάριτος
1286 1759 1429 1852 πολλῆς
1457 1762 1534 1837 ταῖς

434 1888 568 1995 ὄφεσιν
586 1893 703 1969 αὐτῶν
721 1890 1022 1992 συγκεκραμένης·
1053 1887 1148 1967 ὥστε
1167 1891 1224 1966 καὶ
1243 1887 1289 1967 τά
1311 1885 1427 1986 δεσμά
1447 1885 1533 1965 κόσ-

433 2058 503 2123 μον
530 2027 686 2126 εύπρεπῆ
713 2031 935 2126 περικεῖσθαι
963 2025 1091 2119 αὐτοῖς,
1115 2020 1173 2104 Ῑὼς
1200 2022 1323 2125 νύμφη
1350 2055 1529 2118 κεκοσμη-
1546 2061 1582 2115 ro

433 2159 522 2262 με’νη
545 2162 583 2237 ε’ν
610 2166 834 2258 κροσσωτοῖς
859 2165 1009 2261 χρυσοῖς
1034 2155 1326 2251 πεποικιλμένοις·
1356 2154 1445 2252 ΙΙῙτὴν
1471 2156 1531 2233 εύ-

435 2292 543 2369 ωδίαν
573 2287 744 2372 ὀδωδότες
771 2289 846 2388 ἀμα
874 2288 940 2387 τὴν
968 2296 1143 2391 Χριστοῦ.
1172 2288 1267 2368 ὥστε
1295 2290 1404 2401 ἐνίους
1432 2289 1534 2394 δόξαι

435 2425 494 2501 καὶ
521 2421 622 2527 μύριρ
651 2427 816 2527 κοσμικῲ
845 2423 1034 2525 κεχρίσθαι
1061 2420 1198 2504 αύτούς.
1227 2427 1259 2500 oi
1288 2421 1335 2518 δὲ,
1364 2427 1534 2525 κατηφεῖς

436 2560 494 2634 καὶ
526 2558 684 2635 ταπεινοὶ
721 2559 778 2634 καὶ
812 2559 994 2651 δυσειδεῖς,
1027 2558 1085 2633 καὶ
1121 2555 1243 2653 πάσης
1276 2555 1534 2658 ἀσχημοσύνης

436 2688 619 2768 ἀνάπλεοι·
650 2689 800 2792 προσέτι
823 2688 860 2768 δὲ
885 2692 943 2767 καὶ
969 2687 1038 2767 ὑπὸ
1062 2694 1133 2765 τῶν
1157 2690 1270 2765 ἐθνῶν
1294 2685 1557 2787 ἀνειδιζόμενοιι
1564 2724 1581 2779 5

437 2826 485 2907 ὡς
517 2826 672 2924 ἀγεννεῖς
702 2826 759 2901 καὶ
788 2821 966 2924 ἀνανδροι·
1012 2818 1244 2925 ἀνδροφόνων
1275 2818 1340 2917 μὲν
1371 2819 1535 2920 ἔγκλημα

437 2956 587 3061 ἔχοντες,
606 2954 876 3039 ἀπολωλεκότες
895 2954 1016 3054 δὲτὴν
1034 2952 1210 3051 πάντιμον
1228 2957 1285 3032 καὶ
1314 2954 1459 3059 ἔνδοξον
1478 2958 1536 3033 καὶ

436 3088 608 3191 ζωοποιδν
626 3090 881 3191 προσηγορίαν.
911 3098 1023 3169 ταῦτα
1042 3089 1079 3168 δὲ
1105 3094 1138 3167 οῖ
1164 3092 1284 3167 λοιποὶ
1314 3094 1535 3192 θεωροῦντες,

437 3284 471 3322 ac
484 3263 635 3320 homicidae
646 3274 676 3320 et
690 3263 821 3320 scelerati
830 3263 962 3321 homines
1012 3265 1103 3322 instar
1117 3284 1229 3341 sponsae
1242 3262 1363 3321 fimbriis
1377 3265 1471 3322 aureis
1486 3285 1534 3321 va-

438 3342 962 3419 deincepsdetinebantur,duplogra-
1011 3343 1131 3419 riegatis
1145 3353 1269 3399 ornatae:
1292 3342 1328 3399 ad
1347 3342 1535 3402 haecsuavem
1548 3361 1584 3400 νο

440 3422 504 3478 vius
531 3441 617 3496 quam
650 3421 754 3497 reliqui
784 3422 961 3499 supplicium
1013 3422 1122 3479 Christi
1139 3421 1256 3479 odorem
1277 3422 1430 3499 spirantes,
1443 3423 1484 3479 ita
1503 3437 1537 3479 nt

438 3500 627 3579 perferentes.
683 3499 754 3559 Illos
782 3501 860 3558 enim
890 3520 961 3577 gau.
1013 3500 1146 3558 nonnulli
1172 3511 1288 3558 terreno
1312 3521 1362 3559 cos
1386 3514 1536 3577 unguento

438 3579 520 3638 dium
533 3579 674 3655 martyrii,
693 3599 816 3658 spesque
839 3580 962 3657 promis·
1013 3579 1158 3637 delibutos
1169 3588 1316 3656 putarent.
1347 3580 1388 3637 Hi
1403 3599 1471 3636 vero
1485 3579 1535 3637 de·

439 3678 478 3717 soe
497 3657 696 3723 beatitudinis,
714 3670 745 3717 et
769 3659 873 3717 caritas
894 3679 963 3735 erga
1013 3658 1101 3715 misso
1122 3657 1217 3723 vultu,
1236 3659 1341 3734 abjecti
1363 3669 1393 3716 et
1413 3658 1537 3733 squalidi

439 3737 600 3803 Christum,
615 3747 646 3795 et
656 3738 713 3795 Dei
726 3739 823 3797 Patris
834 3737 963 3816 Spiritus
1013 3757 1046 3795 ac
1059 3736 1179 3806 sordidi,
1193 3737 1329 3813 omnique
1344 3737 1536 3797 deformitatis
1548 3759 1562 3796 2
1567 3756 1584 3816 5

438 3817 594 3875 recreabat.
651 3818 714 3875 Hos
741 3838 810 3876 vero
836 3817 963 3895 graviter
1013 3835 1119 3893 genere
1139 3816 1285 3893 cooperti:
1308 3819 1344 3876 ab
1363 3817 1433 3894 ipsis
1451 3818 1535 3893 quin-

439 3896 593 3973 torquebat
628 3898 820 3955 conscientia:
857 3898 899 3954 ita
929 3905 964 3953 ut
1014 3896 1102 3954 etiam
1124 3895 1291 3954 Gentilibus
1312 3898 1417 3975 probro
1441 3897 1536 3955 affecti

440 3976 509 4034 dum
535 3975 765 4043 traducerentur,
790 3978 853 4055 ipso
877 3975 965 4033 vultu
1015 3985 1119 4054 utpote
1133 3975 1229 4051 ignavi
1239 3987 1325 4051 atque
1336 3976 1476 4045 imbelles,
1486 3978 1536 4052 qui

440 4065 528 4131 atquc
552 4054 690 4132 adspectu
713 4056 797 4115 facile
819 4056 963 4115 discerne·
1015 4055 1224 4114 homicidarum
1246 4055 1364 4131 quidem
1389 4056 1535 4134 sibiipsis

440 4144 542 4191 rentur
569 4154 586 4191 a
613 4134 726 4194 ceteris.
773 4137 893 4214 Quippe
921 4133 964 4191 illi
1014 4137 1122 4193 crimen
1142 4136 1355 4213 imposuissent.
1376 4135 1536 4192 Christian.
1547 4157 1586 4212 30

441 4212 558 4289 quidem
579 4214 685 4271 hilares
703 4216 887 4283 accedebant,
902 4235 963 4272 ma·
1015 4235 1098 4272 orum
1113 4225 1210 4273 autem
1222 4214 1418 4273 venerandum
1434 4224 1464 4272 et
1474 4214 1537 4291 glo-

438 4291 574 4366 jestatem
590 4294 733 4369 quandam
753 4294 899 4353 venustati
918 4294 963 4351 in·
1015 4294 1123 4352 riosum
1141 4315 1173 4352 ac
1192 4295 1317 4352 salutare
1338 4313 1444 4351 nomen
1465 4294 1536 4350 ami-

442 4371 963 4450 tennixtamvultibusproefercntcs';
1016 4373 1129 4431 sissent.
1171 4374 1246 4444 Quae
1264 4392 1329 4430 cum
1343 4373 1438 4431 'ceteri
1457 4372 1538 4430 vide.

442 4449 514 4507 adeo
528 4462 563 4507 nt
576 4451 691 4510 vincula
701 4453 877 4531 praecipuum
893 4453 964 4530 ipsis
1014 4462 1089 4516 rent,
1101 4471 1275 4529 magnopere
1285 4452 1537 4511 confirmabantur,

443 4539 576 4587 ornatum
607 4531 751 4589 addidisse
784 4532 962 4596 viderentur,
1016 4531 1057 4589 Et
1072 4532 1197 4606 siquem
1215 4541 1315 4608 postea
1333 4531 1563 4609 comprehendi3
1569 4550 1585 4610 5

674 4673 681 4711 1
702 4673 741 4720 Pa.
753 4673 809 4719 xliv.
827 4688 862 4732 ¹4·
1134 4683 1157 4710 m
1175 4672 1256 4719 aCor.
1272 4683 1308 4732 ις.
