3809 5650
497 667 562 729 330
870 663 1223 730 ANNOTATIONES

498 853 556 896 sua
569 830 614 894 od
629 830 795 894 Concilium
812 829 1084 895 Claromontanmn
1097 829 1150 895 κοῦ
1172 830 1294 895 Urbano
1309 832 1361 894 II.
1373 831 1502 894 honoris
1517 852 1601 916 prae·

498 931 674 1016 rogativam
690 931 722 993 in
738 930 848 993 ordine
862 930 944 993 civili
962 938 1038 994 tuno
1053 931 1188 996 Viennae
1209 930 1407 1015 oompetiisse
1426 952 1493 1014 prae
1512 930 1600 1015 Lug-

499 1034 584 1095 duno
604 1054 644 1095 ex
663 1031 810 1096 instituto
831 1031 961 1101 Galum
985 1032 1131 1114 idemque
1151 1032 1318 1096 discrimen
1337 1033 1502 1096 inductum
1526 1055 1600 1096 esse

499 1134 594 1197 etiam
615 1133 648 1196 in
671 1132 917 1196 eeclesiasticam
941 1132 1199 1217 dispositionem
1223 1135 1308 1218 quod
1328 1157 1369 1197 ax
1392 1134 1600 1216 subsoriptio-

498 1235 590 1297 nibus
605 1234 735 1298 concilii
752 1234 874 1297 Arelat.
892 1233 918 1297 Ι.
933 1234 1036 1298 habiti
1050 1257 1134 1298 anno
1149 1255 1223 1318 314.
1239 1237 1434 1319 comprobat.
1480 1235 1600 1299 Monet

499 1358 624 1420 quoque
648 1335 838 1399 clarissimus
863 1336 989 1419 praesul,
1014 1337 1121 1400 deberi
1147 1338 1277 1401 exordia
1302 1338 1441 1402 ecolesiae
1469 1338 1599 1420 Lugdu-

498 1438 604 1500 nensis
624 1436 764 1501 Pothino
788 1436 944 1521 episoopo,
961 1438 1014 1521 qui
1036 1460 1106 1502 eam
1129 1439 1162 1501 in
1187 1439 1347 1523 regionem
1372 1462 1393 1503 a
1417 1439 1597 1522 Polycarpo

499 1540 642 1622 Smyrnae
666 1538 698 1600 in
723 1539 804 1601 Asia
827 1538 982 1622 episeopo,
1005 1539 1091 1602 beati
1117 1538 1141 1601 J
1143 1539 1253 1603 oannis
1279 1541 1416 1623 apostoli
1442 1539 1598 1624 discipulo

501 1641 615 1704 missus
633 1648 691 1716 est,
708 1649 745 1703 ut
759 1640 813 1703 lib.
831 1641 859 1704 l.
875 1641 1025 1703 Historia
1039 1639 1231 1703 Francorum
1250 1663 1319 1724 eap.
1337 1661 1386 1721 24.
1402 1642 1496 1704 docet
1517 1641 1601 1703 Gre-

497 1744 605 1829 gorius
628 1742 829 1816 Turonensis‚
849 1742 901 1824 qui
921 1741 1132 1824 antiquitates
1151 1741 1233 1805 illius
1252 1742 1390 1805 ecolesiae
1410 1749 1598 1825 perspectas

497 1845 664 1919 habuerat,
680 1866 738 1928 per
752 1843 880 1926 aliquod
895 1850 1021 1925 tempus
1035 1841 1068 1903 in
1083 1863 1121 1904 ea
1135 1842 1214 1904 urbe
1229 1850 1371 1906 moratus
1386 1864 1458 1905 oum
1470 1842 1598 1906 Nicetio

498 1947 645 2031 episeopo
666 1943 868 2030 Lugdunensi
892 1943 1046 2006 avunculo
1070 1964 1137 2006 suo.
1185 1943 1255 2006 Vid.
1280 1945 1331 2006 De
1357 1944 1470 2006 Marea
1497 1945 1526 2024 ξ.
1543 1966 1595 2006 ex.

497 2068 530 2129 p.
545 2067 619 2130 559.
635 2053 711 2110 tom.
729 2068 758 2107 x.
777 2044 893 2108 Conoil.
909 2043 1039 2107 exedit.
1056 2043 1214 2107 Labbeet
1234 2044 1375 2108 Gossart.
1420 2044 1470 2107 De
1489 2066 1594 2128 quaes·

497 2148 584 2211 tione
598 2155 715 2223 autem,
728 2154 837 2209 utrum
850 2168 932 2208 unus
946 2167 987 2208 an
1004 2146 1067 2207 duo
1081 2153 1158 2209 tuna
1168 2146 1333 2209 extiterint
1344 2146 1457 2210 harum
1468 2145 1598 2209 urbium

496 2247 647 2332 episcopi,
661 2247 853 2310 consulenda
867 2254 917 2310 est
931 2253 1010 2309 uota
1024 2246 1153 2309 inferius
1168 2245 1240 2310 sita.

541 2350 578 2410 P.
592 2365 663 2432 295.
675 2347 696 2409 l.
713 2368 761 2427 14.
778 2348 895 2431 ἐνθάδε]
917 2349 1044 2410 ἐνταῦθα
1057 2346 1213 2431 addant.
1229 2347 1359 2411 Smorn.
1400 2348 1491 2411 Nune
1502 2350 1597 2414 addit

497 2449 659 2512 Burtonus
672 2447 757 2511 codd.
767 2448 866 2511 MSS.
880 2448 1156 2532 Formianumque.
1188 2449 1289 2513 Paulo
1299 2472 1396 2534 supra
1404 2452 1444 2512 N
1441 2451 1597 2534 imploras

497 2555 599 2614 δοῦλοι
619 2554 671 2613 τοῦ
690 2554 822 2629 Χριστοῦ
844 2571 901 2632 pro
922 2553 1025 2611 δοῦλοι
1039 2554 1077 2611 Χ.
1093 2556 1126 2613 et
1147 2551 1194 2613 καὶ
1218 2554 1326 2631 Κυρίου
1340 2550 1439 2630 Ἰησοῦ
1462 2558 1595 2633 Χριστοῦ

496 2657 548 2715 τοῦ
564 2653 672 2732 Κυρίου
686 2652 777 2730 ἡμῶν,
794 2672 853 2734 pro
869 2651 916 2712 καὶ
931 2656 1063 2730 Χριστοῦ
1076 2649 1177 2730 Ἰησοῦ
1193 2657 1242 2714 τοῦ
1259 2655 1367 2733 Κυρίου
1381 2655 1472 2732 ἡμῶν.

541 2754 579 2815 Ρ.
599 2755 670 2835 296.
686 2752 706 2815 l.
720 2775 751 2831 4.
763 2753 876 2835 αἰκιῶυ]
894 2751 1199 2838 Christophorsonus
1213 2753 1346 2836 edificio
1354 2753 1482 2839 publico
1496 2755 1596 2820 inter·

495 2864 651 2939 pretatur‚
667 2857 752 2940 quod
767 2876 830 2917 non
846 2853 955 2938 probo,
972 2857 1061 2917 οἰκίαι
1081 2855 1164 2918 enim
1182 2856 1305 2919 nonnisi
1326 2858 1366 2920 de
1386 2857 1517 2941 privatis
1537 2860 1595 2922 do·

495 2959 599 3022 mibus
617 2958 774 3034 dicuntur,
790 2979 811 3019 a
830 2956 944 3039 quibus
967 2963 1037 3018 tum
1060 2956 1253 3020 arcebantur
1277 2957 1460 3035 Christiani,
1485 2960 1517 3025 id
1542 2970 1595 3025 est

494 3062 536 3123 ab
555 3061 677 3125 aedibus
696 3059 880 3132 amicorum,
902 3056 1158 3141 propinquorum,
1175 3057 1331 3141 opificum.
1377 3058 1487 3143 Neque
1507 3062 1594 3126 enim

494 3163 651 3226 assentior
677 3161 801 3236 Rufino,
827 3159 879 3244 qui
905 3158 1104 3222 Christianos
1129 3159 1162 3221 in
1191 3159 1255 3221 suis
1280 3160 1421 3243 ipsorum
1446 3162 1594 3227 domibus

494 3263 640 3327 habitare
664 3262 841 3346 prohibitos
870 3260 1077 3324 existimavit.
1122 3262 1282 3322 Vnnasms.
1328 3261 1438 3348 Nuper
1464 3264 1594 3346 quidem

495 3362 531 3425 ol.
570 3363 766 3426 Olshauseno
778 3363 878 3424 visum
893 3367 943 3424 est
957 3369 1124 3437 annotare,
1139 3362 1206 3425 siue
1221 3362 1317 3425 dubio
1331 3363 1463 3448 intelligi
1475 3365 1593 3431 debere

494 3465 627 3527 aedificia
650 3463 784 3547 publiea,
801 3463 883 3525 Hisl.
900 3462 984 3525 Eool.
1007 3463 1069 3525 Vol.
1085 3464 1270 3526 Monunwnl.
1291 3464 1471 3548 Proeoipnoe,
1490 3488 1521 3549 p.
1537 3470 1591 3549 56.

495 3564 558 3628 Sed
574 3563 694 3627 Valesii
710 3563 1031 3647 interpretamentum
1046 3563 1123 3626 mihi
1140 3565 1240 3649 magis
1254 3564 1369 3648 planet.

554 3664 634 3726 Ibid.
650 3665 670 3726 l.
685 3684 718 3747 5.
736 3665 881 3727 ἀλλὰκαὶ
902 3664 936 3726 τὸ
960 3666 1089 3728 καθόλου
1111 3668 1274 3745 φαίνεσθαι
1295 3669 1376 3747 ἡμῶν
1396 3670 1476 3752 τινὰ]
1504 3671 1593 3731 «aaa

495 3775 552 3830 hou
566 3789 625 3851 pro
639 3766 672 3828 τὸ
689 3768 818 3829 καθόλου
833 3774 866 3829 et
881 3770 947 3830 τινὰ
962 3768 1043 3845 ἡμῶν
1059 3768 1131 3831 MS.
1145 3770 1285 3852 Nonjsole.

540 3869 621 3933 Ibid.
637 3867 659 3930 l.
676 3890 706 3951 9.
723 3870 850 3949 ἒῤῥῦετο·
874 3868 1112 3949 ἀντιπαρέτοσσε
1127 3869 1171 3954 δὲ]
1188 3872 1361 3951 enodavero·
1377 3873 1593 3951 ἀντιπαρετάσ-

495 3995 566 4033 σετο
581 3972 613 4032 δὲ
625 3969 752 4054 Νίοορλ.
773 3970 904 4033 Sraorn.
949 3971 1050 4051 ἐρύετο
1061 3971 1206 4035 Burtono
1217 3972 1372 4035 referente
1386 3973 1457 4035 (iod.
1470 3975 1548 4036 Par.
1565 3997 1592 4039 1.

539 4072 619 4136 Ibid.
636 4072 658 4134 l.
679 4092 725 4136 11.
742 4073 835 4152 ὁμόσε
851 4075 983 4155 ἐχώρουν
998 4074 1089 4159 αὐτῷ]
1107 4073 1183 4157 αὐτῷ
1202 4074 1292 4136 deest
1311 4073 1344 4138 in
1359 4074 1460 4159 Steph.
1479 4082 1512 4138 et
1527 4078 1591 4139 Ni·

493 4174 574 4257 αορΙι.
598 4174 728 4236 Sraorn.
774 4173 869 4237 Adde
891 4174 967 4236 MS.
988 4173 1126 4256 Norsoh.
1151 4180 1184 4236 et
1207 4194 1299 4250 nuno,
1323 4180 1406 4237 teste
1431 4176 1589 4251 Burtono,

494 4276 578 4339 codd.
604 4277 678 4359 neq.
702 4276 811 4338 Poris.
834 4284 992 4358 utromque
1016 4281 1049 4337 et
1072 4275 1170 4338 ναυσί.
1215 4276 1267 4337 De
1292 4274 1362 4360 ipsa
1388 4276 1495 4360 phrasi
1519 4278 1592 4343 vide

495 4379 702 4441 Pearsonium
715 4378 848 4442 allatum
863 4398 960 4461 supra
973 4377 1015 4439 ad
1031 4375 1300 4440 DIONYSIUM
1318 4378 1413 4442 COR.
1430 4402 1501 4464 pag.
1519 4401 1590 4464 192.

539 4480 623 4543 lbid.
638 4481 659 4542 l.
681 4500 727 4564 13.
745 4484 781 4543 τὰ
795 4483 897 4543 πολλὰ
911 4481 1002 4561 ὀλίγα
1016 4480 1187 4562 ἡγούμενοι]
1213 4481 1317 4544 Mada
1332 4505 1435 4566 panca
1454 4505 1511 4546 esee
1534 4485 1591 4547 dsc-

494 4592 596 4645 mulos.
644 4583 811 4666 Vertitque
829 4584 1003 4658 Musoulus‚
1018 4583 1115 4646 mallo
1123 4605 1184 4667 pro
1198 4584 1322 4648 modim
1336 4586 1478 4650 ιῦααοαίοκ.

539 4683 652 4748 Ibidl.
669 4705 717 4764 14.
729 4687 821 4751 duros
835 4687 1082 4773 ἐπιδεικνύμενοι]
1099 4686 1198 4751 Deest
1209 4690 1301 4755 ὅντως
1315 4688 1347 4752 in
1362 4691 1412 4753 ed.
1426 4690 1466 4753 R.
1479 4690 1592 4775 Steph.
