3809 5650
674 718 893 786 SENIORES
916 723 1046 787 APUD
1070 721 1314 787 IRENAEUM.
1501 724 1546 791 59

959 1024 1030 1096 IX.

487 1189 589 1254 Filius
610 1191 704 1264 enim,
721 1202 965 1276 quemadmodum
980 1215 1010 1263 et
1024 1223 1149 1271 αυιοιιιι
1164 1223 1251 1262 λαως
1266 1222 1324 1262 mos
1343 1201 1426 1270 dixit,
1441 1192 1544 1277 dupli-

349 1311 351 1314 ·
443 1291 523 1355 citer
544 1292 750 1377 intelligitur:
774 1295 855 1360 alius
877 1298 1005 1382 quidem
1027 1299 1200 1363 seeundum
1221 1306 1382 1374 naturam,
1397 1318 1436 1359 οο
1457 1294 1543 1379 quod

442 1398 539 1456 natus
560 1393 604 1457 sit
629 1394 711 1459 filius
723 1420 732 1471 ;
754 1397 835 1461 alius
859 1408 969 1464 autem
992 1402 1165 1465 secundum
1189 1400 1222 1464 id
1250 1401 1334 1484 quod
1358 1399 1462 1464 iactus
1482 1403 1543 1473 est,

396 1528 412 1584 5
443 1501 612 1578 reputatur
625 1495 718 1560 filius.
764 1506 831 1562 Haec
846 1509 963 1564 lrenaeus
976 1510 1052 1564 affert
1063 1510 1110 1564 lib.
1119 1512 1155 1566 iv.
1168 1528 1226 1581 cap.
1238 1511 1287 1565 ult.

814 1702 1173 1745 ·-*-

970 1846 1020 1917 X.

486 2010 593 2067 Omnia
613 2008 690 2066 enim
712 2028 848 2066 mensura
869 2018 899 2066 et
921 2028 968 2066 or·
1058 2009 1198 2073 Ἀταντα
1225 2010 1321 2094 μέτρῳ
1348 2011 1396 2073 καὶ
1420 2008 1502 2086 τάξει
1527 2011 1544 2069 δ

445 2120 513 2179 dine
538 2121 621 2178 Deus
645 2122 725 2186 iacit,
749 2130 780 2178 et
808 2120 881 2178 nihil
911 2140 969 2179 non
1021 2118 1101 2184 Θεδς
1122 2125 1211 2193 ποιεῖ,
1236 2120 1283 2183 καὶ
1307 2120 1395 2183 οὐδὲν
1417 2120 1545 2199 ἄμετρον

445 2252 576 2291 mensum
611 2233 690 2313 apud
724 2253 801 2297 eum,
834 2234 969 2310 quoniam
1020 2226 1087 2308 παρ’
1107 2227 1194 2313 αὐτῷ·
1216 2229 1261 2292 ὅτι
1278 2231 1370 2309 μηδὲν
1387 2230 1545 2308 ἀναρίθμη-

401 2355 499 2401 ιοαοο
512 2344 746 2423 incompositum.
789 2351 825 2406 Et
835 2351 912 2416 bene,
925 2351 972 2422 qui
1019 2360 1080 2399 τον.
1105 2335 1185 2419 (cor.
1201 2336 1452 2422 ἆναῤῥόθμητον.)

444 2461 519 2526 dixit,
540 2456 652 2539 Ipsum
671 2456 858 2521 immensum
879 2457 1012 2520 Patrem
1034 2455 1067 2516 in
1091 2453 1173 2517 Filio
1195 2468 1431 2518 mensuratum:
1455 2476 1544 2519 men·

444 2594 519 2636 sura
533 2573 615 2636 enim
633 2573 741 2638 Patris
757 2573 867 2650 Filius,
884 2572 1033 2657 quoniam
1053 2579 1087 2635 et
1107 2570 1194 2655 capit
1211 2591 1292 2633 eum.
1339 2578 1406 2634 Hoec
1426 2579 1546 2634 Irenaeuu

444 2691 533 2744 attulit
543 2690 590 2744 lib.
603 2691 638 2746 iv.
650 2692 731 2760 ηἰιιό.
746 2692 795 2762 Op.
808 2709 866 2762 cap.
876 2712 902 2758 4.
915 2693 966 2745 vel.
979 2692 1005 2745 8.

813 2887 1172 2927 ,ἐφ-

957 3047 1028 3116 ΧΙ.

402 3220 411 3258 ι
418 3216 435 3275 5
490 3189 547 3252 Διὸ
567 3191 615 3253 καὶ
636 3194 763 3268 δικαίως,
780 3192 828 3255 καὶ
847 3192 1031 3271 ἁρμοζόντως
1051 3189 1220 3267 τῇτοιαότη
1240 3210 1296 3247 σου
1315 3187 1410 3264 τόλμη
1429 3188 1446 3248 δ
1466 3190 1546 3254 θεῖος

447 3296 691 3356 ΠΡΕΣΒΎΊῊΣ
710 3295 758 3356 καὶ
777 3291 869 3373 κήρνξ
885 3295 934 3369 τῆς
954 3289 1096 3368 ἀληθείας
1114 3285 1263 3367 ἐμμέτρως
1284 3285 1466 3366 ἐπιβεβόηκέ
1486 3312 1545 3364 οοι,

447 3393 538 3455 εἰπὸν
552 3394 652 3460 οὕτως·

502 3508 723 3589 Εῖδωλοποιέ
742 3508 882 3612 Μάρκε,
902 3511 960 3587 καὶ
978 3506 1231 3610 τερατοσκόπε,

501 3652 789 3754 Ἀστρολογικῆς
807 3653 948 3752 ἕμπειρε
968 3651 1027 3727 καὶ
1044 3651 1197 3748 μαγικῆς
1215 3650 1352 3750 τεχνῆς,

400 3831 438 3869 ιο
503 3793 560 3869 Δι’
580 3790 630 3870 ὧν
647 3791 828 3894 κρατύνεις
845 3795 908 3889 τῆς
926 3790 1068 3888 πλάνης
1086 3787 1133 3866 τὰ
1151 3786 1364 3888 διδάγματα,

502 3937 639 4030 Σημεῖα
657 3929 792 4016 δεικνὺς
809 3939 883 4014 τοῖς
903 3930 972 4011 ὑπό
991 3965 1062 4009 σου
1079 3928 1339 4027 πλανωμένοις,

502 4077 770 4173 Ἀποοτατικῆς
789 4073 970 4171 δυνάμεως
988 4071 1239 4177 ε’γχειρήματα,

496 4216 549 4295 Ἀ
567 4251 629 4295 σοι
648 4223 797 4320 χορηγεῖ
810 4215 877 4299 σὸς
895 4212 1015 4316 πατὴρ
1035 4218 1157 4292 Σατοῖν
1174 4214 1228 4290 ἀεὶ

503 4360 561 4437 Δι’
578 4360 773 4459 ἀγγελικῆς
791 4356 971 4456 δυνάμεως
988 4353 1147 4457 Ἀζαζῖγλ
1164 4359 1288 4434 ποιεῖν·

400 4545 416 4585 2
419 4542 437 4602 5
497 4498 623 4604 Ἕχων
640 4533 685 4578 σε
703 4496 908 4601 πρόδρομον
926 4496 1088 4577 ἀντιθέου
1105 4494 1338 4599 πανουργίας.

449 4646 509 4707 Kal
525 4646 617 4706 ταῦτα
635 4643 692 4720 μὲν
712 4642 729 4702 δ
750 4642 893 4720 θεόφιλος
910 4641 1089 4720 πρεσβύτης·
1112 4639 1195 4718 ἡμεῖς
1212 4640 1245 4702 δὲ
1263 4644 1312 4700 διο.
1350 4644 1417 4699 Haec
1431 4643 1551 4698 Irenoeuu

448 4745 537 4800 attulit
548 4742 594 4797 lib.
605 4742 628 4797 1.
641 4760 699 4812 cap.
710 4758 754 4795 xv.
767 4741 802 4794 al.
812 4740 857 4794 xii.
870 4758 897 4810 p.
908 4740 951 4794 80.
965 4739 1008 4794 ed.
1020 4739 1162 4795 Mmsueti.
