3809 5650
437 691 502 756 aio
785 689 1024 771 anulounn
1048 689 1219 755 saonis.

440 858 572 954 Σίμων,
595 854 677 932 ὅθεν
700 857 733 930 oi
758 852 984 949 Σιμωνιιινοί·
1015 854 1074 928 καὶ
1097 849 1287 948 Κλεόβιος,
1305 850 1387 930 ὅθεν
1413 859 1532 934 Κλεο-

437 989 566 1090 βιηνοί·
597 992 656 1066 καὶ
684 985 873 1081 Δοσίθεος,
902 983 984 1063 ὅθεν
1009 986 1233 1063 Δοσιθιανοί·
1264 988 1322 1064 καὶ
1353 992 1535 1089 Γορθαῖος,

438 1124 519 1204 ὅθεν
554 1122 771 1224 Γορθηωνοί·
813 1123 872 1198 καὶ
901 1117 1145 1213 Μασβοίθεος,
1168 1116 1250 1197 ὅθεν
1279 1123 1534 1214 Μασβωθαίοι·

438 1255 511 1337 ἀπὸ
538 1256 673 1335 τοῦτον
704 1257 1041 1356 Μενανδριανισταὶ,
1065 1256 1123 1331 καὶ
1155 1258 1438 1354 Μαρκιωνισταὶ,
1467 1275 1534 1346 (for.

440 1405 659 1489 Mapravwrai,
682 1411 741 1469 vid.
765 1414 877 1484 notam)
910 1392 968 1467 καὶ
995 1389 1314 1488 Καρποκρατιανοί·
1345 1391 1404 1466 καὶ
1430 1391 1561 1492 Oria-5

438 1526 658 1620 λεντινιανοὶ,
676 1525 735 1602 καὶ
754 1523 1028 1616 Βασιλειδιανοὶ,
1047 1526 1106 1599 καὶ
1132 1524 1415 1624 Σατορνιλιανοί·
1447 1525 1529 1602 ἕκα-

439 1692 528 1742 στος
561 1659 656 1742 ἰδίως
688 1660 747 1735 καὶ
780 1657 905 1758 ἑτέρως
934 1657 1027 1734 ἰδίαν
1059 1655 1170 1762 δόξαν
1196 1660 1531 1760 παρειοηγάγησαν.

439 1790 512 1873 ἀπὸ
525 1790 660 1871 τούτων
670 1789 938 1897 ψευδόχριστοι·
955 1793 1265 1896 ψευδοπροφῆται·
1282 1796 1537 1895 ψευδαπόστο-

440 1938 513 2006 λοι·
543 1927 685 2009 οἵτινες
704 1923 871 2027 ε’μέρισαν
890 1921 956 2022 τὴν
970 1925 1099 2003 ἕνωσιν
1116 1929 1180 2023 τῆς
1198 1928 1392 2025 ἐκκλησίας
1411 1934 1535 2035 φθορι-

438 2060 554 2157 μοίοις
565 2058 689 2158 λόγοις
700 2055 792 2136 κατὰ
805 2065 869 2136 τοῦ
881 2063 976 2136 Θεοῦ
990 2061 1048 2137 καὶ
1060 2055 1152 2137 κατὰ
1164 2067 1228 2138 τοῦ
1239 2064 1403 2161 Χριστοῦ
1417 2063 1534 2143 αῦτοῦ.
1553 2107 1585 2144 ιο

441 2194 515 2252 Haeo
528 2193 613 2252 affert
628 2192 775 2251 Eusebius
788 2191 840 2250 lib.
855 2192 896 2248 iv.
912 2192 991 2250 Hiar.
1003 2172 1031 2250 ο.ι
1043 2212 1089 2249 aa.

440 2389 491 2465 qai
527 2387 686 2446 Simoniani
721 2385 893 2458 fluxerunt3
933 2396 964 2444 et
1015 2386 1215 2455 saturniliani,
1246 2389 1353 2467 aliique
1380 2391 1430 2470 qui
1461 2414 1537 2452 seor-

440 2466 588 2533 Cleobins,
612 2486 630 2524 a
652 2486 711 2543 quo
735 2465 904 2524 Cleobiaui:
932 2476 964 2524 et
1014 2486 1079 2524 sum
1103 2467 1209 2544 singuli
1232 2471 1363 2549 proprias
1387 2472 1538 2550 opiniones

440 2547 708 2623 Dositheus,aqu0
723 2546 915 2604 Dositheani:
933 2556 964 2604 et
1014 2545 1201 2605 induxerunt.
1246 2549 1295 2606 Ex
1323 2551 1359 2609 iis
1385 2552 1442 2610 orti
1470 2565 1539 2610 sunt

441 2627 599 2692 Gortheus,
624 2644 720 2702 aquo
743 2625 908 2683 Gortheni:
933 2635 966 2684 et
1017 2625 1244 2691 pseudochristi.
1263 2628 1538 2709 Pseudoprophetas,
1553 2638 1585 2696 ¹5

441 2705 639 2771 Masbotheus.
667 2724 684 2762 a
711 2724 770 2782 quo
798 2705 966 2764 Maabothei
1017 2705 1259 2782 Pseudapostoli:
1281 2710 1331 2786 qui
1346 2710 1539 2770 adulterinam

439 2795 510 2845 sunt
524 2785 734 2863 cognominati:
755 2784 804 2842 Ex
817 2784 864 2844 hia
877 2785 965 2846 etiam
1016 2785 1187 2846 invehentes
1214 2786 1373 2848 doctrinam
1403 2790 1541 2851 adversus

441 2877 596 2924 manarunt
611 2864 825 2931 Menandriani,
837 2875 867 2923 et
883 2865 964 2923 Mar·
1018 2867 1114 2925 Deum
1149 2879 1180 2926 et
1216 2868 1354 2928 adversus
1391 2871 1540 2930 Christum

441 2946 580 3011 cioniatm
611 2956 641 3004 et
675 2944 718 3002 Ca
820 2944 903 3011 tiani,
935 2955 967 3003 et
1016 2947 1091 3023 ejus,
1106 2947 1249 3007 unitatem
1269 2949 1396 3008 ecclesie
1416 2950 1541 3011 discide-

442 3024 653 3089 Valentiniaui.
678 3036 708 3084 et
758 3024 910 3093 asilidiam,
936 3036 967 3083 et
1017 3036 1097 3084 runt.
1553 3041 1589 3080 20

885 3209 1102 3259 -0—

722 3372 775 3435 αι
788 3373 900 3437 imno
914 3372 991 3436 ιωι
1005 3372 1135 3456 psam
1152 3372 1268 3458 opimi.

485 3522 630 3587 Ἀκοῦσαι
651 3521 734 3603 γέτοι
755 3521 881 3602 πάρεστι
907 3532 1018 3609 (inquit
1040 3534 1196 3600 Eusebius,
1219 3536 1269 3594 ubi
1291 3555 1387 3615 supra,
1409 3539 1541 3616 proxime

443 3653 511 3701 ante
524 3644 571 3713 τὴν
583 3643 662 3715 ῥῆσιν
672 3642 732 3719 jam
747 3645 925 3717 secuturam)
948 3635 1025 3714 μετά
1039 3662 1106 3701 τινα
1120 3639 1187 3719 περὶ
1206 3641 1256 3715 τῆς
1276 3638 1449 3717 Κλήμεντος
1467 3641 1541 3722 πρὸς

445 3744 622 3826 Κορινθίους
640 3747 798 3825 ἐπιστολῆς
813 3746 891 3831 αὐτῷ
912 3745 1059 3827 εἰρημένα,
1076 3747 1271 3831 ἐπιλέγοντος
1294 3759 1347 3831 (sc.
1363 3759 1541 3839 Hegesippi)

444 3876 545 3935 ταῦτα·
582 3859 654 3935 Καὶ
672 3856 836 3957 ἐπέμενεν
853 3857 876 3957 ἡ
894 3860 1070 3959 ἐκκλησία
1087 3860 1110 3959 ἦ
1130 3863 1330 3963 Κορινθίων
1351 3883 1401 3939 διο.
1446 3882 1541 3941 Euse-
1554 3908 1589 3967 ²5

443 4002 510 4061 bias
522 4020 638 4079 quoque
653 3999 702 4058 lib.
718 3999 759 4057 iii.
776 4000 858 4059 Hirt.
873 4021 899 4059 c.
916 4001 963 4059 16.
1006 3995 1065 4059 Καὶ
1079 3996 1125 4059 ὅτι
1140 4021 1176 4077 γε
1193 4000 1266 4061 κατὰ
1285 3996 1339 4061 τὸν
1358 3999 1543 4078 δηλούμενον

446 4106 502 4181 (ae.
517 4106 712 4176 Clementem)
737 4106 774 4167 τὰ
796 4108 847 4183 τῆς
870 4109 1035 4187 Κορινθίων
1061 4110 1194 4187 κεκίνητο
1218 4107 1362 4186 στάσεως,
1385 4110 1545 4192 ἀξιόχρεως

444 4210 554 4291 μάρτυς
567 4210 795 4294 ὁἩγήσιπτιος.
917 4308 919 4311 y

482 4431 712 4515 ldemlpostquam
729 4433 762 4488 de
779 4434 923 4489 Clementis
935 4436 970 4489 ad
1021 4442 1178 4517 permansit
1203 4443 1427 4502 dio—Porro
1451 4465 1544 4517 supra·

445 4500 600 4583 omnlino}
621 4505 732 4573 epffltOla
752 4504 875 4585 qllffldssm
896 4522 970 4586 θοῶς
1021 4518 1084 4573 dicti
1097 4518 1242 4574 Clementis
1253 4528 1372 4589 temporo
1388 4517 1544 4572 seditionem
1554 4543 1592 4599 30

444 4572 680 4634 memoranthoec
699 4572 781 4636 addn,
818 4592 860 4628 uae
874 4591 934 4638 ποι,
947 4593 971 4628 ⁸1
1019 4589 1089 4643 inter
1114 4588 1267 4644 corinthios
1292 4607 1350 4644 esse
1373 4596 1543 4651 commotam,

445 4649 539 4719 placet,
556 4648 705 4704 audiamus.
743 4643 785 4701 Et
844 4646 968 4703 rinthio·
1019 4660 1244 4729 locupletissimus
1259 4660 1335 4715 testis
1353 4665 1394 4712 est
1412 4656 1544 4728 Hegesip·

446 4740 520 4785 rum,
532 4727 628 4798 inquit,
641 4720 762 4780 eeclesia
775 4724 805 4780 in
820 4736 898 4783 reeta
913 4726 970 4784 lide
1020 4744 1081 4798 poa.
