3809 5650
692 741 742 803 IN
765 742 926 805 PAPIAE
950 743 1252 809 FRAGMENTA.
1483 751 1528 818 19

422 914 442 941 “
458 906 507 969 his
520 907 624 970 vorbis
638 908 826 992 perstringit
839 910 998 993 Papias‚a
1015 932 1079 993 qua
1093 911 1206 988 innuit,
1220 898 1418 995 disciplinam
1430 937 1523 997 quam

421 1018 441 1040 “
458 1014 586 1069 secutus
601 1016 685 1072 esset
700 1009 778 1092 ipse,
789 1010 885 1073 fuisse
900 1010 1154 1073 alienissimam.''

465 1108 503 1168 P.
516 1110 545 1169 8.
562 1108 581 1169 l.
599 1128 625 1171 ι.
641 1113 676 1193 τῇ
691 1112 790 1172 πίστει
805 1110 977 1193 δεδομένας]
998 1111 1158 1195 Ινγῖσιινίς
1169 1112 1286 1175 tradita
1302 1114 1407 1177 reddit
1424 1113 1519 1179 Vale-

420 1209 504 1271 sius:
527 1209 643 1291 potius‚
651 1210 731 1290 fide-i
745 1211 871 1273 tradita.
890 1211 945 1273 W.
958 1211 1076 1272 Lowun
1092 1212 1124 1273 in
1139 1212 1276 1276 editione
1292 1213 1519 1299 Readingiana.

420 1309 585 1391 Alitfidei
600 1309 798 1390 velfidalibus
809 1312 938 1375 tradita.
985 1311 1065 1374 llaec
1080 1313 1231 1376 transiliit
1248 1315 1390 1379 Rufinus.
1437 1319 1519 1380 Gan-

420 1434 561 1485 ικκοιυε,
578 1412 620 1474 ad
631 1411 846 1474 Bibliotheca-m
861 1413 995 1474 Petram
1011 1434 1110 1476 suam.
1146 1413 1266 1477 Vocem
1279 1417 1406 1498 quidem
1417 1420 1519 1482 πίστιν

419 1535 477 1596 pro
492 1513 568 1596 ipsis
573 1512 718 1595 fidelibus
732 1512 764 1574 in
779 1512 848 1575 leco
860 1513 995 1576 Paulino
1010 1514 1225 1597 accipiendam
1240 1539 1318 1594 csse,
1335 1523 1518 1599 Δικαιοσύνη

418 1618 501 1677 Θεοῦ
522 1616 555 1676 ἐν
576 1614 653 1698 αὐτῷ
683 1613 859 1697 (ecaapclic')
884 1608 1123 1677 ἀποκαλύπτεται
1147 1618 1179 1678 ἐκ
1202 1621 1328 1684 πίστεως
1349 1621 1390 1684 εἰς
1405 1621 1516 1692 πίστιν,

418 1713 509 1776 Rom.
523 1714 542 1776 i.
559 1731 607 1795 17.
619 1714 684 1777 fere
700 1715 892 1797 persuadent
907 1714 985 1776 mihi
1006 1737 1076 1777 cum
1092 1716 1145 1778 alii
1160 1717 1231 1793 loci,
1248 1726 1317 1781 tum
1331 1721 1428 1784 verba
1442 1744 1517 1805 apo·

416 1814 502 1890 stoli,
518 1837 588 1898 quae
603 1821 779 1899 sequuntur
793 1815 826 1876 in
841 1837 909 1898 cap.
926 1815 969 1877 iii.
987 1837 1099 1878 comm.
1118 1834 1169 1881 τι.
1182 1825 1215 1881 et
1229 1838 1281 1901 30.
1297 1827 1330 1882 et
1345 1841 1413 1904 cap.
1427 1821 1467 1885 iv.
1485 1845 1516 1907 9.

416 1915 531 1990 Porro,
546 1937 617 1977 cum
634 1916 694 1978 hcc
713 1915 917 1998 scripsissem,
940 1916 1024 1978 idem
1046 1918 1196 1981 statuisse
1218 1919 1255 1984 ol.
1273 1919 1514 1985 Schleusnerum

415 2015 448 2077 in
474 2015 594 2078 Lexice
619 2037 677 2078 suo
691 2016 776 2078 Neci
794 2015 870 2079 Tect.
883 2038 910 2078 v.
927 2017 1036 2093 πίστις,
1057 2017 1276 2082 animadverti.
1324 2021 1387 2083 Sed
1403 2022 1513 2106 Papiae

414 2116 511 2178 verba
547 2116 598 2180 liic
621 2138 735 2179 sonare
761 2117 918 2193 videntur,
941 2127 1099 2201 praecepto
1131 2119 1259 2182 Domini
1283 2121 1402 2184 tradita
1432 2124 1514 2204 fidei

350 2270 354 2278 .
417 2217 669 2281 Christianam.

457 2317 540 2380 Ibid.
556 2318 573 2379 l.
595 2337 623 2381 ν.
648 2322 675 2381 εἰ
689 2318 723 2382 δέ
740 2317 997 2398 πον-ἀνέκρινον
1012 2319 1132 2402 λόγους]
1156 2322 1183 2381 εἰ
1205 2321 1238 2383 δέ
1252 2346 1308 2383 που
1325 2324 1375 2385 καί
1387 2346 1431 2388 τις
1452 2328 1512 2386 τῶν

413 2418 625 2498 πρεσβυτέρων
635 2420 899 2499 παρηκολουθηκὼς
914 2424 976 2484 τοῖς
987 2421 1167 2485 ἀποστόλοις
1182 2420 1275 2498 ἔλθοι,
1288 2423 1356 2489 τοὺς
1369 2428 1427 2486 τῶν
1439 2426 1510 2486 dno·

413 2522 532 2582 στόλων
557 2520 712 2600 ἀνέκρινον
734 2521 854 2599 λόγους.
894 2517 1150 2603 θλνὶςίογιλννιοιιό
1169 2520 1322 2585 Lectiones
1347 2523 1404 2603 (ud
1429 2524 1507 2588 edit.

413 2620 533 2701 Gener.
548 2642 648 2705 marg.
667 2620 799 2699 allatae).
847 2619 960 2682 Paullo
986 2626 1062 2682 unte
1083 2621 1169 2704 apud
1192 2622 1321 2706 Nicept.
1343 2623 1509 2706 legebatur

410 2722 667 2803 παραγινομένοις.
702 2725 832 2785 Srnorn.
889 2722 1049 2794 Similiter,
1082 2723 1137 2784 sed
1167 2723 1299 2787 forsitan
1330 2728 1508 2810 exponendi

411 2845 509 2888 causa
530 2826 660 2905 Biyt-aus
685 2831 775 2888 vetus
802 2823 991 2887 Eusebianae
1013 2823 1167 2887 Historiae
1191 2825 1355 2909 interpres,
1381 2829 1509 2905 Quodsi

407 2926 529 3009 quanda
548 2926 713 2990 advenisset
734 2926 847 3010 clipeis
868 2948 904 2988 ιιι
925 2926 972 2989 ae
993 2926 1047 3010 qui
1068 2925 1160 2988 accat-i
1179 2936 1248 2987 sent
1269 2928 1442 3010 apostolos,
1468 2928 1506 2991 ab

407 3026 471 3109 ipsc
497 3026 596 3089 saliit>
615 3026 804 3111 cupiscabar,
822 3027 899 3111 qui-d
916 3027 1062 3089 Andreae
1084 3026 1138 3099 dfe.
1185 3025 1295 3110 Neque
1314 3027 1408 3089 aliter
1433 3035 1508 3111 post

407 3127 474 3190 haeo
500 3127 602 3189 lecum
628 3127 857 3211 interpretatus
883 3134 932 3190 est
963 3126 1129 3203 Eusebius,
1154 3127 1269 3212 quippe
1294 3128 1348 3212 qui
1373 3129 1507 3212 Papiam

406 3227 509 3311 ipsum
524 3228 685 3311 apostoles
700 3228 865 3305 audivisse,
882 3234 918 3291 ut
933 3227 1063 3305 videbis,
1080 3228 1228 3311 negabat.
1253 3229 1326 3307 ἔλθῃ
1342 3251 1400 3313 pro
1411 3230 1504 3294 ἔλθοι.

408 3328 631 3410 MS.Ncrsclc.

452 3429 488 3491 P.
503 3432 532 3492 8.
548 3428 611 3505 lq.
634 3426 698 3507 ἢτί
709 3432 868 3495 Φίλιππος·
892 3428 910 3506 ἢ
925 3432 956 3492 τί
969 3433 1089 3508 Θωμᾶς,
1105 3426 1291 3513 ἢἹόκωβος]
1314 3427 1332 3507 ἢ
1347 3431 1377 3493 τί
1395 3436 1505 3510 Θωμᾶς

405 3528 424 3607 ἣ
439 3532 598 3602 Φίλιππος,
613 3526 631 3605 ἢ
646 3529 678 3591 τί
690 3532 789 3608 Σίμων
804 3528 822 3606 ἢ
836 3528 988 3607 Ἰάκωβος.
1012 3529 1142 3613 Nmpe.
1166 3528 1298 3592 Sracrn.
1338 3531 1394 3593 Itu
1413 3530 1504 3594 Nice·

405 3631 524 3714 phorus
539 3630 666 3713 quidem
680 3630 733 3693 lib.
747 3629 790 3693 iii,
805 3631 887 3693 Hic.
900 3652 925 3692 c.
941 3650 991 3695 ιι.
1007 3631 1063 3693 sod
1078 3631 1111 3692 in
1125 3630 1156 3692 ii.
1173 3635 1225 3709 46.
1246 3630 1299 3693 ubi
1309 3631 1420 3694 eadem
1435 3631 1504 3695 haee

405 3731 499 3795 affert
513 3754 534 3793 a
549 3731 676 3794 vocibus
692 3734 718 3793 εἰ
737 3730 771 3794 δέ
785 3757 843 3794 που
865 3752 1008 3806 exorsus,
1023 3751 1080 3793 nec
1100 3730 1260 3794 Simonem
1282 3752 1385 3815 neque
1405 3732 1503 3794 etium

406 3833 567 3895 Thomam
581 3839 748 3896 memorat.
793 3832 904 3895 Habet
918 3831 936 3909 ἦ
951 3833 982 3893 τί
993 3830 1134 3909 Ἰάκωβος
1149 3833 1222 3894 MS.
1235 3831 1373 3914 Ncrsclc.
1403 3831 1503 3915 Oepia

403 3934 465 3997 luit
489 3933 599 4017 Papise
621 3954 641 3995 a
660 3933 784 3995 filiabus
810 3933 843 3995 S.
863 3932 1013 4015 Philippi,
1031 3932 1217 4015 quibuscum
1243 3932 1443 3995 familiariter
1468 3954 1501 3994 sc

403 4034 518 4098 vixisse
541 4034 609 4117 ipse
631 4034 714 4097 infra
736 4040 885 4109 testatur,
902 4033 979 4116 quid
1001 4038 1094 4116 pater
1108 4032 1250 4115 ipsarum
1268 4032 1433 4114 Philippus
1448 4031 1502 4092 do·

404 4157 476 4199 cere
504 4142 696 4209 consuesset,
723 4135 913 4198 sciscitandi.
960 4133 1024 4195 Hic
1048 4133 1132 4195 enim
1156 4154 1227 4194 eum
1254 4131 1356 4194 tribus
1378 4130 1503 4194 filiabus

405 4236 572 4320 Hierapoli
589 4236 699 4320 Papiae
715 4237 794 4298 urbe
812 4236 937 4299 vixerat
953 4241 987 4297 et
1002 4233 1045 4295 ibi
1066 4232 1209 4317 sepultus
1223 4231 1293 4308 fuit,
1309 4238 1394 4294 teste
1409 4231 1502 4315 Poly·

401 4345 492 4401 crate
518 4337 680 4419 Ephesino
705 4338 853 4420 episcopo
877 4336 965 4419 apud
988 4333 1160 4397 Eusebium
1183 4332 1236 4395 lib.
1254 4355 1281 4395 v.
1304 4331 1386 4394 Hie.
1405 4353 1432 4396 c.
1450 4352 1501 4410 24.

400 4438 455 4522 qui
471 4438 538 4521 ipsc
553 4437 668 4499 saecule
683 4445 756 4520 post
769 4438 933 4501 Christum
949 4443 1061 4499 natum
1075 4434 1213 4496 secundo
1228 4432 1345 4495 floruit.
1391 4436 1502 4517 Atque

399 4538 558 4601 incudem
575 4538 683 4621 Papiae
699 4539 774 4602 sede
785 4538 826 4601 ab
842 4537 917 4621 ipsis
932 4536 1031 4599 initiis
1046 4533 1199 4618 evangelii
1216 4533 1379 4597 eeclesiam
1394 4532 1500 4597 Chris·

400 4640 525 4705 tianam
550 4638 703 4716 extitisse,
731 4639 872 4702 ostendit
894 4637 926 4698 S.
946 4636 1066 4699 Paulus
1088 4635 1120 4696 in
1144 4634 1244 4718 Epm.
1272 4635 1316 4697 ad
1332 4632 1503 4696 colossenses

401 4763 471 4826 cap.
482 4740 522 4803 iv.
539 4761 651 4802 comm.
669 4761 679 4802 1
687 4760 719 4823 3.

924 4857 982 4900 na
