3809 5650
476 672 542 734 248
846 673 1207 738 ANNOTATIONES

474 836 527 899 lib.
545 837 594 899 vii.
622 839 710 901 His.
734 839 818 903 Eecl.
844 861 871 903 ο.
899 860 947 924 ¹9·
993 841 1082 905 Ante
1107 842 1166 905 has
1196 863 1297 916 voees,
1329 841 1377 904 καὶ
1407 842 1451 904 ἔτι
1476 842 1577 912 αὐτοῦ,

472 939 505 1002 in
528 939 626 1002 eelim
641 940 816 1004 Florentino
826 943 935 1025 priori
954 950 1046 1007 extat
1066 943 1115 1007 καὶ
1133 942 1244 1023 μάρτυς
1260 942 1356 1027 juxta
1375 942 1577 1007 collationem

475 1039 640 1104 Gronovii.

518 1140 555 1203 P.
574 1141 682 1206 212.l.
700 1144 762 1205 8.ὁ
783 1144 929 1232 Χριστὸς]
956 1145 1121 1210 Artioulus
1143 1167 1207 1208 non
1232 1150 1324 1209 extat
1347 1144 1380 1206 in
1403 1144 1447 1208 ed.
1469 1144 1575 1228 ›S'tepla

474 1242 609 1306 Serere.

517 1344 598 1407 Ibid.
614 1343 634 1406 l.
651 1364 680 1424 9.
697 1351 853 1426 πολιορκεῖ
871 1347 992 1433 αὐτοὺς]
1011 1355 1167 1428 πολιορκεῖ
1184 1348 1238 1426 τὴν
1251 1346 1401 1411 Ἰουδαίου
1422 1350 1575 1430 αἰχμαλω-

472 1448 557 1511 τίσας
577 1445 690 1510 αὐτούς.
741 1444 794 1509 lta
818 1447 945 1530 quidem
970 1450 1069 1514 codex
1094 1449 1215 1534 Regius
1238 1448 1286 1533 (ot
1309 1470 1393 1512 nuno
1417 1448 1575 1513 referente

473 1549 619 1610 Burtouo
635 1548 704 1610 eod.
721 1550 829 1613 Poris.
847 1552 965 1635 petor.)
1012 1552 1128 1616 Verum
1154 1558 1221 1614 tros
1244 1550 1356 1634 reliqui
1379 1549 1467 1613 Maz.
1484 1549 1575 1612 Med.

472 1671 510 1712 ac
537 1649 677 1725 Fuluii,
704 1672 796 1714 voces
826 1651 895 1715 illas
924 1652 978 1733 τὴν
1005 1651 1153 1716 Ἰουδαίαν
1179 1654 1404 1734 αἰχμαλωτίσας
1430 1672 1494 1713 non
1517 1673 1574 1735 ag-

471 1757 616 1815 nosount.
662 1753 713 1815 Αο
728 1774 798 1816 meo
813 1755 940 1838 quidem
958 1754 1078 1838 judicio
1101 1776 1230 1838 prorsus
1252 1751 1418 1837 superfluae
1442 1760 1517 1816 sunt
1539 1761 1573 1816 et

471 1850 608 1915 insulsae.
654 1853 766 1937 Neque
784 1854 868 1917 eninr
890 1856 1004 1919 Graeoe
1025 1855 1087 1918 diei
1109 1863 1217 1939 potest
1238 1859 1410 1934 πολιορκεῖν
1432 1852 1486 1931 τὴν
1499 1852 1574 1917 ‘lov-

472 1954 578 2029 belnv;
602 1977 673 2017 eum
688 1955 721 2017 id
735 1955 867 2019 verbnm
882 1955 922 2018 de
936 1956 1069 2020 urbibus
1083 1957 1218 2032 dicatur,
1232 1979 1294 2020 non
1309 1961 1418 2019 autem
1438 1956 1478 2019 de
1497 1976 1573 2039 gen-

472 2054 570 2119 tibus.
614 2056 747 2120 Rufinus
762 2079 888 2141 quoque
903 2064 937 2122 ot
953 2057 1151 2142 Nieephoms
1169 2080 1223 2122 eae
1245 2080 1337 2121 voees
1356 2079 1420 2120 non
1440 2057 1571 2120 habent.

473 2158 634 2221 Venustus.
679 2159 783 2223 Addit
799 2159 975 2237 Strothius,
990 2161 1043 2245 qui
1058 2161 1179 2245 primus
1193 2167 1287 2224 textu
1302 2159 1370 2222 haeo
1386 2158 1571 2236 eliminavit,

471 2260 582 2323 oodiois
604 2260 706 2324 Vani
720 2263 815 2325 Lecti.
830 2263 928 2326 verba
942 2285 1006 2325 non
1026 2263 1164 2336 habere;
1190 2263 1274 2346 qnod
1294 2262 1392 2326 etiam
1414 2260 1454 2325 de
1469 2262 1571 2324 MSS.

471 2360 562 2424 Bodl.
578 2369 612 2425 et
627 2363 765 2446 Norsolo.
781 2364 952 2449 Ηοροςιρρί
963 2366 1123 2449 Exempto,
1143 2364 1276 2449 Georqio,
1295 2363 1448 2448 Glympes
1463 2384 1572 2426 verum

472 2469 531 2528 est.
570 2463 682 2547 Neque
696 2472 810 2528 extant
825 2486 863 2528 ea
874 2464 922 2528 vel
937 2465 970 2527 in
985 2463 1046 2527 illis
1057 2464 1182 2548 seraptis
1194 2463 1395 2538 Ferentinis,
1408 2484 1487 2546 quos
1502 2483 1575 2526 oon-

472 2564 547 2629 tulit
563 2564 753 2641 Gronovius,
769 2566 820 2630 vol
842 2574 926 2631 teste
948 2567 1095 2630 Burtono
1109 2566 1142 2628 in
1164 2565 1268 2629 Veneto
1282 2566 1388 2641 Muto,
1409 2565 1436 2627 si
1453 2564 1534 2627 alius
1554 2585 1575 2627 a

474 2666 613 2731 Strothii
624 2666 678 2730 illo
693 2675 753 2731 est.
770 2668 883 2731 Habet
892 2679 924 2731 et
932 2668 1063 2753 Nioapl.
1076 2668 1123 2730 καὶ
1137 2668 1250 2746 εὖθὺςὴ
1265 2666 1423 2747 πολιορκία
1431 2663 1575 2731 τοῖςἸου-

476 2771 570 2837 δαΐοις
586 2770 681 2853 ἀρχὴν
693 2769 878 2851 ἐλάμβανεν.
913 2770 1092 2855 Scripserat
1107 2776 1141 2834 et
1155 2769 1318 2854 eleganter
1333 2767 1400 2851 ipse
1416 2765 1574 2831 Eusebius

475 2872 511 2936 L.
526 2873 575 2936 II.
591 2894 618 2936 ο.
631 2876 661 2937 6.
676 2871 718 2937 Ἡ
735 2874 809 2937 κατὰ
823 2873 1059 2937 Οὐεσπασιανὸν
1074 2872 1179 2938 αὐτοὺς
1193 2875 1323 2951 μετῆλθε
1340 2872 1507 2951 πολιορκία.

516 2975 676 3038 Caeterum
698 2997 738 3039 ex
761 2973 905 3060 Josepho
930 2974 1082 3039 historico
1106 2974 1249 3060 proxime
1275 2982 1350 3060 post
1375 2975 1483 3059 posuit
1507 2972 1571 3035 Eu-

472 3076 578 3140 sebius
597 3076 693 3141 aliem
717 3078 877 3161 quandam
901 3077 941 3140 de
965 3083 1068 3141 morte
1091 3076 1207 3140 Jaoobi
1231 3076 1458 3150 narrationem,
1475 3097 1571 3159 quam

472 3177 600 3242 minime
623 3178 789 3243 convenire
812 3201 883 3242 eum
905 3178 1146 3264 Hegesippianu
1169 3186 1286 3263 putant
1310 3185 1344 3242 et
1365 3177 1514 3242 Valesius
1537 3185 1571 3241 et

474 3281 654 3365 Basnegius
671 3279 855 3357 Annalibus,
871 3281 914 3342 ad
928 3303 980 3345 an.
997 3304 1047 3343 nx.
1063 3302 1150 3343 num.
1167 3282 1198 3343 6.
1214 3289 1292 3344 tom.
1305 3281 1334 3343 l.
1350 3302 1379 3364 p.
1394 3295 1467 3362 701.
1513 3278 1572 3342 Et-

472 3382 556 3444 enim
572 3381 674 3445 tradit
688 3381 711 3443 J
713 3382 850 3465 osephns
864 3381 918 3444 lib.
935 3404 987 3445 xx.
1005 3382 1113 3466 Aeriq.
1129 3404 1198 3466 cap.
1214 3403 1243 3466 9.
1260 3381 1284 3444 J
1285 3383 1419 3445 aeobum
1438 3381 1571 3445 fratrom

471 3481 496 3544 J
498 3503 553 3544 osu
568 3503 632 3545 una
646 3504 717 3545 oum
733 3482 922 3566 quibusdam
937 3483 1008 3546 aliis
1021 3482 1063 3546 ab
1076 3483 1192 3545 Anano
1206 3483 1356 3566 pontifice
1370 3483 1402 3545 in
1414 3482 1569 3566 judicium

472 3593 601 3647 voeatos
615 3605 695 3658 esse,
709 3582 960 3667 lapidandosque
974 3605 1028 3646 eos
1042 3583 1084 3646 ab
1100 3583 1153 3646 illo
1168 3584 1315 3649 traditos.
1358 3586 1448 3647 Duas
1463 3590 1573 3645 eutem

472 3685 557 3748 inter
585 3706 620 3747 se
648 3683 799 3748 historias
828 3706 1017 3768 componere
1045 3685 1275 3768 aggrediuntur
1299 3684 1414 3750 Gavius
1438 3682 1471 3745 in
1497 3684 1571 3747 Via.

472 3785 607 3873 Apostol.
622 3785 655 3848 in
671 3785 704 3849 S.
721 3785 846 3849 Jaeobo
864 3784 944 3848 Min.
961 3792 994 3849 et
1009 3785 1229 3850 Tillemontius
1244 3793 1321 3849 tom.
1335 3788 1363 3848 1.
1376 3786 1469 3847 Mem.
1484 3785 1570 3848 Hier.

472 3888 558 3953 Eeel.
573 3888 643 3951 loeo
658 3887 753 3972 paulo
773 3908 870 3972 supra
889 3886 1040 3951 indicato.
1088 3887 1205 3951 Itidem
1227 3887 1428 3951 doetissimus
1446 3887 1572 3970 juvenis

473 3990 495 4054 J
496 4013 524 4055 ο.
537 3990 653 4076 Philip.
665 3990 852 4055 Baraterius
867 3989 899 4052 in
916 3990 1050 4074 Daque.
1063 3988 1101 4053 de
1115 3989 1244 4054 Succosa.
1254 3990 1473 4075 Episcoporam
1482 3990 1572 4052 Rom.

472 4116 500 4157 ο.
516 4094 555 4157 vi.
572 4116 603 4177 p.
619 4109 670 4174 70.
681 4101 715 4157 et
730 4115 796 4176 seq.
808 4092 832 4155 J
833 4092 968 4156 aoobum
979 4114 1042 4155 non
1054 4099 1131 4156 tuno
1145 4092 1299 4178 temporis
1311 4092 1406 4156 morti
1417 4092 1573 4156 traditum

473 4216 542 4258 esse
566 4200 723 4270 autumat,
749 4195 877 4278 quando
902 4193 944 4257 ab
970 4194 1086 4258 Anano
1112 4196 1341 4258 condemnatus
1369 4194 1491 4269 fuisset,
1514 4191 1571 4256 sed

473 4303 594 4381 postea,
610 4296 764 4382 temporis
781 4295 888 4379 aliquo
907 4296 1013 4380 spatio
1034 4296 1212 4380 interjecto.
1242 4327 1243 4330 ¹
1259 4296 1360 4360 Porro
1381 4295 1520 4359 Clericus
1539 4294 1571 4355 in

473 4401 546 4461 Art.
565 4398 641 4460 Orto.
659 4399 696 4460 P.
712 4397 755 4461 iii.
772 4397 856 4461 Seot.
875 4396 901 4460 l.
915 4420 942 4460 ο.
962 4418 1007 4482 15.
1022 4420 1204 4483 quanquam
1216 4398 1400 4482 Hegesippo
1415 4398 1448 4459 in
1463 4395 1572 4481 paucis

474 4505 601 4561 tantum
626 4498 851 4581 adstipulatur,
876 4499 981 4563 loonm
1004 4500 1137 4584 Josephi
1162 4500 1304 4583 spurium
1328 4507 1361 4563 et
1385 4499 1427 4563 ab
1453 4521 1491 4561 eo
1517 4497 1573 4561 ab·

468 4598 677 4682 judicandum
692 4621 761 4664 esse
775 4608 895 4665 oenset.
940 4604 1052 4686 Atque
1073 4601 1301 4686 interpolatum
1322 4602 1457 4665 eundem
1476 4598 1572 4662 fuisse

474 4698 600 4762 nomine
614 4699 735 4780 Jacobs,
745 4700 871 4785 judicat
886 4701 1077 4780 Lardnerus‚
1094 4726 1166 4767 eum
1179 4702 1265 4782 alibi,
1281 4713 1351 4768 tum
1366 4702 1425 4766 vol.
1437 4700 1480 4763 iii.
1493 4699 1572 4783 Srqo
