<?xml version="1.0" encoding="UTF-8"?>
<!DOCTYPE html PUBLIC "-//W3C//DTD XHTML 1.0 Transitional//EN"
    "http://www.w3.org/TR/xhtml1/DTD/xhtml1-transitional.dtd">
<html xmlns="http://www.w3.org/1999/xhtml" xml:lang="en" lang="en">
 <head>
  <title>
</title>
<meta http-equiv="Content-Type" content="text/html;charset=utf-8" />
  <meta name='ocr-system' content='tesseract 3.04.00' />
  <meta name='ocr-capabilities' content='ocr_page ocr_carea ocr_par ocr_line ocrx_word'/>
</head>
<body>
  <div class='ocr_page' id='page_1' title='image "./reliquiaesacrae07routgoog_0397.png"; bbox 0 0 3809 5650; ppageno 0'>
   <div class='ocr_carea' id='block_1_1' title="bbox 446 664 1581 2009">
    <p class='ocr_par' dir='ltr' id='par_1_1' title="bbox 446 664 1225 747">
     <span class='ocr_line' id='line_1_1' title="bbox 446 664 1225 747; baseline 0.003 -17"><span class='ocrx_word' id='word_1_1' title='bbox 446 664 512 732; x_wconf 73' lang='lat'>316</span> <span class='ocrx_word' id='word_1_2' title='bbox 767 669 1015 747; x_wconf 78' lang='lat' dir='ltr'><strong>RELIQUIAE</strong></span> <span class='ocrx_word' id='word_1_3' title='bbox 1047 667 1225 733; x_wconf 81' lang='lat' dir='ltr'><strong>SACRAE.</strong></span> 
     </span>
    </p>

    <p class='ocr_par' dir='ltr' id='par_1_2' title="bbox 446 834 1581 2009">
     <span class='ocr_line' id='line_1_2' title="bbox 446 834 1548 942; baseline 0.008 -29"><span class='ocrx_word' id='word_1_4' title='bbox 446 838 505 914; x_wconf 79' lang='grc' dir='ltr'>καὶ</span> <span class='ocrx_word' id='word_1_5' title='bbox 535 834 593 915; x_wconf 84' lang='grc' dir='ltr'>διά</span> <span class='ocrx_word' id='word_1_6' title='bbox 622 834 663 914; x_wconf 80' lang='grc' dir='ltr'>τὸ</span> <span class='ocrx_word' id='word_1_7' title='bbox 692 837 851 936; x_wconf 81' lang='grc' dir='ltr'>ἐμμένειν</span> <span class='ocrx_word' id='word_1_8' title='bbox 880 839 1064 921; x_wconf 76' lang='grc' dir='ltr'>εὐσταθῶς</span> <span class='ocrx_word' id='word_1_9' title='bbox 1093 841 1151 916; x_wconf 78' lang='grc' dir='ltr'>καὶ</span> <span class='ocrx_word' id='word_1_10' title='bbox 1181 837 1376 942; x_wconf 82' lang='grc' dir='ltr'>ε’ξουθενεῖν</span> <span class='ocrx_word' id='word_1_11' title='bbox 1407 838 1548 936; x_wconf 73' lang='grc' dir='ltr'>αὐτοὺς,</span> 
     </span>
     <span class='ocr_line' id='line_1_3' title="bbox 448 966 1549 1072; baseline 0.005 -25"><span class='ocrx_word' id='word_1_12' title='bbox 448 968 607 1072; x_wconf 78' lang='grc' dir='ltr'>ἠγριῶθη</span> <span class='ocrx_word' id='word_1_13' title='bbox 625 966 716 1072; x_wconf 74' lang='grc' dir='ltr'>πρὸς</span> <span class='ocrx_word' id='word_1_14' title='bbox 740 969 865 1054; x_wconf 76' lang='grc' dir='ltr'>αὐτοὺς</span> <span class='ocrx_word' id='word_1_15' title='bbox 889 969 932 1049; x_wconf 82' lang='grc' dir='ltr'>τὸ</span> <span class='ocrx_word' id='word_1_16' title='bbox 959 975 1112 1069; x_wconf 79' lang='grc' dir='ltr'>πλῆθος·</span> <span class='ocrx_word' id='word_1_17' title='bbox 1141 973 1189 1054; x_wconf 82' lang='grc' dir='ltr'>ὡς</span> <span class='ocrx_word' id='word_1_18' title='bbox 1206 969 1295 1070; x_wconf 85' lang='grc' dir='ltr'>μήτε</span> <span class='ocrx_word' id='word_1_19' title='bbox 1314 971 1380 1069; x_wconf 85' lang='grc' dir='ltr'>τὴν</span> <span class='ocrx_word' id='word_1_20' title='bbox 1404 973 1549 1070; x_wconf 82' lang='grc' dir='ltr'>ἠλικίαν</span> 
     </span>
     <span class='ocr_line' id='line_1_4' title="bbox 448 1102 1550 1209; baseline 0.007 -27"><span class='ocrx_word' id='word_1_21' title='bbox 448 1112 512 1182; x_wconf 84' lang='grc' dir='ltr'>τοῦ</span> <span class='ocrx_word' id='word_1_22' title='bbox 529 1102 655 1188; x_wconf 83' lang='grc' dir='ltr'>παιδὸς</span> <span class='ocrx_word' id='word_1_23' title='bbox 673 1110 848 1206; x_wconf 78' lang='grc' dir='ltr'>οἰκτεῖραι,</span> <span class='ocrx_word' id='word_1_24' title='bbox 867 1103 956 1205; x_wconf 85' lang='grc' dir='ltr'>μήτε</span> <span class='ocrx_word' id='word_1_25' title='bbox 975 1103 1017 1183; x_wconf 86' lang='grc' dir='ltr'>τὸ</span> <span class='ocrx_word' id='word_1_26' title='bbox 1040 1104 1185 1206; x_wconf 77' lang='grc' dir='ltr'>γύναιον</span> <span class='ocrx_word' id='word_1_27' title='bbox 1210 1108 1429 1204; x_wconf 77' lang='grc' dir='ltr'>αἰδεσθῆναι.</span> <span class='ocrx_word' id='word_1_28' title='bbox 1456 1103 1550 1209; x_wconf 75' lang='grc' dir='ltr'>πρὸς</span> 
     </span>
     <span class='ocr_line' id='line_1_5' title="bbox 447 1235 1550 1340; baseline 0.002 -24"><span class='ocrx_word' id='word_1_29' title='bbox 447 1236 566 1316; x_wconf 82' lang='grc' dir='ltr'>πάντα</span> <span class='ocrx_word' id='word_1_30' title='bbox 584 1235 622 1317; x_wconf 78' lang='grc' dir='ltr'>δέ</span> <span class='ocrx_word' id='word_1_31' title='bbox 640 1235 686 1316; x_wconf 90' lang='grc' dir='ltr'>τά</span> <span class='ocrx_word' id='word_1_32' title='bbox 704 1236 800 1316; x_wconf 87' lang='grc' dir='ltr'>δεινά</span> <span class='ocrx_word' id='word_1_33' title='bbox 818 1237 1055 1340; x_wconf 70' lang='grc' dir='ltr'>παρέβαλλον</span> <span class='ocrx_word' id='word_1_34' title='bbox 1074 1237 1210 1335; x_wconf 74' lang='grc' dir='ltr'>αὐτοὺς,</span> <span class='ocrx_word' id='word_1_35' title='bbox 1229 1242 1287 1317; x_wconf 77' lang='grc' dir='ltr'>καὶ</span> <span class='ocrx_word' id='word_1_36' title='bbox 1306 1238 1364 1318; x_wconf 90' lang='grc' dir='ltr'>διά</span> <span class='ocrx_word' id='word_1_37' title='bbox 1376 1240 1498 1340; x_wconf 83' lang='grc' dir='ltr'>πάσης</span> <span class='ocrx_word' id='word_1_38' title='bbox 1510 1242 1550 1319; x_wconf 85' lang='grc' dir='ltr'>έν</span> 
     </span>
     <span class='ocr_line' id='line_1_6' title="bbox 449 1368 1581 1478; baseline 0.003 -29"><span class='ocrx_word' id='word_1_39' title='bbox 449 1368 571 1478; x_wconf 80' lang='grc' dir='ltr'>κάκλφ</span> <span class='ocrx_word' id='word_1_40' title='bbox 590 1374 714 1472; x_wconf 78' lang='grc' dir='ltr'>διῆγον</span> <span class='ocrx_word' id='word_1_41' title='bbox 734 1370 927 1468; x_wconf 78' lang='grc' dir='ltr'>κολάσεως,</span> <span class='ocrx_word' id='word_1_42' title='bbox 947 1371 1166 1471; x_wconf 80' lang='grc' dir='ltr'>ἐπαλλήλως</span> <span class='ocrx_word' id='word_1_43' title='bbox 1184 1372 1440 1476; x_wconf 81' lang='grc' dir='ltr'>ἀναγκάζοντες</span> <span class='ocrx_word' id='word_1_44' title='bbox 1462 1371 1581 1471; x_wconf 55' lang='grc' dir='ltr'>ἀμάς</span> 
     </span>
     <span class='ocr_line' id='line_1_7' title="bbox 449 1503 1546 1611; baseline 0.006 -31"><span class='ocrx_word' id='word_1_45' title='bbox 449 1535 525 1600; x_wconf 88' lang='grc' dir='ltr'>σαι,</span> <span class='ocrx_word' id='word_1_46' title='bbox 544 1503 645 1582; x_wconf 87' lang='grc' dir='ltr'>ἀλλά</span> <span class='ocrx_word' id='word_1_47' title='bbox 661 1504 712 1603; x_wconf 78' lang='grc' dir='ltr'>μὴ</span> <span class='ocrx_word' id='word_1_48' title='bbox 731 1504 916 1603; x_wconf 89' lang='grc' dir='ltr'>δυνάμενοι</span> <span class='ocrx_word' id='word_1_49' title='bbox 933 1514 1040 1584; x_wconf 83' lang='grc' dir='ltr'>τοῦτο</span> <span class='ocrx_word' id='word_1_50' title='bbox 1057 1505 1206 1611; x_wconf 78' lang='grc' dir='ltr'>πρᾶξαι·</span> <span class='ocrx_word' id='word_1_51' title='bbox 1233 1508 1254 1584; x_wconf 86' lang='grc' dir='ltr'>ὁ</span> <span class='ocrx_word' id='word_1_52' title='bbox 1271 1506 1337 1604; x_wconf 76' lang='grc' dir='ltr'>μέν</span> <span class='ocrx_word' id='word_1_53' title='bbox 1353 1506 1425 1611; x_wconf 85' lang='grc' dir='ltr'>γάρ</span> <span class='ocrx_word' id='word_1_54' title='bbox 1446 1513 1546 1587; x_wconf 89' lang='grc' dir='ltr'>Πον-</span> 
     </span>
     <span class='ocr_line' id='line_1_8' title="bbox 450 1635 1550 1744; baseline 0.002 -26"><span class='ocrx_word' id='word_1_55' title='bbox 450 1637 546 1722; x_wconf 78' lang='grc' dir='ltr'>τικὸς</span> <span class='ocrx_word' id='word_1_56' title='bbox 564 1635 634 1718; x_wconf 78' lang='grc' dir='ltr'>ἀπὸ</span> <span class='ocrx_word' id='word_1_57' title='bbox 658 1643 722 1737; x_wconf 79' lang='grc' dir='ltr'>τῆς</span> <span class='ocrx_word' id='word_1_58' title='bbox 744 1642 905 1744; x_wconf 78' lang='grc' dir='ltr'>ἀδελφῆς</span> <span class='ocrx_word' id='word_1_59' title='bbox 931 1639 1224 1743; x_wconf 88' lang='grc' dir='ltr'>παρωρμημένος,</span> <span class='ocrx_word' id='word_1_60' title='bbox 1242 1643 1290 1724; x_wconf 84' lang='grc' dir='ltr'>ὡς</span> <span class='ocrx_word' id='word_1_61' title='bbox 1316 1644 1373 1720; x_wconf 79' lang='grc' dir='ltr'>καὶ</span> <span class='ocrx_word' id='word_1_62' title='bbox 1397 1640 1443 1721; x_wconf 89' lang='grc' dir='ltr'>τά</span> <span class='ocrx_word' id='word_1_63' title='bbox 1464 1641 1550 1742; x_wconf 79' lang='grc' dir='ltr'>ἔθνη</span> 
     </span>
     <span class='ocr_line' id='line_1_9' title="bbox 449 1771 1547 1876; baseline 0.004 -26"><span class='ocrx_word' id='word_1_64' title='bbox 449 1773 597 1866; x_wconf 77' lang='grc' dir='ltr'>βλέπειν</span> <span class='ocrx_word' id='word_1_65' title='bbox 616 1772 671 1851; x_wconf 81' lang='grc' dir='ltr'>ὅτι</span> <span class='ocrx_word' id='word_1_66' title='bbox 688 1774 800 1872; x_wconf 82' lang='grc' dir='ltr'>ε’κείνη</span> <span class='ocrx_word' id='word_1_67' title='bbox 818 1771 862 1871; x_wconf 81' lang='grc' dir='ltr'>ἦν</span> <span class='ocrx_word' id='word_1_68' title='bbox 880 1775 1148 1876; x_wconf 85' lang='grc' dir='ltr'>προτρεπομένη</span> <span class='ocrx_word' id='word_1_69' title='bbox 1167 1777 1226 1852; x_wconf 78' lang='grc' dir='ltr'>καὶ</span> <span class='ocrx_word' id='word_1_70' title='bbox 1244 1774 1464 1876; x_wconf 80' lang='grc' dir='ltr'>στηρίζουσα</span> <span class='ocrx_word' id='word_1_71' title='bbox 1482 1777 1547 1854; x_wconf 78' lang='lat' dir='ltr'>ari·</span> 
     </span>
     <span class='ocr_line' id='line_1_10' title="bbox 450 1905 1552 2009; baseline 0.002 -21"><span class='ocrx_word' id='word_1_72' title='bbox 450 1905 524 2005; x_wconf 75' lang='grc' dir='ltr'>τὸν,</span> <span class='ocrx_word' id='word_1_73' title='bbox 554 1914 680 1988; x_wconf 84' lang='grc' dir='ltr'>πᾶσαν</span> <span class='ocrx_word' id='word_1_74' title='bbox 711 1907 865 1987; x_wconf 87' lang='grc' dir='ltr'>κόλασιν</span> <span class='ocrx_word' id='word_1_75' title='bbox 891 1909 1059 2009; x_wconf 89' lang='grc' dir='ltr'>γενναίως</span> <span class='ocrx_word' id='word_1_76' title='bbox 1091 1910 1290 2007; x_wconf 83' lang='grc' dir='ltr'>ὑπομείνας,</span> <span class='ocrx_word' id='word_1_77' title='bbox 1322 1910 1481 1990; x_wconf 86' lang='grc' dir='ltr'>ἀπέδωκε</span> <span class='ocrx_word' id='word_1_78' title='bbox 1508 1910 1552 1990; x_wconf 77' lang='grc' dir='ltr'>τὸ</span> 
     </span>
    </p>
   </div>
   <div class='ocr_carea' id='block_1_2' title="bbox 450 2039 1604 2148">
    <p class='ocr_par' dir='ltr' id='par_1_3' title="bbox 450 2039 1604 2148">
     <span class='ocr_line' id='line_1_11' title="bbox 450 2039 1604 2148; baseline -0.004 -24"><span class='ocrx_word' id='word_1_79' title='bbox 450 2053 601 2141; x_wconf 83' lang='grc' dir='ltr'>πνεῦμα.</span> <span class='ocrx_word' id='word_1_80' title='bbox 629 2044 652 2141; x_wconf 85' lang='grc' dir='ltr'><strong><em>ἡ</em></strong></span> <span class='ocrx_word' id='word_1_81' title='bbox 672 2039 709 2122; x_wconf 74' lang='grc' dir='ltr'>δέ</span> <span class='ocrx_word' id='word_1_82' title='bbox 727 2045 885 2145; x_wconf 89' lang='grc' dir='ltr'>μακαρία</span> <span class='ocrx_word' id='word_1_83' title='bbox 903 2043 1086 2124; x_wconf 90' lang='grc' dir='ltr'>Βλανδίνα</span> <span class='ocrx_word' id='word_1_84' title='bbox 1102 2042 1249 2124; x_wconf 84' lang='grc' dir='ltr'>πάντων</span> <span class='ocrx_word' id='word_1_85' title='bbox 1266 2043 1415 2148; x_wconf 78' lang='grc' dir='ltr'>ἐσχάτη,</span> <span class='ocrx_word' id='word_1_86' title='bbox 1434 2044 1548 2126; x_wconf 88' lang='grc' dir='ltr'>καθά-</span> <span class='ocrx_word' id='word_1_87' title='bbox 1563 2080 1604 2120; x_wconf 82' lang='grc' dir='ltr'>ιο</span> 
     </span>
    </p>
   </div>
   <div class='ocr_carea' id='block_1_3' title="bbox 451 2174 1600 3222">
    <p class='ocr_par' dir='ltr' id='par_1_4' title="bbox 451 2174 1600 3222">
     <span class='ocr_line' id='line_1_12' title="bbox 451 2174 1549 2280; baseline 0.002 -23"><span class='ocrx_word' id='word_1_88' title='bbox 451 2211 520 2280; x_wconf 89' lang='grc' dir='ltr'>περ</span> <span class='ocrx_word' id='word_1_89' title='bbox 547 2175 665 2277; x_wconf 76' lang='grc' dir='ltr'>μήτηρ</span> <span class='ocrx_word' id='word_1_90' title='bbox 688 2174 830 2277; x_wconf 74' lang='grc' dir='ltr'>εὐγενὴς</span> <span class='ocrx_word' id='word_1_91' title='bbox 860 2176 1132 2280; x_wconf 82' lang='grc' dir='ltr'>παρορμήσασα</span> <span class='ocrx_word' id='word_1_92' title='bbox 1160 2175 1206 2255; x_wconf 90' lang='grc' dir='ltr'>τά</span> <span class='ocrx_word' id='word_1_93' title='bbox 1233 2179 1338 2257; x_wconf 87' lang='grc' dir='ltr'>τέκνα</span> <span class='ocrx_word' id='word_1_94' title='bbox 1365 2182 1423 2258; x_wconf 86' lang='grc' dir='ltr'>καὶ</span> <span class='ocrx_word' id='word_1_95' title='bbox 1450 2214 1549 2279; x_wconf 88' lang='grc' dir='ltr'>νικη-</span> 
     </span>
     <span class='ocr_line' id='line_1_13' title="bbox 453 2307 1553 2416; baseline 0 -28"><span class='ocrx_word' id='word_1_96' title='bbox 453 2309 587 2416; x_wconf 85' lang='grc' dir='ltr'>φόρους</span> <span class='ocrx_word' id='word_1_97' title='bbox 604 2307 859 2415; x_wconf 73' lang='grc' dir='ltr'>προπέμψασα</span> <span class='ocrx_word' id='word_1_98' title='bbox 875 2307 968 2412; x_wconf 75' lang='grc' dir='ltr'>πρὸς</span> <span class='ocrx_word' id='word_1_99' title='bbox 984 2307 1048 2388; x_wconf 84' lang='grc' dir='ltr'>τὸν</span> <span class='ocrx_word' id='word_1_100' title='bbox 1070 2311 1240 2404; x_wconf 75' lang='grc' dir='ltr'>βασιλέα·</span> <span class='ocrx_word' id='word_1_101' title='bbox 1267 2312 1553 2414; x_wconf 82' lang='grc' dir='ltr'>ἀναμετρουμένη</span> 
     </span>
     <span class='ocr_line' id='line_1_14' title="bbox 454 2439 1554 2544; baseline 0.002 -21"><span class='ocrx_word' id='word_1_102' title='bbox 454 2447 513 2523; x_wconf 83' lang='grc' dir='ltr'>καὶ</span> <span class='ocrx_word' id='word_1_103' title='bbox 536 2441 625 2542; x_wconf 79' lang='grc' dir='ltr'>αὑτὴ</span> <span class='ocrx_word' id='word_1_104' title='bbox 652 2440 771 2521; x_wconf 80' lang='grc' dir='ltr'>πάντα</span> <span class='ocrx_word' id='word_1_105' title='bbox 797 2439 843 2519; x_wconf 87' lang='grc' dir='ltr'>τά</span> <span class='ocrx_word' id='word_1_106' title='bbox 870 2447 943 2520; x_wconf 82' lang='grc' dir='ltr'>τῶν</span> <span class='ocrx_word' id='word_1_107' title='bbox 969 2442 1107 2521; x_wconf 78' lang='grc' dir='ltr'>παίδων</span> <span class='ocrx_word' id='word_1_108' title='bbox 1136 2444 1381 2544; x_wconf 74' lang='grc' dir='ltr'>ἀγωνίσματα</span> <span class='ocrx_word' id='word_1_109' title='bbox 1404 2443 1554 2525; x_wconf 74' lang='grc' dir='ltr'>ἔσπενδε</span> 
     </span>
     <span class='ocr_line' id='line_1_15' title="bbox 453 2574 1553 2686; baseline -0.001 -27"><span class='ocrx_word' id='word_1_110' title='bbox 453 2577 544 2682; x_wconf 78' lang='grc' dir='ltr'>πρὸς</span> <span class='ocrx_word' id='word_1_111' title='bbox 566 2574 693 2660; x_wconf 77' lang='grc' dir='ltr'>αὐτοὺς</span> <span class='ocrx_word' id='word_1_112' title='bbox 719 2577 896 2681; x_wconf 86' lang='grc' dir='ltr'>χαίρουσα</span> <span class='ocrx_word' id='word_1_113' title='bbox 921 2579 980 2655; x_wconf 77' lang='grc' dir='ltr'>καὶ</span> <span class='ocrx_word' id='word_1_114' title='bbox 1004 2577 1256 2677; x_wconf 83' lang='grc' dir='ltr'>ἀγαλλιωμένη</span> <span class='ocrx_word' id='word_1_115' title='bbox 1275 2581 1334 2658; x_wconf 81' lang='grc' dir='ltr'>ἐπὶ</span> <span class='ocrx_word' id='word_1_116' title='bbox 1358 2584 1404 2684; x_wconf 83' lang='grc' dir='ltr'>τῇ</span> <span class='ocrx_word' id='word_1_117' title='bbox 1428 2578 1553 2686; x_wconf 82' lang='grc' dir='ltr'>ε’ξάδφ,</span> 
     </span>
     <span class='ocr_line' id='line_1_16' title="bbox 454 2707 1600 2815; baseline -0.01 -23"><span class='ocrx_word' id='word_1_118' title='bbox 454 2715 503 2798; x_wconf 82' lang='grc' dir='ltr'>ὡς</span> <span class='ocrx_word' id='word_1_119' title='bbox 520 2717 568 2795; x_wconf 78' lang='grc' dir='ltr'>είς</span> <span class='ocrx_word' id='word_1_120' title='bbox 587 2707 764 2815; x_wconf 83' lang='grc' dir='ltr'>νυμφικδν</span> <span class='ocrx_word' id='word_1_121' title='bbox 781 2714 923 2789; x_wconf 88' lang='grc' dir='ltr'>δεῖπνον</span> <span class='ocrx_word' id='word_1_122' title='bbox 940 2711 1149 2809; x_wconf 60' lang='grc' dir='ltr'>κεκλημείιη,</span> <span class='ocrx_word' id='word_1_123' title='bbox 1162 2712 1262 2790; x_wconf 88' lang='grc' dir='ltr'>ἀλλά</span> <span class='ocrx_word' id='word_1_124' title='bbox 1279 2710 1330 2811; x_wconf 77' lang='grc' dir='ltr'>μὴ</span> <span class='ocrx_word' id='word_1_125' title='bbox 1342 2711 1433 2813; x_wconf 78' lang='grc' dir='ltr'>πρὸς</span> <span class='ocrx_word' id='word_1_126' title='bbox 1446 2712 1553 2815; x_wconf 76' lang='grc' dir='ltr'>θηρία</span> <span class='ocrx_word' id='word_1_127' title='bbox 1566 2737 1600 2799; x_wconf 83' lang='lat'>¹5</span> 
     </span>
     <span class='ocr_line' id='line_1_17' title="bbox 454 2841 1552 2950; baseline 0.002 -25"><span class='ocrx_word' id='word_1_128' title='bbox 454 2846 675 2945; x_wconf 79' lang='grc' dir='ltr'>βεβλημένη.</span> <span class='ocrx_word' id='word_1_129' title='bbox 711 2847 769 2923; x_wconf 77' lang='grc' dir='ltr'>καὶ</span> <span class='ocrx_word' id='word_1_130' title='bbox 800 2843 891 2943; x_wconf 85' lang='grc' dir='ltr'>μετὰ</span> <span class='ocrx_word' id='word_1_131' title='bbox 919 2842 984 2927; x_wconf 88' lang='grc' dir='ltr'>τάς</span> <span class='ocrx_word' id='word_1_132' title='bbox 1011 2841 1203 2946; x_wconf 86' lang='grc' dir='ltr'>μάστιγας·</span> <span class='ocrx_word' id='word_1_133' title='bbox 1243 2844 1334 2945; x_wconf 89' lang='grc' dir='ltr'>μετά</span> <span class='ocrx_word' id='word_1_134' title='bbox 1363 2846 1409 2925; x_wconf 82' lang='lat' dir='ltr'>rai</span> <span class='ocrx_word' id='word_1_135' title='bbox 1436 2848 1552 2950; x_wconf 88' lang='grc' dir='ltr'>θηρία·</span> 
     </span>
     <span class='ocr_line' id='line_1_18' title="bbox 454 2977 1552 3083; baseline 0 -24"><span class='ocrx_word' id='word_1_136' title='bbox 454 2979 546 3081; x_wconf 84' lang='grc' dir='ltr'>μετά</span> <span class='ocrx_word' id='word_1_137' title='bbox 577 2978 619 3059; x_wconf 84' lang='grc' dir='ltr'>τὸ</span> <span class='ocrx_word' id='word_1_138' title='bbox 647 2977 813 3081; x_wconf 72' lang='grc' dir='ltr'>τήγανον,</span> <span class='ocrx_word' id='word_1_139' title='bbox 840 2980 1044 3083; x_wconf 75' lang='grc' dir='ltr'>τοῦσχατον</span> <span class='ocrx_word' id='word_1_140' title='bbox 1071 2985 1120 3063; x_wconf 85' lang='grc' dir='ltr'>εἶς</span> <span class='ocrx_word' id='word_1_141' title='bbox 1148 2979 1333 3081; x_wconf 88' lang='grc' dir='ltr'>γιίργαθον</span> <span class='ocrx_word' id='word_1_142' title='bbox 1358 2986 1552 3079; x_wconf 83' lang='grc' dir='ltr'>βληθεῖσα,</span> 
     </span>
     <span class='ocr_line' id='line_1_19' title="bbox 455 3111 1555 3222; baseline 0 -29"><span class='ocrx_word' id='word_1_143' title='bbox 455 3115 575 3222; x_wconf 79' lang='grc' dir='ltr'>ταύρῳ</span> <span class='ocrx_word' id='word_1_144' title='bbox 599 3112 824 3216; x_wconf 77' lang='grc' dir='ltr'>παρεβλὴθη·</span> <span class='ocrx_word' id='word_1_145' title='bbox 856 3115 914 3192; x_wconf 80' lang='grc' dir='ltr'>καὶ</span> <span class='ocrx_word' id='word_1_146' title='bbox 942 3118 1069 3197; x_wconf 79' lang='grc' dir='ltr'>ἱκανῶς</span> <span class='ocrx_word' id='word_1_147' title='bbox 1096 3116 1345 3214; x_wconf 79' lang='grc' dir='ltr'>ἀναβληθεῖσα</span> <span class='ocrx_word' id='word_1_148' title='bbox 1371 3111 1462 3217; x_wconf 78' lang='grc' dir='ltr'>πρὸς</span> <span class='ocrx_word' id='word_1_149' title='bbox 1489 3122 1555 3194; x_wconf 82' lang='grc' dir='ltr'>τοῦ</span> 
     </span>
    </p>
   </div>
   <div class='ocr_carea' id='block_1_4' title="bbox 386 3395 1606 4750">
    <p class='ocr_par' dir='ltr' id='par_1_5' title="bbox 386 3395 1606 4750">
     <span class='ocr_line' id='line_1_20' title="bbox 455 3395 1554 3465; baseline -0.002 -7"><span class='ocrx_word' id='word_1_150' title='bbox 455 3397 509 3458; x_wconf 92' lang='lat' dir='ltr'>hili</span> <span class='ocrx_word' id='word_1_151' title='bbox 529 3398 668 3465; x_wconf 78' lang='lat' dir='ltr'>facerent,</span> <span class='ocrx_word' id='word_1_152' title='bbox 689 3408 789 3457; x_wconf 74' lang='lat' dir='ltr'>tantus</span> <span class='ocrx_word' id='word_1_153' title='bbox 811 3396 840 3456; x_wconf 88' lang='lat' dir='ltr'>in</span> <span class='ocrx_word' id='word_1_154' title='bbox 861 3417 911 3457; x_wconf 82' lang='lat' dir='ltr'>eos</span> <span class='ocrx_word' id='word_1_155' title='bbox 927 3417 978 3457; x_wconf 90' lang='lat' dir='ltr'>ex·</span> <span class='ocrx_word' id='word_1_156' title='bbox 1028 3396 1147 3456; x_wconf 80' lang='lat' dir='ltr'>halavit.</span> <span class='ocrx_word' id='word_1_157' title='bbox 1190 3396 1283 3455; x_wconf 87' lang='lat' dir='ltr'>Beata</span> <span class='ocrx_word' id='word_1_158' title='bbox 1313 3416 1381 3455; x_wconf 86' lang='lat' dir='ltr'>raro</span> <span class='ocrx_word' id='word_1_159' title='bbox 1408 3395 1554 3456; x_wconf 82' lang='lat' dir='ltr'>Blandina</span> 
     </span>
     <span class='ocr_line' id='line_1_21' title="bbox 456 3477 1606 3556; baseline -0.003 -20"><span class='ocrx_word' id='word_1_160' title='bbox 456 3478 528 3536; x_wconf 78' lang='lat' dir='ltr'>arsit</span> <span class='ocrx_word' id='word_1_161' title='bbox 544 3477 742 3536; x_wconf 82' lang='lat' dir='ltr'>multitudinis</span> <span class='ocrx_word' id='word_1_162' title='bbox 763 3478 854 3545; x_wconf 86' lang='lat' dir='ltr'>furor,</span> <span class='ocrx_word' id='word_1_163' title='bbox 870 3488 905 3536; x_wconf 90' lang='lat' dir='ltr'>ut</span> <span class='ocrx_word' id='word_1_164' title='bbox 926 3497 980 3536; x_wconf 89' lang='lat' dir='ltr'>uec</span> <span class='ocrx_word' id='word_1_165' title='bbox 1029 3478 1160 3535; x_wconf 88' lang='lat' dir='ltr'>omnium</span> <span class='ocrx_word' id='word_1_166' title='bbox 1174 3488 1328 3556; x_wconf 77' lang='lat' dir='ltr'>postrema,</span> <span class='ocrx_word' id='word_1_167' title='bbox 1343 3488 1480 3555; x_wconf 88' lang='lat' dir='ltr'>tanquam</span> <span class='ocrx_word' id='word_1_168' title='bbox 1498 3497 1551 3535; x_wconf 88' lang='lat' dir='ltr'>no·</span> <span class='ocrx_word' id='word_1_169' title='bbox 1564 3488 1606 3530; x_wconf 87' lang='lat'>20</span> 
     </span>
     <span class='ocr_line' id='line_1_22' title="bbox 457 3556 1553 3634; baseline -0.005 -19"><span class='ocrx_word' id='word_1_170' title='bbox 457 3567 572 3615; x_wconf 75' lang='lat' dir='ltr'>[etatem</span> <span class='ocrx_word' id='word_1_171' title='bbox 594 3557 678 3634; x_wconf 89' lang='lat' dir='ltr'>pueri</span> <span class='ocrx_word' id='word_1_172' title='bbox 694 3556 911 3623; x_wconf 77' lang='lat' dir='ltr'>miserarentur,</span> <span class='ocrx_word' id='word_1_173' title='bbox 927 3577 980 3615; x_wconf 86' lang='lat' dir='ltr'>nec</span> <span class='ocrx_word' id='word_1_174' title='bbox 1029 3557 1096 3616; x_wconf 80' lang='lat' dir='ltr'>bilia</span> <span class='ocrx_word' id='word_1_175' title='bbox 1123 3568 1215 3616; x_wconf 89' lang='lat' dir='ltr'>mater</span> <span class='ocrx_word' id='word_1_176' title='bbox 1241 3577 1306 3634; x_wconf 80' lang='lat' dir='ltr'>quoe</span> <span class='ocrx_word' id='word_1_177' title='bbox 1333 3556 1409 3615; x_wconf 76' lang='lat' dir='ltr'>filios</span> <span class='ocrx_word' id='word_1_178' title='bbox 1431 3556 1469 3614; x_wconf 86' lang='lat' dir='ltr'>ad</span> <span class='ocrx_word' id='word_1_179' title='bbox 1491 3556 1553 3614; x_wconf 84' lang='lat' dir='ltr'>for.</span> 
     </span>
     <span class='ocr_line' id='line_1_23' title="bbox 456 3634 1553 3714; baseline 0.002 -21"><span class='ocrx_word' id='word_1_180' title='bbox 456 3635 587 3694; x_wconf 81' lang='lat' dir='ltr'>mulieris</span> <span class='ocrx_word' id='word_1_181' title='bbox 614 3656 715 3693; x_wconf 73' lang='lat' dir='ltr'>sexum</span> <span class='ocrx_word' id='word_1_182' title='bbox 739 3634 800 3693; x_wconf 90' lang='lat' dir='ltr'>ulla</span> <span class='ocrx_word' id='word_1_183' title='bbox 824 3655 978 3714; x_wconf 76' lang='lat' dir='ltr'>preceque·</span> <span class='ocrx_word' id='word_1_184' title='bbox 1029 3637 1099 3695; x_wconf 88' lang='lat' dir='ltr'>titer</span> <span class='ocrx_word' id='word_1_185' title='bbox 1123 3636 1292 3695; x_wconf 90' lang='lat' dir='ltr'>certandum</span> <span class='ocrx_word' id='word_1_186' title='bbox 1317 3636 1499 3702; x_wconf 72' lang='lat' dir='ltr'>accenderat,</span> <span class='ocrx_word' id='word_1_187' title='bbox 1521 3645 1553 3695; x_wconf 85' lang='lat' dir='ltr'>et</span> 
     </span>
     <span class='ocr_line' id='line_1_24' title="bbox 455 3714 1552 3794; baseline 0 -20"><span class='ocrx_word' id='word_1_188' title='bbox 455 3726 559 3774; x_wconf 86' lang='lat' dir='ltr'>rentur</span> <span class='ocrx_word' id='word_1_189' title='bbox 578 3715 747 3774; x_wconf 82' lang='lat' dir='ltr'>reverentia.</span> <span class='ocrx_word' id='word_1_190' title='bbox 783 3714 905 3773; x_wconf 81' lang='lat' dir='ltr'>Cunctis</span> <span class='ocrx_word' id='word_1_191' title='bbox 922 3716 978 3792; x_wconf 85' lang='lat' dir='ltr'>igi·</span> <span class='ocrx_word' id='word_1_192' title='bbox 1029 3716 1153 3775; x_wconf 81' lang='lat' dir='ltr'>victorea</span> <span class='ocrx_word' id='word_1_193' title='bbox 1180 3716 1216 3774; x_wconf 87' lang='lat' dir='ltr'>ad</span> <span class='ocrx_word' id='word_1_194' title='bbox 1244 3736 1341 3794; x_wconf 84' lang='lat' dir='ltr'>regem</span> <span class='ocrx_word' id='word_1_195' title='bbox 1367 3717 1552 3794; x_wconf 67' lang='lat' dir='ltr'>praemiserat,</span> 
     </span>
     <span class='ocr_line' id='line_1_25' title="bbox 456 3795 1554 3873; baseline -0.002 -18"><span class='ocrx_word' id='word_1_196' title='bbox 456 3806 506 3855; x_wconf 84' lang='lat' dir='ltr'>tur</span> <span class='ocrx_word' id='word_1_197' title='bbox 533 3795 709 3854; x_wconf 81' lang='lat' dir='ltr'>cruciatibus</span> <span class='ocrx_word' id='word_1_198' title='bbox 734 3816 784 3853; x_wconf 77' lang='lat' dir='ltr'>eoa</span> <span class='ocrx_word' id='word_1_199' title='bbox 812 3815 916 3853; x_wconf 77' lang='lat' dir='ltr'>vexare</span> <span class='ocrx_word' id='word_1_200' title='bbox 946 3816 980 3853; x_wconf 93' lang='lat' dir='ltr'>ac</span> <span class='ocrx_word' id='word_1_201' title='bbox 1030 3796 1145 3854; x_wconf 77' lang='lat' dir='ltr'>eosdem</span> <span class='ocrx_word' id='word_1_202' title='bbox 1159 3797 1348 3853; x_wconf 81' lang='lat' dir='ltr'>certaminum</span> <span class='ocrx_word' id='word_1_203' title='bbox 1364 3815 1465 3853; x_wconf 77' lang='lat' dir='ltr'>curcua</span> <span class='ocrx_word' id='word_1_204' title='bbox 1480 3815 1554 3873; x_wconf 84' lang='lat' dir='ltr'>quoa</span> 
     </span>
     <span class='ocr_line' id='line_1_26' title="bbox 456 3873 1601 3955; baseline -0.002 -22"><span class='ocrx_word' id='word_1_205' title='bbox 456 3896 509 3955; x_wconf 89' lang='lat' dir='ltr'>per</span> <span class='ocrx_word' id='word_1_206' title='bbox 523 3876 620 3933; x_wconf 90' lang='lat' dir='ltr'>omnia</span> <span class='ocrx_word' id='word_1_207' title='bbox 633 3894 784 3953; x_wconf 86' lang='lat' dir='ltr'>poenarum</span> <span class='ocrx_word' id='word_1_208' title='bbox 801 3895 907 3953; x_wconf 80' lang='lat' dir='ltr'>genera</span> <span class='ocrx_word' id='word_1_209' title='bbox 924 3876 979 3933; x_wconf 88' lang='lat' dir='ltr'>cir·</span> <span class='ocrx_word' id='word_1_210' title='bbox 1031 3875 1083 3933; x_wconf 83' lang='lat' dir='ltr'>filii</span> <span class='ocrx_word' id='word_1_211' title='bbox 1111 3875 1295 3933; x_wconf 85' lang='lat' dir='ltr'>confecerant</span> <span class='ocrx_word' id='word_1_212' title='bbox 1324 3875 1488 3944; x_wconf 74' lang='lat' dir='ltr'>remetiens,</span> <span class='ocrx_word' id='word_1_213' title='bbox 1516 3873 1553 3933; x_wconf 88' lang='lat' dir='ltr'>ad</span> <span class='ocrx_word' id='word_1_214' title='bbox 1565 3886 1601 3950; x_wconf 74' lang='grc' dir='ltr'>ας</span> 
     </span>
     <span class='ocr_line' id='line_1_27' title="bbox 457 3953 1554 4033; baseline -0.003 -19"><span class='ocrx_word' id='word_1_215' title='bbox 457 3976 609 4033; x_wconf 84' lang='lat' dir='ltr'>cumagcre</span> <span class='ocrx_word' id='word_1_216' title='bbox 624 3966 783 4033; x_wconf 86' lang='lat' dir='ltr'>coeperunt,</span> <span class='ocrx_word' id='word_1_217' title='bbox 795 3956 895 4031; x_wconf 87' lang='lat' dir='ltr'>jurare</span> <span class='ocrx_word' id='word_1_218' title='bbox 913 3955 980 4013; x_wconf 78' lang='lat' dir='ltr'>illoc</span> <span class='ocrx_word' id='word_1_219' title='bbox 1030 3954 1146 4013; x_wconf 85' lang='lat' dir='ltr'>eosdem</span> <span class='ocrx_word' id='word_1_220' title='bbox 1170 3954 1212 4014; x_wconf 91' lang='lat' dir='ltr'>ire</span> <span class='ocrx_word' id='word_1_221' title='bbox 1236 3954 1418 4033; x_wconf 80' lang='lat' dir='ltr'>properabat,</span> <span class='ocrx_word' id='word_1_222' title='bbox 1443 3953 1480 4012; x_wconf 89' lang='lat' dir='ltr'>de</span> <span class='ocrx_word' id='word_1_223' title='bbox 1504 3974 1554 4013; x_wconf 83' lang='lat' dir='ltr'>ex-</span> 
     </span>
     <span class='ocr_line' id='line_1_28' title="bbox 457 4033 1553 4112; baseline -0.002 -19"><span class='ocrx_word' id='word_1_224' title='bbox 457 4035 580 4093; x_wconf 78' lang='lat' dir='ltr'>aubinde</span> <span class='ocrx_word' id='word_1_225' title='bbox 615 4034 830 4112; x_wconf 74' lang='lat' dir='ltr'>compellentes.</span> <span class='ocrx_word' id='word_1_226' title='bbox 882 4035 980 4093; x_wconf 92' lang='lat' dir='ltr'>Num·</span> <span class='ocrx_word' id='word_1_227' title='bbox 1031 4035 1076 4092; x_wconf 89' lang='lat' dir='ltr'>itu</span> <span class='ocrx_word' id='word_1_228' title='bbox 1102 4054 1156 4092; x_wconf 75' lang='lat' dir='ltr'>ruo</span> <span class='ocrx_word' id='word_1_229' title='bbox 1184 4034 1251 4093; x_wconf 86' lang='lat' dir='ltr'>laeta</span> <span class='ocrx_word' id='word_1_230' title='bbox 1276 4044 1364 4111; x_wconf 88' lang='lat' dir='ltr'>atque</span> <span class='ocrx_word' id='word_1_231' title='bbox 1393 4033 1553 4101; x_wconf 76' lang='lat' dir='ltr'>exsultans,</span> 
     </span>
     <span class='ocr_line' id='line_1_29' title="bbox 458 4113 1554 4193; baseline -0.001 -21"><span class='ocrx_word' id='word_1_232' title='bbox 458 4134 545 4191; x_wconf 89' lang='lat' dir='ltr'>quam</span> <span class='ocrx_word' id='word_1_233' title='bbox 566 4125 662 4172; x_wconf 87' lang='lat' dir='ltr'>tamen</span> <span class='ocrx_word' id='word_1_234' title='bbox 684 4114 714 4171; x_wconf 90' lang='lat' dir='ltr'>id</span> <span class='ocrx_word' id='word_1_235' title='bbox 736 4115 813 4191; x_wconf 89' lang='lat' dir='ltr'>quod</span> <span class='ocrx_word' id='word_1_236' title='bbox 835 4114 980 4183; x_wconf 85' lang='lat' dir='ltr'>volebant,</span> <span class='ocrx_word' id='word_1_237' title='bbox 1036 4134 1154 4193; x_wconf 78' lang='lat' dir='ltr'>prorsus</span> <span class='ocrx_word' id='word_1_238' title='bbox 1174 4115 1255 4191; x_wconf 82' lang='lat' dir='ltr'>quasi</span> <span class='ocrx_word' id='word_1_239' title='bbox 1277 4113 1314 4172; x_wconf 87' lang='lat' dir='ltr'>ad</span> <span class='ocrx_word' id='word_1_240' title='bbox 1335 4113 1467 4192; x_wconf 87' lang='lat' dir='ltr'>nuptiale</span> <span class='ocrx_word' id='word_1_241' title='bbox 1483 4133 1554 4171; x_wconf 88' lang='lat' dir='ltr'>con·</span> 
     </span>
     <span class='ocr_line' id='line_1_30' title="bbox 459 4193 1554 4271; baseline 0 -20"><span class='ocrx_word' id='word_1_242' title='bbox 459 4194 596 4271; x_wconf 83' lang='lat' dir='ltr'>perficere</span> <span class='ocrx_word' id='word_1_243' title='bbox 610 4193 774 4251; x_wconf 83' lang='lat' dir='ltr'>valuerunt.</span> <span class='ocrx_word' id='word_1_244' title='bbox 808 4193 885 4251; x_wconf 89' lang='lat' dir='ltr'>Nam</span> <span class='ocrx_word' id='word_1_245' title='bbox 902 4195 980 4251; x_wconf 83' lang='lat' dir='ltr'>Pon·</span> <span class='ocrx_word' id='word_1_246' title='bbox 1031 4194 1142 4251; x_wconf 80' lang='lat' dir='ltr'>rivium</span> <span class='ocrx_word' id='word_1_247' title='bbox 1188 4194 1320 4262; x_wconf 84' lang='lat' dir='ltr'>invitata,</span> <span class='ocrx_word' id='word_1_248' title='bbox 1356 4213 1416 4250; x_wconf 90' lang='lat' dir='ltr'>non</span> <span class='ocrx_word' id='word_1_249' title='bbox 1454 4193 1554 4252; x_wconf 76' lang='lat' dir='ltr'>bestiis</span> 
     </span>
     <span class='ocr_line' id='line_1_31' title="bbox 459 4273 1604 4351; baseline -0.001 -20"><span class='ocrx_word' id='word_1_250' title='bbox 459 4273 536 4331; x_wconf 80' lang='lat' dir='ltr'>ticuu</span> <span class='ocrx_word' id='word_1_251' title='bbox 563 4274 680 4349; x_wconf 86' lang='lat' dir='ltr'>quidem</span> <span class='ocrx_word' id='word_1_252' title='bbox 709 4274 815 4331; x_wconf 83' lang='lat' dir='ltr'>sororia</span> <span class='ocrx_word' id='word_1_253' title='bbox 845 4274 980 4331; x_wconf 83' lang='lat' dir='ltr'>exhorta·</span> <span class='ocrx_word' id='word_1_254' title='bbox 1032 4273 1146 4348; x_wconf 89' lang='lat' dir='ltr'>objecta</span> <span class='ocrx_word' id='word_1_255' title='bbox 1180 4284 1265 4331; x_wconf 81' lang='lat' dir='ltr'>esset.</span> <span class='ocrx_word' id='word_1_256' title='bbox 1316 4273 1453 4349; x_wconf 83' lang='lat' dir='ltr'>Denique</span> <span class='ocrx_word' id='word_1_257' title='bbox 1488 4282 1604 4351; x_wconf 81' lang='lat' dir='ltr'>post30</span> 
     </span>
     <span class='ocr_line' id='line_1_32' title="bbox 459 4351 1554 4430; baseline 0 -20"><span class='ocrx_word' id='word_1_258' title='bbox 459 4353 589 4411; x_wconf 82' lang='lat' dir='ltr'>tionibus</span> <span class='ocrx_word' id='word_1_259' title='bbox 611 4354 758 4415; x_wconf 80' lang='lat' dir='ltr'>incitatus,</span> <span class='ocrx_word' id='word_1_260' title='bbox 780 4353 821 4411; x_wconf 89' lang='lat' dir='ltr'>ita</span> <span class='ocrx_word' id='word_1_261' title='bbox 845 4363 878 4411; x_wconf 91' lang='lat' dir='ltr'>ut</span> <span class='ocrx_word' id='word_1_262' title='bbox 901 4354 981 4410; x_wconf 86' lang='lat' dir='ltr'>Gen·</span> <span class='ocrx_word' id='word_1_263' title='bbox 1031 4351 1129 4429; x_wconf 79' lang='lat' dir='ltr'>flagra,</span> <span class='ocrx_word' id='word_1_264' title='bbox 1164 4363 1231 4430; x_wconf 81' lang='lat' dir='ltr'>post</span> <span class='ocrx_word' id='word_1_265' title='bbox 1270 4353 1397 4411; x_wconf 86' lang='lat' dir='ltr'>ferarum</span> <span class='ocrx_word' id='word_1_266' title='bbox 1437 4351 1554 4410; x_wconf 87' lang='lat' dir='ltr'>vellica-</span> 
     </span>
     <span class='ocr_line' id='line_1_33' title="bbox 459 4430 1555 4511; baseline -0.001 -21"><span class='ocrx_word' id='word_1_267' title='bbox 459 4430 526 4490; x_wconf 81' lang='lat' dir='ltr'>tileu</span> <span class='ocrx_word' id='word_1_268' title='bbox 547 4452 663 4509; x_wconf 92' lang='lat' dir='ltr'>quoque</span> <span class='ocrx_word' id='word_1_269' title='bbox 685 4432 776 4510; x_wconf 78' lang='lat' dir='ltr'>ipsam</span> <span class='ocrx_word' id='word_1_270' title='bbox 797 4452 860 4491; x_wconf 79' lang='lat' dir='ltr'>esse</span> <span class='ocrx_word' id='word_1_271' title='bbox 881 4452 980 4491; x_wconf 87' lang='lat' dir='ltr'>cerne·</span> <span class='ocrx_word' id='word_1_272' title='bbox 1029 4432 1134 4498; x_wconf 84' lang='lat' dir='ltr'>tiones,</span> <span class='ocrx_word' id='word_1_273' title='bbox 1145 4443 1212 4511; x_wconf 82' lang='lat' dir='ltr'>post</span> <span class='ocrx_word' id='word_1_274' title='bbox 1223 4432 1396 4509; x_wconf 77' lang='lat' dir='ltr'>sartaginem</span> <span class='ocrx_word' id='word_1_275' title='bbox 1408 4454 1417 4489; x_wconf 79' lang='grc' dir='ltr'>ι</span> <span class='ocrx_word' id='word_1_276' title='bbox 1431 4430 1555 4489; x_wconf 88' lang='lat' dir='ltr'>reticulo</span> 
     </span>
     <span class='ocr_line' id='line_1_34' title="bbox 459 4510 1556 4590; baseline 0 -23"><span class='ocrx_word' id='word_1_277' title='bbox 459 4521 526 4567; x_wconf 89' lang='lat' dir='ltr'>rent</span> <span class='ocrx_word' id='word_1_278' title='bbox 545 4531 609 4586; x_wconf 78' lang='lat' dir='ltr'>quoe</span> <span class='ocrx_word' id='word_1_279' title='bbox 630 4532 752 4590; x_wconf 88' lang='lat' dir='ltr'>puerum</span> <span class='ocrx_word' id='word_1_280' title='bbox 770 4513 936 4571; x_wconf 88' lang='lat' dir='ltr'>hortaretur</span> <span class='ocrx_word' id='word_1_281' title='bbox 950 4523 981 4571; x_wconf 87' lang='lat' dir='ltr'>et</span> <span class='ocrx_word' id='word_1_282' title='bbox 1030 4512 1150 4579; x_wconf 71' lang='lat' dir='ltr'>inclusa,</span> <span class='ocrx_word' id='word_1_283' title='bbox 1180 4522 1265 4571; x_wconf 91' lang='lat' dir='ltr'>tauro</span> <span class='ocrx_word' id='word_1_284' title='bbox 1290 4512 1404 4588; x_wconf 84' lang='lat' dir='ltr'>objecta</span> <span class='ocrx_word' id='word_1_285' title='bbox 1428 4522 1482 4570; x_wconf 83' lang='lat' dir='ltr'>est.</span> <span class='ocrx_word' id='word_1_286' title='bbox 1525 4510 1556 4567; x_wconf 87' lang='lat' dir='ltr'><strong>A</strong></span> 
     </span>
     <span class='ocr_line' id='line_1_35' title="bbox 386 4588 1555 4670; baseline -0.001 -23"><span class='ocrx_word' id='word_1_287' title='bbox 386 4654 390 4662; x_wconf 48' lang='lat'><em>‚</em></span> <span class='ocrx_word' id='word_1_288' title='bbox 459 4590 653 4658; x_wconf 84' lang='lat' dir='ltr'>confirmaret,</span> <span class='ocrx_word' id='word_1_289' title='bbox 696 4601 800 4650; x_wconf 90' lang='lat' dir='ltr'>cuncta</span> <span class='ocrx_word' id='word_1_290' title='bbox 841 4590 982 4670; x_wconf 73' lang='lat' dir='ltr'>supplicia</span> <span class='ocrx_word' id='word_1_291' title='bbox 1030 4611 1089 4667; x_wconf 92' lang='lat' dir='ltr'>quo</span> <span class='ocrx_word' id='word_1_292' title='bbox 1108 4592 1158 4652; x_wconf 81' lang='lat' dir='ltr'>diu</span> <span class='ocrx_word' id='word_1_293' title='bbox 1182 4593 1213 4649; x_wconf 92' lang='lat' dir='ltr'>in</span> <span class='ocrx_word' id='word_1_294' title='bbox 1232 4592 1324 4650; x_wconf 90' lang='lat' dir='ltr'>altum</span> <span class='ocrx_word' id='word_1_295' title='bbox 1343 4592 1464 4667; x_wconf 81' lang='lat' dir='ltr'>jactata,</span> <span class='ocrx_word' id='word_1_296' title='bbox 1481 4588 1555 4647; x_wconf 92' lang='lat' dir='ltr'>nihil</span> 
     </span>
     <span class='ocr_line' id='line_1_36' title="bbox 459 4669 1604 4750; baseline 0.001 -24"><span class='ocrx_word' id='word_1_297' title='bbox 459 4688 598 4746; x_wconf 81' lang='lat' dir='ltr'>generose</span> <span class='ocrx_word' id='word_1_298' title='bbox 610 4689 772 4749; x_wconf 76' lang='lat' dir='ltr'>perpessus,</span> <span class='ocrx_word' id='word_1_299' title='bbox 791 4671 915 4730; x_wconf 89' lang='lat' dir='ltr'>animam</span> <span class='ocrx_word' id='word_1_300' title='bbox 929 4691 981 4730; x_wconf 85' lang='lat' dir='ltr'>ex·</span> <span class='ocrx_word' id='word_1_301' title='bbox 1026 4671 1088 4746; x_wconf 88' lang='lat' dir='ltr'>jam</span> <span class='ocrx_word' id='word_1_302' title='bbox 1108 4692 1208 4731; x_wconf 88' lang='lat' dir='ltr'>eorum</span> <span class='ocrx_word' id='word_1_303' title='bbox 1228 4691 1293 4749; x_wconf 79' lang='lat' dir='ltr'>quoe</span> <span class='ocrx_word' id='word_1_304' title='bbox 1312 4670 1420 4730; x_wconf 83' lang='lat' dir='ltr'>fiebant</span> <span class='ocrx_word' id='word_1_305' title='bbox 1437 4669 1604 4750; x_wconf 78' lang='lat' dir='ltr'>penitua35</span> 
     </span>
    </p>
   </div>
   <div class='ocr_carea' id='block_1_5' title="bbox 0 0 1930 5650">
    <p class='ocr_par' dir='ltr' id='par_1_6' title="bbox 0 0 1930 5650">
     <span class='ocr_line' id='line_1_37' title="bbox 0 0 1930 5650; baseline 0 0"><span class='ocrx_word' id='word_1_306' title='bbox 0 0 1930 5650; x_wconf 95' lang='lat' dir='ltr'> </span> 
     </span>
    </p>
   </div>
  </div>
 </body>
</html>
