3809 5650
578 706 626 769 IN
650 705 897 770 HEGESIPPI
922 706 1220 771 FRAGMENTA.
1395 708 1460 770 245

363 875 404 940 εἶς
426 899 469 940 τις
490 871 539 936 ἀπ’
553 873 659 947 αὐτῶν,
675 875 782 953 λαβὼν
803 875 837 937 τὸ
859 880 919 938 τῶν
940 875 1083 957 propior
1104 876 1206 953 ξύλον.
1252 873 1290 936 Id
1312 882 1363 939 est
1381 895 1462 938 unus

363 997 402 1038 ex
424 974 485 1037 illis
507 982 636 1059 arrepto
659 976 786 1039 lullonis
807 984 906 1040 vecte.
950 977 1022 1041 Aut
1040 976 1072 1039 in
1090 976 1174 1039 hunc
1194 977 1334 1054 modum,
1350 977 1393 1044 τὶς
1410 975 1461 1040 ἀπ’

363 1077 468 1152 αὐτῶν,
486 1077 528 1144 εἶς
542 1082 601 1139 τῶν
615 1077 769 1159 propior,
784 1080 891 1157 λαβὼν
906 1078 939 1141 τὸ
955 1081 1056 1157 ξύλον.
1102 1080 1205 1160 Quam
1226 1078 1462 1143 distinctionem

363 1184 491 1242 secutus
510 1186 561 1243 cst
581 1179 727 1255 Rufinus,
744 1180 791 1244 ita
805 1181 890 1244 enim
905 1182 1023 1245 vertit:
1047 1183 1093 1244 Et
1113 1202 1193 1244 ursus
1216 1203 1252 1244 ee
1277 1181 1354 1265 ipsis
1368 1179 1462 1264 fulb,

362 1290 486 1362 arrepto
499 1282 595 1364 fuste,
611 1281 645 1344 ia
659 1304 715 1366 qno
731 1303 776 1344 res
790 1284 956 1367 eeprinrere
975 1283 1076 1347 sobal.
1123 1284 1234 1367 Neque
1254 1283 1348 1347 aliter
1365 1283 1463 1346 ceteri

362 1382 563 1467 interpretes.
609 1386 721 1466 Atque
736 1384 820 1446 hune
835 1405 962 1447 sensum
981 1383 1148 1448 confirmat
1164 1384 1309 1448 Clemens
1322 1385 1463 1448 Alexan·

363 1485 472 1548 drinns
498 1485 531 1547 in
557 1484 638 1547 libro
661 1484 713 1549 vii.
737 1484 1003 1570 Hypotyposeon,
1029 1485 1082 1549 ubi
1108 1486 1268 1549 Jacobnm
1297 1508 1318 1549 a
1346 1485 1463 1550 fullone

363 1588 589 1671 interemptum
611 1608 680 1650 esse
703 1587 823 1650 scribit.
864 1588 970 1651 Verba
995 1587 1166 1652 Clementis
1188 1587 1348 1651 habentur
1366 1609 1464 1671 snpra

363 1688 395 1750 in
410 1711 478 1773 cap.
495 1709 522 1752 1.
534 1690 628 1774 hujus
642 1688 725 1752 libri.
749 1688 936 1773 Apollonius
952 1689 1106 1753 Collatius
1117 1689 1150 1751 in
1165 1688 1219 1752 lib.
1233 1689 1259 1751 l.
1271 1689 1311 1752 de
1328 1688 1464 1752 Excidio

364 1790 522 1855 Hierosol.
538 1793 699 1856 Jacobum
721 1813 784 1854 non
806 1790 933 1854 lullonis
955 1799 1054 1867 vecte,
1077 1792 1133 1854 sed
1155 1791 1257 1854 securi
1279 1811 1463 1874 percussum

363 1892 519 1957 interiisse
545 1893 665 1957 scribit.
692 1892 859 1955 Vanesms.
905 1891 1045 1973 κναφέων
1067 1913 1139 1956 cum
1162 1919 1178 1954 κ
1199 1891 1339 1955 edit-ienis
1359 1891 1462 1975 stopa

362 2001 460 2077 atque
471 1996 512 2058 N
508 1995 639 2079 crepion
650 1995 841 2079 scripturam
852 2001 966 2078 utpote
980 1992 1207 2056 accuratiorem
1220 2013 1316 2076 quam
1327 1992 1463 2056 alteram

364 2094 506 2176 γναφέων
520 2097 696 2172 Burtonus‚
713 2117 807 2180 quem
822 2117 905 2158 nunc
921 2102 1048 2158 secutus
1063 2115 1143 2167 sum,
1159 2093 1289 2177 recepit.

407 2194 445 2258 P.
458 2214 530 2260 212.
541 2197 560 2259 l.
574 2218 604 2282 3.
620 2198 655 2260 τὸ
671 2197 763 2275 ξύλον
779 2200 812 2259 ἓν
827 2195 850 2280 ᾧ
865 2198 1003 2270 <inruisse
1019 2198 1056 2258 τὰ
1072 2194 1183 2278 ἱμάτια]
1201 2193 1416 2278 Hieronymus
1430 2193 1464 2257 in

362 2296 444 2359 libro
466 2298 506 2360 de
526 2298 733 2382 scriptoribus
748 2297 979 2361 Ecclesiasticis
999 2297 1082 2359 hunc
1100 2296 1204 2359 locum
1219 2295 1266 2359 ita
1286 2294 1461 2379 expressit:

362 2398 503 2462 Fullonia
513 2401 610 2483 feste,
633 2422 691 2485 qao
709 2400 773 2463 ada
793 2400 966 2462 contituentes
989 2399 1159 2483 extorqueri
1175 2397 1273 2473 ενῐννι,
1292 2398 1327 2460 io
1347 2395 1464 2461 cerebro

356 2521 517 2581 percussas
538 2501 664 2563 interi-it.
710 2500 898 2584 Hieronymi
913 2502 1011 2564 verba
1026 2502 1137 2564 Graece
1152 2500 1199 2563 ita
1213 2499 1311 2563 vertit
1326 2499 1465 2585 Sophro-

363 2601 445 2676 nius‚
460 2606 500 2686 τῷ
515 2628 548 2665 τε
564 2606 696 2686 κναφικῷ
710 2607 816 2686 μοχλῷ
832 2601 904 2687 ᾦτᾶ
919 2602 1019 2681 ἱμάτια
1035 2600 1179 2677 ἓκπιέζειν
1194 2603 1326 2665 εἰώθασι.
1372 2604 1464 2666 Mus·

363 2702 451 2764 culus
476 2704 603 2787 quidem
634 2703 764 2767 Eusebii
793 2704 896 2767 locum
925 2704 973 2767 ita
997 2703 1105 2778 vertit,
1130 2723 1209 2765 maus
1236 2724 1272 2766 ee
1291 2700 1465 2784 fullonibus

362 2814 484 2889 owepto
497 2805 692 2869 incremento
706 2828 763 2891 qao
778 2806 948 2870 aestimata
967 2805 1118 2869 excutiunt
1138 2827 1175 2868 aa
1188 2813 1335 2889 pareant.
1381 2803 1464 2868 Lan·

362 2929 421 2991 gus
436 2928 510 2971 vero
525 2907 554 2969 N
556 2907 694 2992 icephori
710 2908 867 2992 interpres
882 2908 927 2970 sic
941 2907 1091 2971 reddidit.
1114 2906 1320 2990 Etsallonmn
1336 2907 1464 2990 quidam

363 3008 443 3093 lipsa
471 3029 528 3092 qao
557 3019 646 3071 vestm
675 3008 885 3093 complanabat
913 3018 1045 3093 arrepto.
1100 3008 1183 3072 Mihi
1208 3008 1335 3093 quidem
1361 3008 1463 3094 magis

362 3107 468 3190 placet
482 3107 588 3170 Rufini
603 3116 637 3172 ct
652 3106 934 3193 Christophorsoni
948 3109 1117 3193 expositio,
1133 3110 1186 3194 qui
1202 3117 1305 3175 vestes
1319 3132 1463 3195 premere

362 3230 417 3272 seu
452 3210 629 3293 exprimere
665 3210 868 3295 interpretati
897 3219 982 3275 sunt.
1028 3211 1068 3274 Id
1097 3212 1181 3275 enim
1211 3212 1368 3295 significat
1401 3235 1463 3277 vox

362 3309 485 3387 πιέζειν,
501 3333 541 3374 ex
556 3333 620 3394 qua
634 3312 672 3375 fit
691 3313 874 3390 πιεστήριον,
890 3313 976 3396 qnod
995 3320 1045 3377 est
1068 3313 1184 3378 Latine
1199 3314 1392 3397 pressorium
1406 3336 1462 3379 sen

362 3410 504 3493 praelum.
549 3412 676 3495 Duplex
701 3412 762 3476 fuit
786 3413 939 3476 fullonum
963 3414 1108 3478 officium.
1154 3415 1237 3479 Nam
1264 3422 1297 3479 et
1323 3416 1463 3482 maculas

363 3511 511 3577 eluebant
536 3535 554 3576 e
578 3514 719 3578 vestibus
731 3539 740 3589 ;
766 3523 799 3579 et
825 3538 879 3579 cas
906 3516 1113 3593 dealbabant,
1135 3539 1173 3580 ac
1199 3516 1398 3601 splendorem
1423 3519 1463 3584 iis

363 3615 583 3678 conciliabant.
599 3616 773 3680 utebantur
786 3624 895 3681 autem
916 3619 957 3681 ad
983 3618 1015 3681 id
1033 3619 1198 3703 pressoriis
1217 3641 1273 3682 seu
1294 3620 1410 3703 praelis,
1426 3628 1463 3686 ut

363 3716 470 3780 notavi
487 3717 529 3780 ad
545 3717 598 3780 lib.
615 3718 722 3780 xxviii.
736 3721 844 3783 Amm.
861 3719 1040 3783 Marcellini
1056 3744 1086 3805 p.
1098 3724 1171 3804 366.
1218 3720 1321 3784 Porro
1342 3722 1374 3783 in
1396 3743 1463 3785 ma·

363 3818 532 3903 nuscriptis
546 3818 664 3883 nostris
679 3822 766 3883 Maz.
779 3822 869 3883 Med.
881 3843 920 3884 ac
933 3821 1062 3885 Fuketii
1079 3822 1232 3907 scriptum
1247 3829 1296 3885 est
1311 3823 1461 3897 ὰποπίεζε.

364 3918 527 3981 Vnumius.
573 3920 636 3983 Sed
658 3922 800 3997 ἆπεπίαζε
813 3922 856 3984 M
855 3924 888 3986 S.
904 3922 1043 4004 Norfhlc.
1060 3923 1249 3996 ἇποπιέζεται
1263 3923 1463 4006 Exemplario

362 4021 450 4083 Edit.
473 4021 574 4105 steph.
594 4044 684 4105 peaes
705 4024 805 4086 Jortes.
824 4025 948 4107 Marpo‚
971 4028 1004 4086 et
1023 4023 1191 4106 Hepesippi
1212 4024 1354 4105 Eecept.
1371 4023 1460 4087 Bodl.

363 4121 514 4197 ἆποπιέζει
530 4124 677 4208 Georpius
691 4131 734 4198 ct,
750 4146 834 4188 nune
849 4125 1005 4188 reserante
1022 4126 1176 4200 Burtono‚
1192 4123 1278 4186 codd.
1290 4125 1372 4186 Par.
1389 4146 1413 4188 1.
1427 4133 1462 4189 ct

371 4225 470 4286 Vener.
508 4223 571 4287 Sed
587 4225 681 4300 ἐπίεζε
698 4225 764 4289 sine
781 4229 814 4288 ἓν
828 4234 904 4289 ante
920 4223 943 4310 ᾦ
958 4225 1086 4310 Nicepl.
1124 4225 1283 4289 Caetemm
1298 4226 1339 4288 de
1354 4225 1461 4289 Rufini

362 4325 627 4409 interpretatione
650 4329 825 4390 notandum
851 4336 912 4403 est,
935 4328 1177 4412 imprimendum
1204 4347 1331 4390 curasse
1353 4328 1462 4410 Rufini

362 4426 518 4490 editorem
545 4426 741 4491 Oacciarium
755 4428 889 4510 sullanis
913 4450 972 4513 pro
988 4430 1074 4512 fullo
1099 4436 1133 4491 et
1157 4437 1247 4490 cester
1272 4449 1330 4511 pro
1352 4450 1399 4491 res
1423 4452 1463 4492 ex

362 4528 508 4590 omnibus
519 4529 622 4592 Vatie.
634 4530 812 4600 codicibus;
835 4538 932 4613 atque
947 4530 1066 4593 hebere
1081 4528 1187 4592 Rufini
1204 4530 1355 4605 codicem,
1368 4552 1460 4613 quem

361 4629 523 4692 adservari
539 4631 710 4693 memoravi
725 4632 758 4694 in
773 4631 912 4716 Collegio
928 4641 1038 4696 nostro
1054 4632 1087 4695 S.
1101 4631 1317 4715 Magdalenae‚
1335 4642 1361 4694 et
1383 4654 1462 4696 cnm

361 4754 397 4794 cc
420 4731 496 4815 ipsis
518 4738 650 4814 arrepto
674 4732 758 4796 fuste
779 4731 914 4812 lullonis,
937 4755 996 4816 pro
1018 4733 1158 4817 vulgato,
1180 4743 1208 4796 et
1230 4755 1309 4796 enus
1329 4755 1365 4796 νν
1386 4734 1462 4815 ipsse
