3809 5650
483 689 547 753 llo·
855 687 1213 753 ANNOTATIONES

524 838 564 901 P.
586 857 653 921 115.
670 837 689 899 l.
711 837 758 898 18.
783 838 816 898 ἓν
838 840 873 922 τῇ
897 839 1006 921 τριετίᾳ
1031 842 1162 924 τῇμετὰ
1188 839 1221 901 τὸ
1246 836 1416 920 βάπτισμα]
1465 837 1516 901 Ex
1540 861 1579 902 eo

480 940 566 1023 quod
580 938 621 1002 ab
636 936 794 1002 usitatiori
809 938 859 1001 hio
882 938 1056 1002 disceditur
1079 939 1184 1002 saeculi
1204 939 1297 1022 hujus
1320 940 1490 1015 sententia,
1507 961 1581 1022 quae

481 1060 579 1102 unum
614 1045 742 1102 tantum
779 1039 957 1102 Dominicae
994 1039 1210 1123 praedicationi
1247 1061 1366 1103 annum
1403 1041 1580 1113 statuebat,

483 1145 590 1225 potest
619 1139 755 1203 suboriri
780 1143 898 1206 νοθείας
932 1140 1041 1225 aliqua
1071 1140 1208 1224 suspicio
1238 1140 1271 1202 in
1300 1140 1384 1203 hunc
1416 1141 1582 1205 Melitonis

481 1241 606 1304 librum.
637 1242 741 1322 Quum
750 1263 824 1304 vero
839 1241 871 1304 in
886 1242 950 1305 alis
963 1264 1094 1326 prorsus
1108 1242 1245 1305 abierint
1256 1241 1340 1306 circa
1354 1243 1437 1305 hanc
1457 1265 1535 1319 rem,
1546 1251 1583 1307 ut

484 1342 524 1407 de
533 1343 720 1408 Tertulliani
730 1343 877 1428 opinione
886 1343 1008 1420 sileam,
1019 1342 1168 1416 Ircnaeus,
1179 1343 1412 1427 discipulusque
1422 1346 1490 1427 ejus
1501 1345 1582 1429 Hip-

483 1445 619 1530 polytus,
632 1454 665 1508 et
676 1444 840 1529 Origenes,
853 1467 892 1507 ex
908 1445 1022 1528 quibus
1033 1447 1175 1509 Irenaeus
1187 1445 1220 1506 in
1231 1445 1285 1508 lib.
1296 1444 1329 1507 ii.
1343 1446 1455 1508 Contra
1463 1446 1580 1508 Hoeres.

483 1568 552 1632 cap.
581 1566 632 1610 ιι.
658 1547 698 1611 al.
724 1566 774 1631 29.
800 1546 1062 1610 Valentinianum
1091 1546 1270 1630 opinionem
1299 1553 1435 1609 mortem
1462 1546 1581 1610 Christi

483 1648 670 1712 duodecimo
691 1655 766 1733 post
787 1647 982 1733 baptismum
1011 1646 1111 1711 mensi
1136 1647 1352 1731 assignantem
1385 1647 1581 1723 confutavit3

483 1750 680 1836 Hippolytus
700 1757 809 1814 autem
832 1749 865 1811 in
880 1750 999 1833 Ietcrp.
1022 1771 1081 1812 sua
1102 1749 1137 1811 ν’νι
1151 1749 1312 1812 Danielem
1328 1752 1357 1829 ξ.
1370 1769 1400 1826 4.
1418 1748 1583 1812 Christum

482 1852 577 1916 docet
588 1851 753 1916 advenisse
761 1873 845 1915 anno
856 1850 966 1914 mundi
977 1866 997 1934 5
1000 1866 1073 1935 530,
1084 1871 1213 1935 passum
1224 1871 1299 1913 vero
1311 1871 1379 1913 esse
1390 1871 1475 1913 anno
1484 1865 1583 1934 5533.

482 1952 697 2038 Origenesque
711 1953 812 2016 Οοτιιτ.
831 1951 949 2015 (lehem
970 1950 1025 2014 lib.
1042 1951 1073 2014 ii.
1096 1973 1165 2035 cap.
1185 1970 1234 2014 12.
1257 1974 1287 2035 p.
1305 1967 1381 2036 397.
1403 1952 1454 2014 ed.
1469 1951 1582 2013 Delar.

482 2075 515 2138 p.
531 2056 583 2135 67.
599 2055 649 2116 ed.
671 2053 830 2138 Spenoeri,
853 2052 951 2116 habet
977 2052 1074 2130 istud,
1101 2055 1118 2114 ὁ
1141 2055 1174 2115 δὲ
1188 2051 1300 2119 Ἰούδας
1323 2055 1404 2133 παρὰ
1424 2056 1464 2137 τῷ
1479 2049 1583 2130 Ἰησοῦ

482 2154 551 2217 οὐδὲ
567 2156 633 2235 τρία
653 2153 806 2235 διέτριψεν
821 2154 883 2231 ἔτη,
899 2159 1010 2216 notam
1025 2152 1098 2216 inde
1113 2152 1197 2236 affigi
1215 2154 1331 2219 νοθείας
1345 2153 1418 2217 huic
1438 2154 1526 2237 operi
1542 2154 1582 2216 do

484 2255 709 2319 incarnatione
732 2254 851 2318 Christi
873 2254 960 2318 haud
983 2261 1155 2339 oporteret.
1204 2254 1379 2319 videantur
1397 2255 1436 2318 de
1458 2255 1582 2338 reipsa

483 2361 687 2420 controversa
706 2355 817 2439 nuperi
831 2355 1003 2438 scriptores
1018 2354 1203 2418 Priestloius
1217 2361 1251 2418 et
1272 2354 1479 2431 Newoomius,
1504 2377 1583 2439 quos

483 2467 592 2522 tamen
602 2456 770 2542 pariterac
786 2456 952 2520 Nicolaum
962 2457 1130 2532 Mannum,
1145 2455 1299 2541 insignem
1314 2457 1479 2520 sententiae
1494 2458 1581 2541 apud

483 2559 601 2624 multos
623 2566 746 2623 veteres
768 2565 904 2642 receptae
926 2558 1081 2622 vindicem
1102 2565 1134 2622 et
1155 2564 1231 2622 ante
1252 2557 1453 2622 Priestloium
1472 2558 1582 2621 reduc-

484 2664 598 2738 torem,
624 2660 676 2723 hio
707 2661 872 2725 Melitonis
896 2660 984 2723 locus
1009 2659 1101 2742 fugit.
1160 2658 1270 2743 Neque
1299 2657 1466 2743 Hippolyti
1495 2660 1583 2723 locus

483 2762 585 2827 eidem
607 2762 772 2827 Priestleio
794 2761 1011 2827 Newoomiove
1029 2768 1124 2825 notus
1142 2760 1213 2837 luit,
1233 2760 1266 2822 in
1288 2783 1382 2845 opere
1399 2769 1508 2826 tamen
1528 2785 1582 2827 ex-

482 2870 565 2940 tans,
578 2864 664 2947 quod
678 2886 763 2928 anno
782 2880 861 2945 1772
878 2863 991 2927 Romae
1001 2863 1070 2948 jam
1085 2863 1206 2926 editum
1217 2862 1330 2926 luerat.

527 2964 565 3028 P.
587 2984 656 3032 122.
678 2965 700 3027 l.
715 2985 745 3049 3.
773 2965 853 3029 Haec
876 2965 989 3029 attulit
1013 2964 1205 3028 Anastasius
1233 2964 1303 3048 hc]
1342 2964 1439 3027 Haud
1466 2986 1582 3028 memo·

482 3075 583 3140 ratur,
606 3073 644 3129 ut
658 3065 734 3142 dixi,
751 3066 915 3130 Melitonis
931 3066 1010 3129 libor
1031 3065 1091 3129 iste
1112 3065 1291 3149 inscriptus,
1304 3066 1353 3128 Da
1363 3067 1583 3130 Inccmsclioee

486 3166 609 3243 Christi,
639 3169 706 3248 περὶ
729 3170 908 3248 οαρκῶσεως
930 3171 1072 3248 Χριστοῦ,
1100 3166 1132 3228 in
1156 3166 1258 3229 indice
1287 3187 1418 3250 operum
1444 3167 1511 3252 ejus
1541 3190 1581 3231 ex

482 3267 620 3331 Eusebio
635 3269 730 3330 modo
744 3267 895 3343 adduct0,
910 3289 1012 3352 neque
1025 3267 1123 3330 etiam
1142 3266 1225 3330 alter
1245 3266 1297 3331 ille
1314 3268 1351 3329 de
1364 3269 1522 3347 Persicae,
1541 3292 1581 3333 ox

481 3389 544 3452 quo
566 3390 669 3452 pauca
683 3368 790 3442 verba,
815 3390 885 3451 quae
900 3368 1062 3452 descripsi,
1079 3367 1162 3430 idern
1184 3368 1277 3431 affert
1293 3368 1496 3445 Anastasius,
1511 3393 1580 3454 cap.

482 3469 535 3532 xii.
548 3490 578 3552 p.
593 3470 664 3533 216.
711 3468 792 3532 Haeo
810 3490 883 3532 vero
899 3470 1088 3552 fragmenta,
1106 3490 1177 3532 oum
1200 3468 1357 3553 fugissent
1383 3469 1580 3535 Halloixiurn

482 3570 514 3632 in
527 3571 588 3633 Vir.
601 3571 635 3632 S.
646 3569 813 3645 Melitonis,
824 3570 915 3632 video
926 3570 1129 3634 Gallandium
1141 3570 1173 3631 in
1179 3570 1366 3634 Bibliotheca
1377 3594 1435 3635 sua
1444 3572 1580 3635 Patrem

480 3670 678 3755 reposuisse3
701 3691 834 3753 quorum
849 3671 1007 3734 dictorum
1027 3671 1114 3756 prius
1133 3670 1210 3734 illud
1233 3671 1350 3736 Canius
1368 3673 1401 3735 in
1417 3674 1498 3737 Her.
1515 3676 1579 3739 Lit.

480 3772 539 3838 sub
555 3772 708 3849 Melitene,
724 3778 757 3835 et
773 3771 909 3835 Grabius
923 3772 955 3833 in
972 3771 1066 3836 Notis
1080 3774 1122 3835 ad
1137 3772 1226 3835 Balbi
1238 3774 1349 3857 Opera,
1365 3774 1578 3859 protulerant.

482 3882 501 3911 ‘⁸
519 3874 750 3959 Fragmentum
761 3872 864 3957 ipsum
879 3872 998 3957 (inquit
1013 3871 1144 3955 Gavius)
1157 3895 1229 3937 cum
1244 3874 1286 3938 sit
1301 3874 1460 3958 quantivis
1475 3878 1580 3960 pretii,

481 3982 501 4011 “
517 3995 776 4060 necsquoquam,
784 3974 982 4059 quodetiam,
991 3974 1088 4038 etiam
1095 3975 1334 4061 diligentissimo
1342 3976 1433 4040 Fidei
1441 3976 1580 4042 Nicaeuae

482 4077 681 4141 “defensore
707 4076 740 4138 in
765 4075 903 4139 medium
932 4076 1104 4159 prolatum,
1131 4077 1291 4163 integrum
1315 4078 1366 4142 hic
1393 4079 1580 4162 deponan1.”

480 4180 564 4244 Tum
586 4181 697 4244 eodem
721 4180 871 4256 adducto,
895 4181 1074 4254 exclamat;
1100 4181 1254 4245 “Noteut
1283 4180 1351 4245 haec
1377 4181 1578 4265 Eutychiani,

480 4288 501 4321 “
517 4282 653 4346 duarum
668 4283 700 4345 in
710 4281 839 4346 Christo
849 4288 1036 4346 naturarum
1051 4287 1308 4368 oppugnatores;
1326 4287 1439 4346 notent
1455 4280 1578 4356 Ariani,

479 4391 500 4423 “
517 4390 551 4447 et
573 4383 628 4467 qui
642 4383 749 4447 Socini
771 4384 811 4447 de
832 4404 928 4468 grege
944 4380 1119 4449 Dominum
1136 4393 1282 4448 nostrum
1302 4383 1406 4448 Deum
1424 4405 1532 4446 verum
1546 4390 1580 4446 et

478 4490 500 4521 “
515 4485 741 4568 sempiternum
757 4506 825 4548 esse
837 4487 1004 4568 praefracte
1020 4508 1136 4571 negare
1150 4508 1214 4550 non
1228 4486 1408 4550 verentur.'’
1437 4485 1579 4549 Grabius

478 4604 574 4669 porro
588 4584 713 4648 larix
728 4585 876 4650 dubitare
893 4607 927 4649 se
940 4585 997 4662 ait,
1014 4588 1090 4650 dum
1105 4587 1228 4651 confert
1242 4588 1310 4651 haec
1327 4586 1491 4651 Melitonis
1506 4605 1578 4650 oum

477 4685 546 4748 loco
570 4707 650 4769 pene
672 4685 802 4768 aqualis
823 4687 964 4750 auctoris
985 4688 1071 4772 apud
1094 4688 1211 4752 Euseb.
1234 4688 1321 4752 Hist.
1342 4686 1427 4751 noct.
1447 4686 1479 4750 b.
1495 4710 1525 4751 v.
1550 4709 1577 4751 ο.
