3809 5650
429 617 497 689 xiv
813 618 1111 703 PRAEFATIO.

427 828 540 899 terea
571 818 687 914 duos,
717 816 760 898 in
792 845 915 925 opere
943 848 1019 903 suo
1051 825 1105 908 de
1126 831 1309 921 Parrum
1337 846 1491 933 Orien.

425 952 569 1034 talium
607 954 711 1034 Vitis
742 952 904 1060 pridem
934 955 1168 1068 collegerat.
1229 971 1340 1058 Octo
1372 981 1486 1086 istos,

423 1090 577 1170 additis
597 1118 710 1170 nunc
735 1087 827 1169 aliis
845 1089 931 1172 fere
955 1095 1113 1204 viginti,
1137 1101 1226 1185 haec
1247 1108 1336 1193 duo
1365 1120 1486 1204 volu.

423 1225 537 1307 mina
573 1240 712 1306 nostra
746 1238 957 1333 praestant.
1017 1231 1154 1316 Ceteri
1190 1269 1335 1328 omnes
1364 1258 1482 1362 apud
1519 1314 1523 1321 .

422 1390 490 1442 me
522 1360 665 1470 parati,
703 1389 785 1441 una
819 1389 914 1441 cum
948 1369 1176 1473 appendice
1209 1388 1479 1483 quorundam

422 1495 717 1606 opusculorum
757 1509 884 1605 atque
919 1499 1104 1583 indicum
1139 1519 1480 1623 necessariorum,

420 1632 638 1714 conatibus
664 1632 768 1712 meis
796 1632 829 1712 si
860 1633 976 1713 Deus
1004 1642 1209 1740 annuerit,
1232 1671 1478 1760 sequentur,

420 1769 584 1851 duobus
604 1770 751 1850 itidem
773 1765 1053 1852 voluminibus
1072 1776 1265 1862 conclusi.

477 1905 535 1986 Et
555 1933 664 2000 vero,
684 1903 763 1984 nisi
790 1932 857 1984 me
884 1905 965 1983 mei
993 1907 1121 1988 animi
1141 1911 1250 1995 fallit
1269 1924 1474 2029 studium,

419 2042 518 2150 ipsae
539 2041 605 2121 hae
630 2039 941 2149 deperditorum
962 2055 1126 2148 patrum
1154 2048 1353 2162 reliquiae,
1373 2092 1470 2149 cum

417 2207 470 2259 ex
516 2176 666 2258 ultima
711 2175 947 2258 Christiana
992 2179 1244 2288 antiquitate
1281 2193 1470 2283 collectae

417 2314 512 2411 sint,
532 2311 759 2395 commodis
779 2325 906 2420 atque
926 2311 1100 2395 utilitati
1124 2321 1304 2404 servient
1329 2325 1465 2415 homi·

417 2478 519 2530 num
536 2446 758 2556 theologiae
774 2475 940 2556 operam
955 2448 1159 2547 dantium,
1174 2455 1246 2562 qui
1262 2454 1466 2551 librorum

415 2586 653 2667 divinorum
696 2582 874 2690 origines
907 2596 950 2664 et
988 2596 1153 2681 statum,
1187 2605 1365 2676 veterem
1406 2601 1468 2711 ip-

414 2751 553 2806 sorum
576 2720 978 2830 interpretationem,
1002 2749 1097 2802 vera
1115 2752 1162 2805 ac
1183 2742 1381 2837 perpetua
1400 2765 1465 2819 eo

413 2862 549 2946 clesiae
579 2860 787 2970 dogmata,
816 2855 939 2938 simul
970 2870 1014 2939 et
1041 2858 1321 2946 ecclesiasticae
1342 2869 1461 2955 disci.

413 2998 539 3110 plinae
573 2997 759 3091 formam,
793 2994 953 3075 rituum
987 3008 1113 3088 ortus,
1151 3025 1295 3107 resque
1326 3020 1462 3112 gestas

412 3152 602 3220 veterum
637 3133 982 3225 Christianorum,
1011 3133 1138 3241 probe
1166 3143 1306 3217 tencre
1333 3153 1460 3253 atque

410 3271 655 3381 intelligere,
670 3270 734 3350 sui
751 3295 838 3349 esse
853 3267 1036 3347 muneris
1052 3267 1299 3352 existiment.
1335 3275 1458 3361 Certe

409 3413 452 3493 in
478 3411 558 3492 hoe
576 3436 729 3519 genere
749 3404 964 3489 literarum
980 3406 1183 3514 egregiam
1207 3406 1305 3489 olim
1329 3439 1454 3496 nava·

407 3551 509 3631 bant
548 3571 715 3656 operam
761 3539 955 3650 theologi,
998 3540 1203 3650 praecipue
1245 3559 1455 3632 nostrates.

405 3686 586 3796 Magnos
601 3694 731 3766 testor
750 3680 868 3774 viros,
888 3677 1114 3766 Usserium,
1132 3676 1453 3782 Hammondum,

406 3820 688 3915 Pearsonium,
719 3816 804 3926 qui,
826 3828 874 3894 ut
902 3812 1004 3894 alios
1036 3840 1059 3893 e
1089 3826 1227 3895 nostra
1254 3828 1376 3923 gente
1407 3818 1448 3900 in

401 3963 548 4046 eadem
578 3984 704 4041 arena
733 3980 827 4035 cum
858 3948 1011 4059 insigni
1039 3946 1162 4029 laude
1187 3963 1362 4033 versatos
1390 3964 1450 4034 ta-

399 4129 526 4197 ceam,
546 4091 821 4180 ecclesiastica
840 4088 1030 4171 doctrina
1059 4083 1259 4194 reliquam
1277 4084 1446 4194 gloriam

399 4235 734 4322 cumulaverunt.
797 4226 947 4336 Neque
980 4225 1032 4306 ab
1064 4220 1175 4304 hisce
1208 4221 1333 4303 musis
1366 4235 1446 4305 tres

400 4372 457 4454 illi
480 4370 613 4452 critici
634 4366 898 4449 abhorruisse
919 4363 1123 4455 videntur,
1143 4357 1292 4467 quibus
1317 4384 1444 4438 assur-

395 4539 492 4616 goro
527 4506 631 4590 solut
674 4508 863 4588 universa
897 4500 1154 4584 literatorum
1190 4495 1341 4590 cohors,
1373 4494 1442 4575 Jo-
