3809 5650
529 685 579 749 IN
603 685 869 751 FRAGMENT.
894 688 1079 754 INOERTI
1105 688 1375 754 scurr'roms.
1443 694 1506 755 403

404 864 424 891 “
441 855 538 918 eiliari
554 855 656 919 eidem
672 877 767 939 quam
782 855 901 940 optime
916 857 1051 933 valeant,
1063 858 1139 942 quid
1152 879 1209 921 nos
1221 858 1305 924 ultra
1318 859 1505 938 morabitur,

404 965 424 992 ‘⁶
440 979 502 1041 quo
526 959 630 1021 minus
656 957 718 1021 hoe
744 958 945 1022 veneratione
971 958 1189 1043 dignissimum
1214 959 1432 1044 Antiquitatis
1456 970 1506 1026 eess

404 1067 424 1095 ‘⁴
443 1058 626 1122 elesiastioae
652 1065 892 1122 monumentum
918 1059 1022 1122 denuo
1044 1058 1272 1123 revindieemus
1295 1058 1372 1123 Gaio
1395 1058 1506 1134 veteri,

407 1169 427 1196 “
443 1161 493 1224 eui
515 1169 567 1225 tot
589 1161 665 1224 illud
689 1162 829 1225 rationes
846 1161 1017 1238 vindicant,
1033 1162 1080 1238 iis,
1096 1183 1167 1245 quas
1189 1183 1229 1224 ex
1250 1161 1383 1225 adverso
1405 1167 1504 1238 stant,

405 1269 426 1299 “
442 1262 641 1337 sufficienter,
657 1264 742 1348 quod
756 1264 907 1340 arbitror,
923 1263 1064 1327 solutis.”
1112 1264 1194 1326 Haeo
1209 1262 1260 1325 ille
1276 1261 1412 1347 quidem.

449 1373 467 1400 “
482 1365 508 1426 A
512 1387 552 1448 ge
564 1367 669 1441 vero,’'
680 1366 728 1430 ait
738 1365 945 1442 Muratorius,
958 1373 978 1402 “
986 1366 1054 1449 jam
1065 1365 1262 1448 proferamus
1277 1364 1506 1448 Fragmentum

404 1474 423 1500 “
442 1466 544 1549 ipsum
566 1467 812 1531 evetustissimo
835 1467 942 1530 codiee
959 1466 1172 1529 Ambrosiano
1194 1466 1391 1549 deoerptum,
1406 1472 1504 1549 atque

405 1566 516 1628 “illud
535 1569 730 1630 eruditorum
752 1568 891 1630 omnium
914 1567 1051 1631 examini
1073 1566 1286 1651 subjiciamus,
1302 1567 1423 1630 nullum
1448 1568 1503 1630 de-

406 1677 426 1703 “
442 1671 555 1732 mondo
569 1692 608 1733 ex
624 1670 793 1744 erroribus,
807 1669 920 1752 quibus
932 1669 1132 1732 librariorum
1143 1667 1303 1752 imperitia
1314 1667 1505 1751 scripturam

407 1771 600 1835 “saturavit
626 1778 722 1855 atquo
748 1769 891 1844 l'oedavit,
915 1791 1096 1853 quenquam
1121 1768 1199 1832 nihil
1221 1769 1243 1833 ii
1265 1769 1405 1845 obstent,
1429 1790 1506 1852 quo-

407 1878 429 1906 “
445 1870 548 1933 miuus
571 1871 707 1954 pretium
729 1870 774 1932 rei
795 1870 1038 1955 intelligamus.'’
1083 1870 1135 1934 Sio
1155 1869 1227 1944 ille;
1251 1869 1351 1933 itaet
1373 1868 1411 1931 ol.
1434 1871 1506 1931 Sto-

405 1972 510 2034 sehius
527 1973 756 2056 Fragmentum
776 1994 845 2035 eum
862 1971 1007 2034 omnibus
1021 1970 1144 2034 mendis
1159 1977 1256 2053 atque
1272 1968 1432 2033 erroribus
1452 1991 1505 2032 ex·

406 2074 528 2148 hibuit;
553 2074 645 2138 siouti
660 2074 736 2137 feeit
752 2073 937 2137 Gallandius
953 2072 985 2136 in
999 2078 1087 2136 tomo
1103 2072 1134 2135 ii.
1144 2070 1337 2135 Bibliotheca
1348 2091 1413 2133 suae
1425 2070 1504 2133 PP.

405 2177 458 2240 ubi
481 2177 512 2240 in
538 2178 610 2241 Oai-i
630 2177 824 2261 Frayrrteatie
845 2176 922 2240 illud
945 2176 1122 2241 oollooavit.
1171 2175 1304 2240 Utinam
1327 2171 1505 2256 corrigendi

405 2280 541 2342 officium
557 2279 613 2342 viri
629 2279 745 2343 eruditi
761 2279 793 2340 in
808 2300 842 2341 se
857 2278 1078 2362 suscepissent.
1124 2277 1229 2357 Quum
1243 2297 1317 2340 vero
1332 2275 1452 2338 laetum
1472 2273 1506 2337 id

404 2401 467 2442 non
483 2382 586 2454 fuerit,
598 2388 811 2464 praeterquam
827 2379 911 2463 quod
926 2381 958 2442 in
972 2378 1128 2441 nonnullis
1140 2377 1226 2455 loeis,
1240 2399 1371 2461 quorum
1382 2375 1506 2440 saoilior

403 2490 474 2545 erat
488 2482 676 2555 emendatio,
693 2481 731 2543 el.
749 2480 955 2544 Freindaller.
967 2482 1196 2564 Fragmentum
1209 2478 1411 2542 membratim
1422 2485 1506 2541 trao-

404 2584 503 2645 tando
525 2605 630 2645 veram
656 2583 846 2666 scripturam
869 2583 1028 2667 reposuit3
1051 2583 1104 2661 τὴν
1127 2582 1263 2661 raderer
1287 2602 1346 2663 ego
1368 2580 1505 2661 adeptus

404 2707 485 2760 snm,
503 2706 597 2767 quam
612 2684 732 2768 priores
747 2683 790 2749 illi
805 2684 909 2746 adhue
924 2684 1099 2747 ornandam
1111 2682 1316 2764 reliquerunt.
1358 2681 1415 2741 An
1429 2677 1505 2740 boui

405 2785 481 2870 qnid
503 2806 543 2849 ex
564 2784 612 2848 his
631 2784 732 2849 literis
755 2791 824 2848 tam
848 2784 931 2849 foede
955 2782 1133 2848 immutatis
1156 2778 1311 2876 expiscari
1334 2777 1503 2864 potuerim,

403 2887 535 2950 aliorum
548 2887 702 2971 judicium
718 2893 796 2951 esto.

447 2989 624 3073 Postquam
643 3011 716 3052 vero
738 3011 758 3051 a
779 3009 831 3051 me
852 2987 974 3051 editum
997 2994 1068 3050 erat
1091 2985 1151 3049 hoo
1168 2985 1410 3068 Fragmentum,
1425 3004 1504 3067 opus

405 3091 661 3154 Muratorianum
692 3088 867 3153 Mediolani
896 3087 981 3172 typis
1006 3087 1203 3171 impressum,
1232 3085 1316 3148 unde
1341 3084 1425 3147 idem
1451 3084 1504 3145 de-

403 3214 609 3277 sumpseram,
625 3213 696 3255 eum
718 3191 815 3253 MSto
832 3188 992 3267 Bobiensi,
1008 3209 1090 3251 nuno
1106 3184 1331 3256 Ambrosiano,
1348 3205 1411 3269 quo
1432 3182 1500 3266 qui·

403 3295 476 3357 dem
491 3317 554 3357 uno
569 3316 644 3356 usus
659 3302 708 3358 est
722 3290 928 3366 Muratorius,
945 3290 1086 3354 conferre
1107 3288 1258 3373 dignatus
1277 3291 1327 3349 est
1345 3284 1393 3347 vir
1412 3305 1503 3346 orna·

402 3395 552 3470 tissimus,
566 3394 686 3458 etmihi
699 3394 775 3456 dum
785 3393 904 3456 viveret
912 3390 1129 3468 amicissimus,
1141 3388 1297 3473 Georgius
1310 3387 1399 3452 Frid.
1410 3385 1440 3448 N
1443 3392 1503 3461 ott,

400 3498 543 3581 pluribus
558 3495 684 3580 seriptis
697 3493 819 3559 eximiis
834 3493 904 3557 orbi
918 3493 1064 3557 litterato
1079 3498 1183 3555 notus.
1222 3489 1330 3572 Hujus
1345 3509 1428 3551 nune
1444 3507 1504 3570 ope

401 3598 647 3674 convenientius,
664 3618 760 3681 quam
775 3596 859 3672 olim,
876 3617 947 3659 oum
964 3594 1070 3658 codiee
1090 3592 1209 3676 scripto
1226 3590 1456 3674 Fragmentum
1470 3587 1507 3650 in

401 3701 478 3764 loeis
493 3699 649 3763 nonnullis
663 3704 893 3783 repraesentare
907 3696 984 3760 mihi
999 3695 1096 3759 lieuit.

773 3849 1077 3889 -4-

444 4000 482 4064 Ρ.
497 4019 572 4084 394.
587 4000 608 4061 l.
625 4018 730 4081 7.
747 3996 861 4080 quibus
884 4004 992 4056 tamen
1007 3989 1167 4074 interfuit]
1186 3988 1220 4053 Si
1236 3987 1357 4052 Christi
1373 3984 1506 4049 Domini

400 4125 452 4165 res
477 4109 586 4186 gestae,
607 4122 671 4162 non
697 4098 756 4182 ipsi
786 4094 923 4178 apostoli
952 4093 1032 4176 ejus,
1057 4091 1109 4154 hie
1136 4090 1351 4173 designentur,
1378 4093 1505 4149 eontra-

400 4202 517 4265 dixerit
531 4199 700 4283 fragmenti
715 4200 839 4261 Auctor
854 4193 975 4278 Papiae,
992 4191 1056 4275 qui,
1072 4199 1109 4254 ut
1125 4211 1221 4275 supra
1241 4211 1274 4273 p.
1291 4209 1340 4273 13·
1356 4187 1502 4263 vidimus,

400 4314 539 4368 veterem
563 4303 699 4384 aliquem
721 4298 942 4382 presbyterum
964 4300 1091 4357 secutus
1110 4293 1258 4355 Mareum
1280 4289 1430 4373 negabat,
1444 4294 1502 4351 aut

400 4405 503 4488 ipsum
519 4403 690 4467 Dominum
712 4398 877 4474 audivisse,
900 4404 959 4460 aut
978 4400 1136 4458 sectatum
1155 4414 1243 4467 esse3
1266 4389 1350 4474 quod
1373 4388 1504 4474 quidem

399 4529 440 4568 ex
463 4528 517 4569 ore
541 4501 717 4588 presbyteri
740 4498 876 4583 aPapia
898 4504 1066 4582 aceeptum
1087 4494 1161 4558 dein
1184 4493 1416 4576 Hieronymum
1437 4489 1502 4554 sul-

399 4607 500 4691 fragio
518 4627 575 4668 suo
595 4602 809 4668 stabilientem
829 4599 928 4663 habes
949 4598 981 4660 in
998 4596 1159 4662 Prooemio
1179 4591 1392 4659 Cemnrrrrtarie‘
1411 4613 1508 4676 super·

397 4705 590 4770 Mattdaeum.
636 4703 741 4770 Taeoo
756 4702 795 4765 de
813 4699 884 4764 aliis
897 4698 1060 4783 patribus.
1105 4698 1225 4764 Temen
1247 4715 1400 4781 perquam
1422 4699 1503 4757 uota

895 4819 915 4882 3
933 4823 949 4861 r
967 4820 985 4865 2
