3809 5650
398 657 463 717 418
775 652 1128 718 ANNOTATIONES

394 822 519 908 gorieos
544 829 613 884 tam
638 819 797 903 porrecta
818 843 914 905 quam
936 822 1079 906 religioni
1102 819 1292 904 aptissimus
1308 817 1504 892 habebatur,

396 925 480 988 unde
495 922 628 1006 Etymcl.
643 923 754 1006 Maga.
770 921 893 997 ‘Barba
909 924 968 987 ἀπὸ
984 930 1036 987 τοῦ
1054 922 1149 1001 σέβω,
1166 921 1279 988 acarde
1296 946 1341 986 τις
1358 921 1446 991 οὖσα,
1464 920 1507 985 ὡς

397 1025 473 1097 θεία,
498 1025 546 1086 καὶ
569 1023 697 1103 ἀμήτωρ,
723 1024 771 1086 καὶ
794 1023 949 1104 πάρθενος,
978 1023 1093 1087 similia
1114 1030 1223 1087 tamen
1245 1023 1277 1084 in
1299 1021 1423 1085 docimo
1445 1042 1506 1083 nn-

395 1146 484 1189 mero
504 1131 645 1188 sectatus
666 1130 717 1187 est
740 1124 857 1208 Glycas
876 1125 909 1188 in
931 1124 1118 1201 Annalibus,
1139 1131 1311 1210 propterea
1332 1123 1418 1206 quod
1442 1145 1504 1186 ιιιι-ι

396 1248 501 1289 merus
527 1247 653 1310 quoque
683 1225 833 1290 denarius
862 1227 905 1291 sit
935 1228 1104 1311 perfectus.
1131 1225 1275 1311 partili.
1303 1248 1333 1309 p.
1351 1243 1424 1308 225.
1450 1225 1504 1288 ed.

399 1327 542 1390 Labbaei.

441 1430 480 1491 P.
497 1431 573 1512 396.
598 1427 618 1491 l.
634 1446 666 1511 5.
686 1426 776 1512 duoe]
798 1430 892 1491 Datos
908 1450 980 1491 cum
996 1428 1214 1492 Freindallere
1228 1427 1402 1514 reponend.
1448 1425 1505 1489 lta

396 1529 542 1593 similiter
556 1529 777 1614 corrigendum
791 1536 841 1592 est
856 1530 951 1613 paulo
966 1529 1049 1592 inira
1063 1529 1105 1593 ad
1120 1529 1141 1593 l.
1158 1533 1205 1593 16.

442 1631 527 1694 lbid.
547 1631 567 1693 l.
585 1648 615 1711 7.
645 1631 678 1693 in
701 1630 901 1694 ordinatione
931 1631 1152 1694 ecclesiasticae
1178 1630 1353 1714 disciplinae
1384 1629 1504 1693 sancti·

396 1732 501 1796 fioatae
516 1732 603 1816 sunt]
620 1733 680 1796 Ait
695 1731 909 1795 Tertullianus
923 1732 985 1795 fine
995 1732 1068 1795 libri
1079 1733 1127 1795 sui
1138 1732 1197 1795 ult.
1209 1732 1279 1795 ade.
1289 1731 1504 1794 Marcionem:

397 1833 558 1898 Selilais
578 1833 711 1920 epistola
728 1834 807 1916 (scil.
825 1834 867 1897 ad
889 1833 1121 1912 Philemonem)
1139 1831 1268 1896 &cedes
1289 1854 1346 1895 aaa
1367 1832 1503 1917 profuit,

396 1936 595 2020 utsalsarias
606 1957 715 1999 manus
728 1935 903 1999 Marcionis
915 1935 1059 1998 maderet.
1104 1935 1211 1997 Miror
1224 1943 1334 2008 mmm,
1348 1954 1442 2017 qaam
1458 1933 1509 1996 ed

396 2058 492 2101 mmm
511 2038 660 2100 lomim
677 2036 924 2119 (Philemonem)
945 2035 1050 2098 literas
1060 2033 1173 2120 factas
1187 2034 1342 2118 maaria
1361 2033 1442 2118 qaod
1458 2033 1506 2097 ad

400 2138 587 2200 Timotheum
599 2137 686 2212 dees,
697 2145 725 2199 et
738 2159 832 2199 anam
847 2137 892 2199 ad
905 2137 1020 2212 Titum,
1036 2136 1076 2199 de
1091 2135 1302 2199 ecclesiastico
1313 2143 1402 2198 statu
1417 2156 1503 2198 cem-

397 2238 519 2321 pesitas
531 2238 719 2300 recuweeril.
745 2237 870 2300 Sicille.
904 2237 1111 2313 (letarumde
1122 2237 1252 2322 reliquis
1263 2236 1404 2322 epistolis
1416 2238 1502 2299 Pau-

398 2338 470 2400 linis
484 2339 544 2401 hoe
560 2339 684 2412 dicam;
709 2337 789 2401 (lum
803 2360 899 2401 manu
915 2338 1014 2422 ipsius
1029 2338 1121 2402 Pauli
1137 2346 1195 2402 aut
1210 2339 1338 2422 script'ae
1353 2338 1427 2414 sint,
1444 2346 1503 2403 aut

397 2438 543 2523 signatae,
567 2439 709 2523 epistolae
732 2461 841 2503 omnes
863 2439 932 2524 ejus
956 2441 1031 2523 (vid.
1053 2440 1124 2503 Gal.
1136 2439 1177 2503 vi.
1194 2461 1242 2503 11.
1258 2449 1292 2504 et
1311 2459 1329 2501 a
1349 2440 1446 2503 Thess.
1456 2439 1500 2503 iii.

402 2544 478 2625 17.)‚
494 2548 528 2604 et
550 2541 708 2625 ploraeque
730 2563 838 2605 aarum
861 2543 903 2605 ad
925 2543 1073 2607 ecelesias
1094 2543 1371 2627 frequentissimas,
1392 2559 1426 2605 et
1448 2542 1504 2604 dia

398 2651 512 2727 postea
525 2643 686 2719 florentes,
703 2644 808 2708 missoe
822 2644 898 2721 sint,
913 2646 945 2708 in
961 2646 1074 2728 quibus
1089 2645 1174 2729 ipsas
1190 2644 1316 2708 recitari
1331 2666 1401 2707 mos
1420 2650 1504 2720 erat,

399 2747 496 2828 (cons.
514 2747 620 2811 Uolcas.
635 2747 674 2810 iv.
695 2752 742 2810 16.
764 2771 836 2811 eum
859 2748 1004 2834 Dionysii
1019 2748 1175 2813 corinthii
1192 2748 1388 2832 Frapmcatrs
1406 2745 1504 2830 supra

399 2874 471 2937 pag.
492 2851 580 2937 180.)
607 2852 841 2936 earundemque
866 2852 1068 2915 ecelesiarum
1094 2852 1260 2937 plerasque
1287 2850 1407 2914 Paulus
1435 2849 1507 2934 ipsc

398 2975 509 3018 rursus
540 2953 696 3028 adiverit;
735 2954 819 3017 haud
847 2954 1058 3017 dubitandum
1086 2962 1145 3029 est,
1172 2953 1247 3038 quin
1277 2952 1330 3016 vix
1356 2951 1504 3035 cuiquam

399 3078 439 3120 cx
460 3054 698 3132 recentioribus,
722 3055 776 3139 qui
797 3054 864 3118 vita
880 3056 949 3139 jam
968 3055 1094 3118 iunctus
1114 3055 1222 3131 fuerit,
1244 3052 1381 3119 adscribi
1402 3051 1504 3137 possit

398 3156 596 3241 gravioribus
621 3177 659 3220 ac
689 3156 878 3220 certioribus
908 3156 1104 3240 argumentis
1129 3154 1227 3217 ullum
1255 3154 1383 3217 omnino
1413 3176 1504 3237 opus.

289 3295 291 3299 .
399 3258 496 3321 Adde
513 3258 597 3341 quod
615 3259 658 3322 ab
678 3258 861 3342 apostolicis
881 3280 981 3341 usque
1001 3256 1198 3341 temporibus
1218 3263 1377 3340 quotquot
1396 3277 1504 3338 super·

298 3357 303 3374 ¹
399 3364 475 3420 sunt
496 3356 699 3422 ecelesiastici
722 3358 893 3442 scriptores
915 3359 1010 3422 hasce
1030 3357 1183 3421 tredecim
1203 3357 1362 3441 epistolas,
1378 3363 1416 3419 ut
1431 3355 1504 3419 fidei

399 3456 620 3540 religionisque
636 3465 734 3521 testes
754 3480 792 3523 ae
811 3458 946 3544 regulas,
963 3458 1174 3544 protulerunt.
1215 3457 1265 3521 De
1281 3458 1373 3521 Pauli
1388 3457 1442 3520 illa
1461 3458 1505 3520 ad
1530 3530 1532 3534 ¹

401 3558 569 3635 Hebraeos,
580 3580 650 3642 quae
665 3560 707 3622 ab
718 3567 849 3623 auctore
861 3561 1047 3646 Fragmenti
1063 3561 1275 3644 praetermissa
1286 3567 1345 3636 est,
1355 3569 1393 3624 ut
1408 3581 1505 3643 supra

399 3660 441 3723 ad
454 3660 562 3723 Aaou.
575 3660 725 3725 Passarr.
742 3685 773 3747 p.
783 3666 859 3747 396.
878 3663 1022 3740 disserui,
1039 3665 1086 3728 ita
1101 3685 1225 3749 quoque
1240 3664 1280 3727 de
1300 3663 1411 3726 eadem
1429 3683 1505 3725 mex

401 3761 568 3826 dicendum
584 3770 642 3827 est.

446 3864 530 3928 lbid.
545 3864 567 3929 l.
579 3865 609 3928 8.
629 3865 671 3929 ad
693 3864 921 3942 Laudecenses,
940 3866 1002 3931 alia
1021 3867 1063 3930 ad
1084 3865 1331 3949 Alexandrinos]
1351 3866 1507 3930 Fortasse

401 3964 611 4043 scribendum,
632 3967 678 4030 «ul
697 3968 892 4032 laodicenses
913 3968 990 4042 elia,
1011 3968 1079 4032 alia
1100 3968 1145 4031 ad
1160 3967 1392 4031 Alexandrinos.
1432 3966 1504 4032 ssa

400 4067 506 4131 schius
520 4068 569 4132 Dc
585 4068 801 4133 OeneaeLibb.
818 4071 863 4133 N.
877 4071 912 4133 T.
928 4069 1165 4150 haecscribit§.
1177 4069 1276 4132 lvi.‘
1279 4070 1506 4133 ‘Memoratur

402 4168 497 4254 “igit
498 4191 537 4233 ur
551 4171 653 4254 primo
669 4171 802 4255 epistola
817 4171 963 4255 quaedam
979 4170 1071 4234 Pauli
1086 4171 1128 4234 ad
1149 4170 1359 4247 Laodicenos,
1375 4193 1446 4254 quae
1461 4172 1505 4235 ad

399 4276 422 4308 “
437 4270 583 4334 haeresim
595 4272 771 4335 Marcionis
785 4273 955 4355 pertineat
983 4271 1007 4334 J
1009 4294 1062 4335 am
1076 4293 1151 4335 vero
1166 4294 1205 4335 ex
1221 4271 1418 4335 Tertulliano
1429 4272 1502 4336 adv.

402 4376 423 4406 “
437 4369 595 4435 Marcion.
611 4371 664 4436 lib.
675 4395 704 4436 v.
721 4395 813 4458 capp.
828 4394 878 4435 11.
898 4389 946 4454 17.
964 4380 998 4437 et
1013 4372 1193 4457 Epiphanio
1209 4357 1334 4437 Haeresi
1346 4371 1411 4435 xlii.
1428 4394 1503 4435 con-

402 4476 423 4506 “
438 4478 514 4548 etat,
532 4472 728 4536 Marcionem
744 4473 797 4557 qui
811 4473 916 4537 medie
936 4474 1040 4537 seculo
1056 4497 1087 4538 11.
1108 4474 1242 4538 haeresin
1263 4495 1352 4538 suam
1373 4474 1503 4557 sparsit,

401 4577 423 4606 “
439 4571 605 4653 epistelam
626 4574 765 4658 aliquam
785 4575 828 4636 ad
851 4574 1045 4638 Laodicenos
1068 4575 1101 4637 in
1123 4597 1243 4638 canone
1266 4598 1324 4639 suo
1346 4576 1504 4641 habuisse.

402 4676 424 4709 “
440 4669 486 4735 Et
500 4694 679 4758 quanquam
700 4695 739 4737 ex
756 4674 943 4739 Tertulliani
964 4676 1067 4740 verbis
1087 4676 1152 4740 iere
1168 4677 1271 4761 colligi
1291 4678 1418 4753 debeat,
1433 4698 1504 4741 eam
