3809 5650
526 713 573 776 IN
599 712 863 778 FRAGMENT.
887 712 1072 781 INOERTI
1097 715 1369 782 SORIPTORIS.
1436 718 1500 782 407

400 883 496 962 σοφὸς
511 889 547 946 τὸ
560 888 626 946 θεῖα
637 882 910 968 νομοθετεΐ(Ρνον.
922 907 950 948 x.
966 884 1021 970 7.),
1028 888 1125 964 πόσην
1136 888 1194 966 ἄρα
1205 887 1245 971 τῷ
1258 886 1418 970 ἆποστόλῳ
1430 911 1501 949 συν·

401 991 584 1064 εισενεγκεῖν
595 982 738 1063 προσήκει
749 984 803 1062 τὴν
815 984 982 1064 &deuiam
997 991 1102 1049 τοῦτον
1113 990 1172 1067 γὰρ
1183 985 1225 1049 Ἦ
1239 992 1500 1050 ΔΙΚΑΙΟΣΎΝΗ

401 1083 449 1145 καὶ
472 1087 522 1160 τῆς
545 1085 713 1162 ἀποστολῆς
740 1085 833 1162 ἆξιον,
859 1086 907 1147 καὶ
929 1091 1014 1148 Tor
1035 1084 1277 1149 ἈΓΑΠΗΤΟΝ
1293 1085 1499 1150 ὈΦΘΗΝΑΙ

398 1189 457 1269 Τῼ
480 1189 632 1269 narum,
649 1187 847 1264 διαφερόντως
861 1188 1032 1266 πεποίηκεν.
1077 1187 1192 1250 Addas
1210 1186 1295 1270 quod
1315 1187 1390 1250 Vota
1408 1186 1501 1249 Glccs.

399 1291 555 1368 praestant
575 1287 697 1358 δίκαιον,
705 1285 769 1367 jus,
777 1285 905 1368 jactura.
950 1289 1044 1365 Quod
1059 1310 1134 1351 vero
1155 1288 1387 1352 emendaverint
1405 1310 1502 1352 secam

399 1409 458 1470 pro
472 1388 643 1463 madum,
655 1386 731 1449 illud
747 1387 882 1451 fortasse
894 1389 1118 1452 stabiliendum
1134 1411 1173 1452 ex
1185 1393 1254 1452 Aa.
1268 1393 1375 1472 Apost.
1386 1411 1437 1452 xv.
1448 1408 1502 1473 37.

401 1488 566 1552 Barnabas
579 1497 676 1551 cutem
691 1488 802 1552 colebat
817 1511 923 1552 seeum
938 1512 1099 1554 assumere
1113 1500 1140 1554 ct
1153 1491 1313 1567 Joaanem,
1329 1492 1383 1575 qui
1403 1513 1502 1574 copae-

400 1589 576 1653 miaclutcr
589 1592 728 1652 Marcus.
773 1590 823 1653 De
838 1591 1060 1654 emendatione
1074 1598 1182 1655 autem
1197 1591 1282 1655 vocis
1297 1593 1419 1654 aetnaei
1441 1592 1502 1655 hoe

402 1692 578 1755 notandum
602 1698 661 1766 est,
677 1689 839 1773 scripsisse
862 1698 1026 1755 auctorem
1050 1692 1148 1776 paulo.
1169 1691 1261 1768 inlra,
1277 1692 1430 1755 Jolaaacs
1451 1715 1504 1757 sac

401 1794 517 1855 comitto
531 1801 637 1855 cracem
657 1789 837 1854 describeret.
883 1792 935 1855 Sic
957 1792 1031 1856 olim
1050 1794 1165 1857 menda
1189 1793 1345 1878 corrigere
1370 1800 1503 1858 conatus

402 1915 481 1957 sum.
527 1894 590 1957 Sed
613 1891 817 1976 adscripsisse
840 1914 923 1957 nune
944 1893 1034 1957 video
1060 1895 1102 1958 ad
1118 1916 1226 1958 vocem
1251 1894 1401 1957 Latinam
1417 1894 1504 1976 jeria

401 2002 454 2060 τοῦ
470 1998 561 2074 νόμου
577 1996 737 2058 Simonem
751 1980 790 2058 de
808 1995 975 2079 Magistris
993 1995 1025 2057 in
1040 1996 1191 2060 Dissertt.
1201 1996 1332 2059 Danieli
1342 1996 1504 2058 sesumam

402 2097 521 2159 LXX.
538 2095 650 2171 affixis,
667 2117 744 2180 quas
759 2118 855 2180 supra
870 2097 1112 2160 commemoravi
1127 2121 1158 2181 p.
1171 2116 1246 2176 400.
1284 2096 1447 2159 Praeterea
1461 2096 1503 2158 ad

402 2195 488 2269 illud,
505 2198 626 2259 carrica-i
638 2218 690 2260 sco
704 2219 740 2259 ac
753 2198 892 2281 altiniaco
904 2197 1076 2262 caasaibeit
1091 2199 1188 2262 verba
1200 2199 1316 2262 Graeca
1330 2195 1378 2260 vir
1392 2196 1431 2258 el.
1448 2197 1504 2259 ad-

402 2295 521 2379 posuit,
541 2299 665 2374 ὀνόματι
691 2299 780 2360 αὑτοῦ
801 2301 877 2376 μετὰ
900 2300 986 2375 δόξης
1009 2297 1194 2379 συνέγραψε,
1219 2297 1337 2361 carsiae
1361 2318 1414 2359 arco
1437 2318 1504 2359 curn

403 2398 494 2460 laude
508 2398 694 2480 asscripsit.
731 2397 810 2460 Haec
825 2397 884 2460 ille.
921 2398 1000 2477 Quae
1016 2399 1116 2475 malis,
1132 2399 1222 2482 elige,
1238 2398 1371 2461 meavel
1387 2397 1459 2460 ista.

447 2498 484 2559 P.
497 2516 571 2580 394.
596 2497 616 2560 l.
636 2517 684 2580 13.
706 2497 878 2559 Dominum
893 2503 1001 2561 tamen
1016 2520 1074 2560 nec
1089 2498 1156 2582 ipse
1171 2498 1250 2561 vidit
1268 2498 1339 2582 Sta]
1365 2497 1504 2573 Videsis,

405 2620 476 2681 quae
492 2598 586 2681 paulo
601 2619 697 2680 supra
712 2597 752 2660 de
766 2597 827 2660 hae
842 2618 877 2659 re
891 2598 1052 2661 annotavi.

448 2698 530 2761 Ibid.
556 2698 642 2778 l.14.
667 2698 792 2780 assequi
818 2695 951 2781 potuit,]
981 2698 1056 2761 For.
1079 2718 1137 2780 pro
1158 2705 1276 2780 puncto
1298 2696 1372 2780 poni
1397 2698 1502 2772 debet,

405 2806 499 2884 prout
519 2797 813 2883 leci,hypostigme,
830 2798 1031 2880 nequeenim
1050 2797 1123 2861 huie
1144 2797 1214 2861 loeo
1230 2797 1376 2883 quaedam
1395 2799 1504 2862 deesse

404 2923 476 2965 cum
493 2900 708 2964 Freindallero
723 2900 968 2963 existimandum
987 2907 1047 2964 est.
1102 2900 1205 2963 Visum
1225 2909 1267 2964 eat
1285 2908 1313 2963 et
1331 2899 1409 2964 milti
1427 2923 1503 2963 assc-

404 3012 469 3066 culc
483 3003 585 3065 omnic
600 3002 633 3064 la
641 3000 800 3085 principio
814 3000 984 3085 dillyeatcr,
1002 3001 1078 3065 Luc.
1090 3001 1111 3064 i.
1126 3020 1155 3064 a.

449 3105 530 3168 lbid.
562 3104 609 3166 ita
637 3110 671 3166 et
694 3124 715 3166 a
740 3101 910 3166 nativitate
935 3101 1094 3165 Johannis
1116 3101 1234 3186 incipet
1259 3102 1374 3187 dicere]
1405 3103 1504 3166 Error

405 3206 516 3271 calami
546 3228 604 3289 pro
633 3205 753 3288 incipit.
786 3205 1017 3266 Fnarnnsuuun.
1071 3203 1158 3266 Hine
1186 3204 1309 3267 interea
1337 3205 1504 3268 firmantur

406 3309 513 3393 priora
534 3307 587 3369 illa
602 3305 753 3390 evangelii
777 3305 872 3368 Lucae
886 3304 1003 3389 capita,
1020 3327 1090 3389 quae
1112 3305 1142 3369 ei
1161 3306 1343 3390 abjudicare
1364 3306 1505 3370 haeretiei

406 3432 478 3473 cum
493 3418 615 3472 veteres
636 3416 706 3470 tum
726 3405 917 3470 recentiores
936 3407 1123 3491 gestierunt.
1169 3407 1231 3472 Est
1246 3429 1370 3492 quoque
1389 3415 1504 3473 notatu

406 3513 547 3596 dignum,
562 3509 727 3594 agnovisse
743 3509 875 3572 eandem
891 3508 974 3572 hane
989 3509 1140 3594 evangelii
1156 3517 1281 3593 partem
1299 3531 1362 3573 non
1378 3517 1504 3575 tantum

406 3633 619 3695 omnesquae
642 3611 692 3674 hic
712 3610 907 3686 memorabo,
930 3610 1110 3694 scriptores,
1134 3613 1299 3675 «Iustinum
1315 3612 1504 3696 Martyrem,

408 3717 575 3789 Irenaeum,
604 3714 800 3777 Clementem
824 3712 1088 3788 Alexandrinum,
1113 3713 1361 3788 Tertullianum,
1382 3712 1505 3775 dulium

406 3818 607 3890 Africanum,
635 3813 812 3899 Origenem,
841 3814 1045 3899 Cyprianum,
1071 3812 1301 3885 Novatianum,
1328 3815 1505 3875 Auctorem

410 3918 549 4002 Carpati
575 3917 613 3979 de
636 3916 766 3992 Pescla,
791 3915 1003 3989 Victorinum,
1031 3915 1226 3996 Petrumque
1252 3912 1505 3975 Alexandrinum

407 4020 439 4081 in
471 4022 593 4082 Concae
617 4041 646 4080 v.
677 4018 733 4079 sed
762 4016 859 4078 etiam
888 4021 1042 4097 regnante
1067 4013 1235 4076 Hadriano
1265 4012 1392 4077 celsum
1419 4014 1506 4097 apud

410 4121 562 4204 Oripencm
576 4118 630 4180 lib.
641 4118 672 4180 ii.
688 4139 757 4200 cap.
767 4135 821 4199 32.
836 4114 1003 4197 medioque
1014 4113 1129 4177 saeculo
1140 4112 1236 4177 tertio
1248 4112 1506 4176 Antitrinitarios

407 4230 538 4284 auctore
562 4218 740 4281 Novatiano
764 4216 796 4278 in
820 4216 900 4278 libro
918 4216 964 4278 De
983 4214 1070 4278 Tria.
1091 4237 1157 4298 cap.
1172 4234 1222 4292 24.
1270 4214 1386 4298 Liquet
1411 4215 1505 4278 Lueae

407 4322 604 4406 evangelium
620 4343 683 4384 una
702 4341 772 4383 cum
794 4317 916 4380 duobus
936 4316 1046 4380 alteris
1061 4316 1228 4399 evangeliis
1247 4317 1408 4378 aJoanne
1427 4337 1503 4399 apo·

407 4423 489 4486 stolo
504 4422 599 4484 fuisse
615 4420 864 4503 comprobatum.
888 4417 963 4480 Vid.
979 4417 1032 4480 lib.
1048 4416 1090 4479 iii.
1107 4416 1189 4478 Hic.
1206 4415 1342 4491 Eusedii,
1359 4436 1426 4499 cap.
1439 4435 1490 4497 24.

454 4524 537 4586 Ibid.
552 4523 573 4584 l.
592 4524 636 4584 τό.
654 4519 908 4603 Evarrgelioruur]
930 4517 1112 4602 Legenduur
1123 4517 1318 4601 cramalium,
1331 4522 1388 4579 aut
1400 4516 1506 4599 potius

407 4625 556 4708 emeat-it
570 4623 691 4698 librum,
707 4623 753 4685 ait
770 4619 977 4693 Freindaller,
994 4619 1054 4682 hoe
1069 4619 1211 4702 superius
1225 4618 1277 4679 lin.
1295 4619 1324 4680 8.
1342 4617 1448 4681 habes.

446 4726 536 4816 ¹lbid.
569 4748 608 4786 ex
634 4723 808 4807 discipulis]
842 4724 875 4783 ἐκ
900 4726 959 4782 τῶν
984 4726 1129 4799 μαθητῶν.
1153 4719 1214 4782 vid.
1242 4725 1275 4781 et
1301 4717 1383 4780 infra
1409 4718 1428 4780 l.
1454 4739 1504 4780 ao,
