<?xml version="1.0" encoding="UTF-8"?>
<!DOCTYPE html PUBLIC "-//W3C//DTD XHTML 1.0 Transitional//EN"
    "http://www.w3.org/TR/xhtml1/DTD/xhtml1-transitional.dtd">
<html xmlns="http://www.w3.org/1999/xhtml" xml:lang="en" lang="en">
 <head>
  <title>
</title>
<meta http-equiv="Content-Type" content="text/html;charset=utf-8" />
  <meta name='ocr-system' content='tesseract 3.04.00' />
  <meta name='ocr-capabilities' content='ocr_page ocr_carea ocr_par ocr_line ocrx_word'/>
</head>
<body>
  <div class='ocr_page' id='page_1' title='image "./reliquiaesacrae07routgoog_0430.png"; bbox 0 0 3809 5650; ppageno 0'>
   <div class='ocr_carea' id='block_1_1' title="bbox 541 668 1518 736">
    <p class='ocr_par' dir='ltr' id='par_1_1' title="bbox 541 668 1518 736">
     <span class='ocr_line' id='line_1_1' title="bbox 541 668 1518 736; baseline 0.005 -6"><span class='ocrx_word' id='word_1_1' title='bbox 541 669 591 730; x_wconf 91' lang='lat' dir='ltr'>IN</span> <span class='ocrx_word' id='word_1_2' title='bbox 616 668 766 731; x_wconf 87' lang='lat' dir='ltr'>EPIST.</span> <span class='ocrx_word' id='word_1_3' title='bbox 792 668 1014 731; x_wconf 84' lang='lat' dir='ltr'>VIENNEN.</span> <span class='ocrx_word' id='word_1_4' title='bbox 1039 669 1104 732; x_wconf 89' lang='grc' dir='ltr'>ΕΤ</span> <span class='ocrx_word' id='word_1_5' title='bbox 1128 669 1406 733; x_wconf 87' lang='lat' dir='ltr'><strong>LUGDUNEN.</strong></span> <span class='ocrx_word' id='word_1_6' title='bbox 1452 670 1518 736; x_wconf 75' lang='lat'>347</span> 
     </span>
    </p>
   </div>
   <div class='ocr_carea' id='block_1_2' title="bbox 393 836 1519 4872">
    <p class='ocr_par' dir='ltr' id='par_1_2' title="bbox 412 836 1519 1424">
     <span class='ocr_line' id='line_1_2' title="bbox 413 836 1517 914; baseline 0.003 -14"><span class='ocrx_word' id='word_1_7' title='bbox 413 838 525 914; x_wconf 82' lang='grc' dir='ltr'>μένοις,</span> <span class='ocrx_word' id='word_1_8' title='bbox 538 858 596 901; x_wconf 83' lang='lat' dir='ltr'>nec</span> <span class='ocrx_word' id='word_1_9' title='bbox 609 836 703 901; x_wconf 82' lang='lat' dir='ltr'>aliter</span> <span class='ocrx_word' id='word_1_10' title='bbox 715 838 797 900; x_wconf 76' lang='lat' dir='ltr'>Fulr.</span> <span class='ocrx_word' id='word_1_11' title='bbox 821 836 985 901; x_wconf 68' lang='lat' dir='ltr'>Venusrus.</span> <span class='ocrx_word' id='word_1_12' title='bbox 1017 838 1130 903; x_wconf 88' lang='lat' dir='ltr'>Addas</span> <span class='ocrx_word' id='word_1_13' title='bbox 1139 840 1182 902; x_wconf 84' lang='lat' dir='ltr'><em>M</em></span> <span class='ocrx_word' id='word_1_14' title='bbox 1180 841 1239 904; x_wconf 73' lang='lat' dir='ltr'>SS.</span> <span class='ocrx_word' id='word_1_15' title='bbox 1252 839 1350 903; x_wconf 77' lang='lat' dir='ltr'>Sacil.</span> <span class='ocrx_word' id='word_1_16' title='bbox 1362 861 1418 903; x_wconf 79' lang='lat' dir='ltr'>seu</span> <span class='ocrx_word' id='word_1_17' title='bbox 1427 840 1517 903; x_wconf 61' lang='lat' dir='ltr'>Bora.</span> 
     </span>
     <span class='ocr_line' id='line_1_3' title="bbox 413 939 1519 1026; baseline 0.003 -24"><span class='ocrx_word' id='word_1_18' title='bbox 413 945 448 1002; x_wconf 89' lang='lat' dir='ltr'>et</span> <span class='ocrx_word' id='word_1_19' title='bbox 463 939 604 1023; x_wconf 84' lang='lat' dir='ltr'>Norsolr.</span> <span class='ocrx_word' id='word_1_20' title='bbox 620 947 655 1003; x_wconf 93' lang='lat' dir='ltr'>et</span> <span class='ocrx_word' id='word_1_21' title='bbox 675 960 759 1002; x_wconf 91' lang='lat' dir='ltr'>nunc</span> <span class='ocrx_word' id='word_1_22' title='bbox 782 939 908 1025; x_wconf 91' lang='lat' dir='ltr'>quidem</span> <span class='ocrx_word' id='word_1_23' title='bbox 929 939 1009 1003; x_wconf 85' lang='lat' dir='ltr'>alios</span> <span class='ocrx_word' id='word_1_24' title='bbox 1024 961 1132 1004; x_wconf 86' lang='lat' dir='ltr'>omnes</span> <span class='ocrx_word' id='word_1_25' title='bbox 1157 948 1275 1025; x_wconf 81' lang='lat' dir='ltr'>praeter</span> <span class='ocrx_word' id='word_1_26' title='bbox 1288 940 1374 1005; x_wconf 82' lang='lat' dir='ltr'>codd.</span> <span class='ocrx_word' id='word_1_27' title='bbox 1390 941 1463 1026; x_wconf 69' lang='lat'><em>1209.</em></span> <span class='ocrx_word' id='word_1_28' title='bbox 1485 949 1519 1006; x_wconf 91' lang='lat' dir='ltr'>et</span> 
     </span>
     <span class='ocr_line' id='line_1_4' title="bbox 413 1038 1517 1125; baseline 0.004 -23"><span class='ocrx_word' id='word_1_29' title='bbox 413 1039 587 1112; x_wconf 66' lang='grc' dir='ltr'>Ραήσίιιοο,</span> <span class='ocrx_word' id='word_1_30' title='bbox 604 1038 660 1102; x_wconf 82' lang='lat' dir='ltr'>sed</span> <span class='ocrx_word' id='word_1_31' title='bbox 680 1039 828 1125; x_wconf 61' lang='lat' dir='ltr'>Stephani</span> <span class='ocrx_word' id='word_1_32' title='bbox 847 1040 1015 1104; x_wconf 81' lang='lat' dir='ltr'>lectionem</span> <span class='ocrx_word' id='word_1_33' title='bbox 1029 1041 1338 1121; x_wconf 81' lang='grc' dir='ltr'>περιπεποικιλμένοις</span> <span class='ocrx_word' id='word_1_34' title='bbox 1354 1041 1517 1106; x_wconf 87' lang='lat' dir='ltr'>Strothius</span> 
     </span>
     <span class='ocr_line' id='line_1_5' title="bbox 414 1139 1516 1207; baseline 0.005 -5"><span class='ocrx_word' id='word_1_35' title='bbox 414 1139 446 1202; x_wconf 92' lang='lat' dir='ltr'>in</span> <span class='ocrx_word' id='word_1_36' title='bbox 466 1139 516 1203; x_wconf 86' lang='lat' dir='ltr'>ed.</span> <span class='ocrx_word' id='word_1_37' title='bbox 537 1162 626 1204; x_wconf 87' lang='lat' dir='ltr'>suam</span> <span class='ocrx_word' id='word_1_38' title='bbox 643 1141 814 1205; x_wconf 84' lang='lat' dir='ltr'>revocavit.</span> <span class='ocrx_word' id='word_1_39' title='bbox 860 1141 1020 1206; x_wconf 80' lang='lat' dir='ltr'>(laeterum</span> <span class='ocrx_word' id='word_1_40' title='bbox 1041 1142 1073 1204; x_wconf 91' lang='lat' dir='ltr'>in</span> <span class='ocrx_word' id='word_1_41' title='bbox 1093 1142 1164 1205; x_wconf 92' lang='lat' dir='ltr'>edd.</span> <span class='ocrx_word' id='word_1_42' title='bbox 1181 1149 1240 1205; x_wconf 79' lang='grc' dir='ltr'>τῶν</span> <span class='ocrx_word' id='word_1_43' title='bbox 1255 1141 1281 1206; x_wconf 90' lang='lat' dir='ltr'>o&#39;</span> <span class='ocrx_word' id='word_1_44' title='bbox 1304 1143 1459 1207; x_wconf 83' lang='lat' dir='ltr'>nonnullis</span> <span class='ocrx_word' id='word_1_45' title='bbox 1474 1143 1516 1207; x_wconf 94' lang='lat' dir='ltr'>le-</span> 
     </span>
     <span class='ocr_line' id='line_1_6' title="bbox 412 1242 1516 1329; baseline 0.003 -24"><span class='ocrx_word' id='word_1_46' title='bbox 412 1242 510 1327; x_wconf 86' lang='lat' dir='ltr'>gitur,</span> <span class='ocrx_word' id='word_1_47' title='bbox 536 1244 792 1324; x_wconf 78' lang='grc' dir='ltr'>περιβεβλημένη,</span> <span class='ocrx_word' id='word_1_48' title='bbox 823 1245 1046 1324; x_wconf 72' lang='grc' dir='ltr'>πεποικιλμένη,</span> <span class='ocrx_word' id='word_1_49' title='bbox 1073 1265 1113 1306; x_wconf 84' lang='lat' dir='ltr'>ex</span> <span class='ocrx_word' id='word_1_50' title='bbox 1148 1266 1211 1328; x_wconf 84' lang='lat' dir='ltr'>qua</span> <span class='ocrx_word' id='word_1_51' title='bbox 1236 1245 1372 1309; x_wconf 80' lang='lat' dir='ltr'>fortasse</span> <span class='ocrx_word' id='word_1_52' title='bbox 1398 1245 1516 1329; x_wconf 78' lang='lat' dir='ltr'>duplici</span> 
     </span>
     <span class='ocr_line' id='line_1_7' title="bbox 413 1343 1203 1424; baseline -0.001 -19"><span class='ocrx_word' id='word_1_53' title='bbox 413 1343 547 1407; x_wconf 85' lang='lat' dir='ltr'>lectione</span> <span class='ocrx_word' id='word_1_54' title='bbox 562 1351 639 1407; x_wconf 87' lang='lat' dir='ltr'>nata</span> <span class='ocrx_word' id='word_1_55' title='bbox 654 1344 757 1408; x_wconf 87' lang='lat' dir='ltr'>altera</span> <span class='ocrx_word' id='word_1_56' title='bbox 771 1345 897 1409; x_wconf 86' lang='lat' dir='ltr'>videtur</span> <span class='ocrx_word' id='word_1_57' title='bbox 910 1344 1203 1424; x_wconf 80' lang='grc' dir='ltr'>περιτεποικιλρένη.</span> 
     </span>
    </p>

    <p class='ocr_par' dir='ltr' id='par_1_3' title="bbox 410 1444 1516 2238">
     <span class='ocr_line' id='line_1_8' title="bbox 457 1444 1516 1529; baseline 0.003 -22"><span class='ocrx_word' id='word_1_58' title='bbox 457 1445 493 1508; x_wconf 93' lang='lat' dir='ltr'>P.</span> <span class='ocrx_word' id='word_1_59' title='bbox 504 1447 567 1528; x_wconf 85' lang='lat'>308</span> <span class='ocrx_word' id='word_1_60' title='bbox 594 1445 614 1508; x_wconf 90' lang='lat' dir='ltr'>l.</span> <span class='ocrx_word' id='word_1_61' title='bbox 632 1466 678 1508; x_wconf 90' lang='lat'>11.</span> <span class='ocrx_word' id='word_1_62' title='bbox 696 1446 821 1509; x_wconf 81' lang='grc' dir='ltr'>εὐωδίαν</span> <span class='ocrx_word' id='word_1_63' title='bbox 835 1447 979 1512; x_wconf 81' lang='grc' dir='ltr'>ὀδωδότες</span> <span class='ocrx_word' id='word_1_64' title='bbox 990 1446 1045 1523; x_wconf 77' lang='grc' dir='ltr'>τὴν</span> <span class='ocrx_word' id='word_1_65' title='bbox 1056 1448 1201 1529; x_wconf 82' lang='grc' dir='ltr'>Χριστοῦ]</span> <span class='ocrx_word' id='word_1_66' title='bbox 1221 1444 1346 1510; x_wconf 83' lang='lat' dir='ltr'>Alludit</span> <span class='ocrx_word' id='word_1_67' title='bbox 1361 1448 1403 1511; x_wconf 86' lang='lat' dir='ltr'>ad</span> <span class='ocrx_word' id='word_1_68' title='bbox 1418 1447 1516 1510; x_wconf 83' lang='lat' dir='ltr'>verba</span> 
     </span>
     <span class='ocr_line' id='line_1_9' title="bbox 414 1545 1515 1631; baseline 0.001 -22"><span class='ocrx_word' id='word_1_69' title='bbox 414 1546 504 1609; x_wconf 87' lang='lat' dir='ltr'>Pauli</span> <span class='ocrx_word' id='word_1_70' title='bbox 519 1546 667 1630; x_wconf 82' lang='lat' dir='ltr'>apostoli,</span> <span class='ocrx_word' id='word_1_71' title='bbox 685 1547 802 1610; x_wconf 74' lang='lat' dir='ltr'>Christi</span> <span class='ocrx_word' id='word_1_72' title='bbox 817 1546 907 1610; x_wconf 84' lang='grc' dir='ltr'>δοιιιιο</span> <span class='ocrx_word' id='word_1_73' title='bbox 920 1546 994 1609; x_wconf 86' lang='lat' dir='ltr'>odor</span> <span class='ocrx_word' id='word_1_74' title='bbox 1007 1568 1117 1622; x_wconf 73' lang='lat' dir='ltr'>seriens,</span> <span class='ocrx_word' id='word_1_75' title='bbox 1134 1545 1168 1630; x_wconf 88' lang='lat'>(2</span> <span class='ocrx_word' id='word_1_76' title='bbox 1185 1546 1257 1610; x_wconf 84' lang='lat' dir='ltr'>(lor.</span> <span class='ocrx_word' id='word_1_77' title='bbox 1273 1547 1305 1610; x_wconf 89' lang='lat' dir='ltr'>ii.</span> <span class='ocrx_word' id='word_1_78' title='bbox 1325 1548 1389 1631; x_wconf 85' lang='lat'><strong>15.)</strong></span> <span class='ocrx_word' id='word_1_79' title='bbox 1409 1547 1515 1610; x_wconf 71' lang='lat' dir='ltr'>Vner-</span> 
     </span>
     <span class='ocr_line' id='line_1_10' title="bbox 412 1647 1514 1735; baseline 0.001 -25"><span class='ocrx_word' id='word_1_80' title='bbox 412 1671 484 1710; x_wconf 86' lang='lat' dir='ltr'>srus.</span> <span class='ocrx_word' id='word_1_81' title='bbox 523 1648 689 1712; x_wconf 81' lang='lat' dir='ltr'>Conferet</span> <span class='ocrx_word' id='word_1_82' title='bbox 707 1649 887 1732; x_wconf 87' lang='lat' dir='ltr'>apostolum</span> <span class='ocrx_word' id='word_1_83' title='bbox 908 1648 940 1710; x_wconf 94' lang='lat' dir='ltr'>in</span> <span class='ocrx_word' id='word_1_84' title='bbox 960 1649 1022 1734; x_wconf 83' lang='lat' dir='ltr'>Ep.</span> <span class='ocrx_word' id='word_1_85' title='bbox 1038 1647 1083 1710; x_wconf 82' lang='lat' dir='ltr'>ad</span> <span class='ocrx_word' id='word_1_86' title='bbox 1103 1647 1214 1735; x_wconf 78' lang='grc' dir='ltr'>Ερδνο.</span> <span class='ocrx_word' id='word_1_87' title='bbox 1229 1670 1259 1711; x_wconf 87' lang='lat' dir='ltr'>v.</span> <span class='ocrx_word' id='word_1_88' title='bbox 1273 1666 1303 1711; x_wconf 83' lang='lat'>2.</span> <span class='ocrx_word' id='word_1_89' title='bbox 1335 1648 1445 1712; x_wconf 89' lang='lat' dir='ltr'>Verba</span> <span class='ocrx_word' id='word_1_90' title='bbox 1458 1671 1514 1713; x_wconf 91' lang='lat' dir='ltr'>au-</span> 
     </span>
     <span class='ocr_line' id='line_1_11' title="bbox 411 1746 1513 1834; baseline 0.001 -22"><span class='ocrx_word' id='word_1_91' title='bbox 411 1756 486 1820; x_wconf 82' lang='lat' dir='ltr'>tem,</span> <span class='ocrx_word' id='word_1_92' title='bbox 503 1772 573 1832; x_wconf 79' lang='lat' dir='ltr'>quae</span> <span class='ocrx_word' id='word_1_93' title='bbox 587 1757 774 1832; x_wconf 83' lang='lat' dir='ltr'>sequuntur,</span> <span class='ocrx_word' id='word_1_94' title='bbox 788 1746 867 1812; x_wconf 76' lang='lat' dir='ltr'>dors</span> <span class='ocrx_word' id='word_1_95' title='bbox 883 1751 979 1816; x_wconf 76' lang='grc' dir='ltr'>ένόονς</span> <span class='ocrx_word' id='word_1_96' title='bbox 994 1746 1076 1828; x_wconf 78' lang='grc' dir='ltr'>δόξαι</span> <span class='ocrx_word' id='word_1_97' title='bbox 1091 1751 1140 1812; x_wconf 81' lang='grc' dir='ltr'>καὶ</span> <span class='ocrx_word' id='word_1_98' title='bbox 1159 1751 1241 1834; x_wconf 71' lang='grc' dir='ltr'>μόρῳ</span> <span class='ocrx_word' id='word_1_99' title='bbox 1262 1753 1393 1834; x_wconf 58' lang='lat' dir='ltr'>corporei</span> <span class='ocrx_word' id='word_1_100' title='bbox 1415 1751 1513 1832; x_wconf 80' lang='grc' dir='ltr'>κεχρό-</span> 
     </span>
     <span class='ocr_line' id='line_1_12' title="bbox 411 1848 1513 1928; baseline 0.002 -16"><span class='ocrx_word' id='word_1_101' title='bbox 411 1856 482 1915; x_wconf 84' lang='grc' dir='ltr'>σθαι</span> <span class='ocrx_word' id='word_1_102' title='bbox 504 1851 620 1928; x_wconf 78' lang='grc' dir='ltr'>αὐτοὺς,</span> <span class='ocrx_word' id='word_1_103' title='bbox 642 1851 686 1914; x_wconf 90' lang='lat' dir='ltr'>sic</span> <span class='ocrx_word' id='word_1_104' title='bbox 711 1850 809 1915; x_wconf 88' lang='lat' dir='ltr'>vertit</span> <span class='ocrx_word' id='word_1_105' title='bbox 833 1849 979 1926; x_wconf 85' lang='lat' dir='ltr'>Rufinus,</span> <span class='ocrx_word' id='word_1_106' title='bbox 1004 1851 1050 1913; x_wconf 82' lang='lat' dir='ltr'>ita</span> <span class='ocrx_word' id='word_1_107' title='bbox 1070 1860 1104 1913; x_wconf 79' lang='lat' dir='ltr'>ot</span> <span class='ocrx_word' id='word_1_108' title='bbox 1124 1850 1297 1914; x_wconf 72' lang='lat' dir='ltr'>viderentur</span> <span class='ocrx_word' id='word_1_109' title='bbox 1316 1848 1376 1914; x_wconf 77' lang='lat' dir='ltr'>sili</span> <span class='ocrx_word' id='word_1_110' title='bbox 1396 1872 1456 1913; x_wconf 82' lang='lat' dir='ltr'>non</span> <span class='ocrx_word' id='word_1_111' title='bbox 1479 1851 1513 1914; x_wconf 83' lang='grc' dir='ltr'>ιἰι</span> 
     </span>
     <span class='ocr_line' id='line_1_13' title="bbox 410 1950 1512 2037; baseline -0.001 -22"><span class='ocrx_word' id='word_1_112' title='bbox 410 1951 558 2036; x_wconf 71' lang='grc' dir='ltr'>ονραοίαῖο</span> <span class='ocrx_word' id='word_1_113' title='bbox 576 1952 631 2015; x_wconf 80' lang='lat' dir='ltr'>sed</span> <span class='ocrx_word' id='word_1_114' title='bbox 652 1952 686 2013; x_wconf 80' lang='grc' dir='ltr'>ιἰι</span> <span class='ocrx_word' id='word_1_115' title='bbox 711 1950 879 2034; x_wconf 76' lang='lat' dir='ltr'>myrotloca</span> <span class='ocrx_word' id='word_1_116' title='bbox 901 1951 1040 2027; x_wconf 77' lang='grc' dir='ltr'>οοοσδνοιῗ,</span> <span class='ocrx_word' id='word_1_117' title='bbox 1064 1953 1123 2028; x_wconf 89' lang='lat' dir='ltr'>vel,</span> <span class='ocrx_word' id='word_1_118' title='bbox 1147 1960 1182 2016; x_wconf 92' lang='lat' dir='ltr'>ut</span> <span class='ocrx_word' id='word_1_119' title='bbox 1208 1951 1325 2037; x_wconf 88' lang='lat' dir='ltr'>legitur</span> <span class='ocrx_word' id='word_1_120' title='bbox 1345 1951 1378 2014; x_wconf 93' lang='lat' dir='ltr'>iu</span> <span class='ocrx_word' id='word_1_121' title='bbox 1403 1951 1512 2014; x_wconf 85' lang='lat' dir='ltr'>codice</span> 
     </span>
     <span class='ocr_line' id='line_1_14' title="bbox 413 2050 1511 2138; baseline 0.003 -25"><span class='ocrx_word' id='word_1_122' title='bbox 413 2050 664 2136; x_wconf 83' lang='lat' dir='ltr'>Magdalenensi,</span> <span class='ocrx_word' id='word_1_123' title='bbox 686 2051 740 2115; x_wconf 79' lang='lat' dir='ltr'>sed</span> <span class='ocrx_word' id='word_1_124' title='bbox 767 2052 801 2115; x_wconf 83' lang='grc' dir='ltr'>ιἰι</span> <span class='ocrx_word' id='word_1_125' title='bbox 825 2052 896 2115; x_wconf 75' lang='lat' dir='ltr'>lecto</span> <span class='ocrx_word' id='word_1_126' title='bbox 920 2061 1015 2115; x_wconf 75' lang='lat' dir='ltr'>strato</span> <span class='ocrx_word' id='word_1_127' title='bbox 1041 2053 1156 2138; x_wconf 82' lang='lat' dir='ltr'>plumis</span> <span class='ocrx_word' id='word_1_128' title='bbox 1180 2052 1348 2116; x_wconf 73' lang='lat' dir='ltr'>miroclecae</span> <span class='ocrx_word' id='word_1_129' title='bbox 1372 2051 1511 2129; x_wconf 75' lang='lat' dir='ltr'>conclusi,</span> 
     </span>
     <span class='ocr_line' id='line_1_15' title="bbox 410 2152 1480 2238; baseline 0.003 -24"><span class='ocrx_word' id='word_1_130' title='bbox 410 2152 500 2237; x_wconf 85' lang='lat' dir='ltr'>quasi</span> <span class='ocrx_word' id='word_1_131' title='bbox 515 2153 685 2217; x_wconf 86' lang='lat' dir='ltr'>invenisset</span> <span class='ocrx_word' id='word_1_132' title='bbox 695 2160 787 2218; x_wconf 87' lang='lat' dir='ltr'>vetus</span> <span class='ocrx_word' id='word_1_133' title='bbox 801 2153 852 2217; x_wconf 89' lang='lat' dir='ltr'>hic</span> <span class='ocrx_word' id='word_1_134' title='bbox 867 2152 1024 2238; x_wconf 78' lang='lat' dir='ltr'>interpres</span> <span class='ocrx_word' id='word_1_135' title='bbox 1040 2159 1219 2231; x_wconf 81' lang='grc' dir='ltr'>κεκλεῖσθαι,</span> <span class='ocrx_word' id='word_1_136' title='bbox 1235 2175 1300 2216; x_wconf 92' lang='lat' dir='ltr'>non</span> <span class='ocrx_word' id='word_1_137' title='bbox 1315 2155 1480 2236; x_wconf 84' lang='grc' dir='ltr'>κεχρίσθαι.</span> 
     </span>
    </p>

    <p class='ocr_par' dir='ltr' id='par_1_4' title="bbox 402 2254 1512 3453">
     <span class='ocr_line' id='line_1_16' title="bbox 453 2254 1512 2340; baseline 0.001 -22"><span class='ocrx_word' id='word_1_138' title='bbox 453 2256 570 2318; x_wconf 85' lang='lat' dir='ltr'>Graeoc</span> <span class='ocrx_word' id='word_1_139' title='bbox 592 2277 666 2319; x_wconf 86' lang='lat' dir='ltr'>vero</span> <span class='ocrx_word' id='word_1_140' title='bbox 690 2254 834 2320; x_wconf 77' lang='lat' dir='ltr'>fortassis</span> <span class='ocrx_word' id='word_1_141' title='bbox 857 2254 904 2318; x_wconf 91' lang='lat' dir='ltr'>ita</span> <span class='ocrx_word' id='word_1_142' title='bbox 928 2254 1169 2340; x_wconf 85' lang='lat' dir='ltr'>interpretanda</span> <span class='ocrx_word' id='word_1_143' title='bbox 1194 2263 1281 2332; x_wconf 90' lang='lat' dir='ltr'>sunt,</span> <span class='ocrx_word' id='word_1_144' title='bbox 1305 2261 1458 2339; x_wconf 89' lang='lat' dir='ltr'>tanquam</span> <span class='ocrx_word' id='word_1_145' title='bbox 1484 2255 1512 2319; x_wconf 93' lang='lat' dir='ltr'>si</span> 
     </span>
     <span class='ocr_line' id='line_1_17' title="bbox 408 2356 1510 2442; baseline -0.001 -22"><span class='ocrx_word' id='word_1_146' title='bbox 408 2365 566 2440; x_wconf 75' lang='lat' dir='ltr'>martyres</span> <span class='ocrx_word' id='word_1_147' title='bbox 591 2363 660 2420; x_wconf 85' lang='lat' dir='ltr'>tam</span> <span class='ocrx_word' id='word_1_148' title='bbox 683 2356 800 2420; x_wconf 84' lang='lat' dir='ltr'>hilares</span> <span class='ocrx_word' id='word_1_149' title='bbox 821 2363 919 2440; x_wconf 85' lang='lat' dir='ltr'>atque</span> <span class='ocrx_word' id='word_1_150' title='bbox 942 2357 1048 2420; x_wconf 88' lang='lat' dir='ltr'>decori</span> <span class='ocrx_word' id='word_1_151' title='bbox 1071 2363 1202 2442; x_wconf 84' lang='lat' dir='ltr'>aspectu</span> <span class='ocrx_word' id='word_1_152' title='bbox 1222 2357 1350 2432; x_wconf 86' lang='lat' dir='ltr'>fuerint,</span> <span class='ocrx_word' id='word_1_153' title='bbox 1372 2363 1410 2420; x_wconf 92' lang='lat' dir='ltr'>ut</span> <span class='ocrx_word' id='word_1_154' title='bbox 1433 2379 1510 2420; x_wconf 89' lang='lat' dir='ltr'>non·</span> 
     </span>
     <span class='ocr_line' id='line_1_18' title="bbox 407 2457 1511 2540; baseline 0.001 -20"><span class='ocrx_word' id='word_1_155' title='bbox 407 2458 501 2520; x_wconf 91' lang='lat' dir='ltr'>nullis</span> <span class='ocrx_word' id='word_1_156' title='bbox 529 2457 713 2520; x_wconf 84' lang='lat' dir='ltr'>viderentur</span> <span class='ocrx_word' id='word_1_157' title='bbox 742 2479 777 2520; x_wconf 92' lang='lat' dir='ltr'>re</span> <span class='ocrx_word' id='word_1_158' title='bbox 802 2479 877 2520; x_wconf 86' lang='lat' dir='ltr'>vera</span> <span class='ocrx_word' id='word_1_159' title='bbox 903 2457 984 2521; x_wconf 86' lang='lat' dir='ltr'>bene</span> <span class='ocrx_word' id='word_1_160' title='bbox 1009 2458 1102 2535; x_wconf 86' lang='lat' dir='ltr'>olere,</span> <span class='ocrx_word' id='word_1_161' title='bbox 1128 2465 1290 2540; x_wconf 85' lang='lat' dir='ltr'>unguento</span> <span class='ocrx_word' id='word_1_162' title='bbox 1314 2457 1447 2522; x_wconf 89' lang='lat' dir='ltr'>delibuti</span> <span class='ocrx_word' id='word_1_163' title='bbox 1472 2480 1511 2521; x_wconf 90' lang='lat' dir='ltr'>ac</span> 
     </span>
     <span class='ocr_line' id='line_1_19' title="bbox 407 2558 1512 2642; baseline 0.004 -22"><span class='ocrx_word' id='word_1_164' title='bbox 407 2558 556 2630; x_wconf 88' lang='lat' dir='ltr'>nitentes,</span> <span class='ocrx_word' id='word_1_165' title='bbox 578 2564 743 2642; x_wconf 79' lang='lat' dir='ltr'>spectante</span> <span class='ocrx_word' id='word_1_166' title='bbox 766 2563 897 2620; x_wconf 86' lang='lat' dir='ltr'>auctore</span> <span class='ocrx_word' id='word_1_167' title='bbox 918 2558 960 2621; x_wconf 85' lang='lat' dir='ltr'>ad</span> <span class='ocrx_word' id='word_1_168' title='bbox 985 2558 1061 2621; x_wconf 95' lang='lat' dir='ltr'>illud</span> <span class='ocrx_word' id='word_1_169' title='bbox 1087 2559 1204 2623; x_wconf 75' lang='lat' dir='ltr'>Psalmi</span> <span class='ocrx_word' id='word_1_170' title='bbox 1218 2559 1276 2623; x_wconf 90' lang='lat' dir='ltr'>civ.</span> <span class='ocrx_word' id='word_1_171' title='bbox 1297 2563 1350 2623; x_wconf 86' lang='grc' dir='ltr'>τοῦ</span> <span class='ocrx_word' id='word_1_172' title='bbox 1374 2561 1512 2639; x_wconf 75' lang='grc' dir='ltr'>ἱλαρῦναι</span> 
     </span>
     <span class='ocr_line' id='line_1_20' title="bbox 407 2658 1510 2743; baseline 0.002 -22"><span class='ocrx_word' id='word_1_173' title='bbox 407 2660 441 2721; x_wconf 86' lang='grc' dir='ltr'>τὸ</span> <span class='ocrx_word' id='word_1_174' title='bbox 467 2661 629 2740; x_wconf 86' lang='grc' dir='ltr'>πρόσωπον</span> <span class='ocrx_word' id='word_1_175' title='bbox 654 2663 694 2743; x_wconf 73' lang='grc' dir='ltr'>τῷ</span> <span class='ocrx_word' id='word_1_176' title='bbox 725 2659 827 2743; x_wconf 71' lang='grc' dir='ltr'>ἐλαίῳ.</span> <span class='ocrx_word' id='word_1_177' title='bbox 873 2658 926 2721; x_wconf 92' lang='lat' dir='ltr'>lta</span> <span class='ocrx_word' id='word_1_178' title='bbox 955 2659 1085 2721; x_wconf 88' lang='lat' dir='ltr'>odorem</span> <span class='ocrx_word' id='word_1_179' title='bbox 1116 2666 1333 2723; x_wconf 76' lang='lat' dir='ltr'>memorarunt</span> <span class='ocrx_word' id='word_1_180' title='bbox 1362 2668 1510 2724; x_wconf 79' lang='lat' dir='ltr'>auctores</span> 
     </span>
     <span class='ocr_line' id='line_1_21' title="bbox 406 2759 1510 2846; baseline 0 -21"><span class='ocrx_word' id='word_1_181' title='bbox 406 2760 549 2846; x_wconf 82' lang='lat' dir='ltr'>epistolae</span> <span class='ocrx_word' id='word_1_182' title='bbox 571 2760 611 2823; x_wconf 94' lang='lat' dir='ltr'>de</span> <span class='ocrx_word' id='word_1_183' title='bbox 633 2759 787 2844; x_wconf 85' lang='lat' dir='ltr'>martyrio</span> <span class='ocrx_word' id='word_1_184' title='bbox 809 2759 978 2844; x_wconf 87' lang='lat' dir='ltr'>Polycarpi</span> <span class='ocrx_word' id='word_1_185' title='bbox 999 2761 1194 2845; x_wconf 71' lang='lat' dir='ltr'>composita,</span> <span class='ocrx_word' id='word_1_186' title='bbox 1217 2782 1309 2845; x_wconf 90' lang='lat' dir='ltr'>quem</span> <span class='ocrx_word' id='word_1_187' title='bbox 1335 2782 1353 2823; x_wconf 90' lang='lat' dir='ltr'>e</span> <span class='ocrx_word' id='word_1_188' title='bbox 1377 2781 1510 2846; x_wconf 84' lang='lat' dir='ltr'>corpore</span> 
     </span>
     <span class='ocr_line' id='line_1_22' title="bbox 407 2861 1510 2947; baseline 0 -23"><span class='ocrx_word' id='word_1_189' title='bbox 407 2861 555 2925; x_wconf 87' lang='lat' dir='ltr'>emissum</span> <span class='ocrx_word' id='word_1_190' title='bbox 582 2861 650 2947; x_wconf 89' lang='lat' dir='ltr'>ejus</span> <span class='ocrx_word' id='word_1_191' title='bbox 675 2863 843 2947; x_wconf 85' lang='lat' dir='ltr'>putabant.</span> <span class='ocrx_word' id='word_1_192' title='bbox 891 2861 965 2924; x_wconf 92' lang='lat' dir='ltr'>Vid.</span> <span class='ocrx_word' id='word_1_193' title='bbox 993 2861 1134 2945; x_wconf 82' lang='lat' dir='ltr'>opusculi</span> <span class='ocrx_word' id='word_1_194' title='bbox 1161 2861 1266 2926; x_wconf 86' lang='lat' dir='ltr'>linem.</span> <span class='ocrx_word' id='word_1_195' title='bbox 1313 2861 1377 2925; x_wconf 89' lang='lat' dir='ltr'>Sed</span> <span class='ocrx_word' id='word_1_196' title='bbox 1400 2869 1510 2925; x_wconf 90' lang='lat' dir='ltr'>tamen</span> 
     </span>
     <span class='ocr_line' id='line_1_23' title="bbox 406 2962 1509 3048; baseline 0.002 -23"><span class='ocrx_word' id='word_1_197' title='bbox 406 2963 576 3026; x_wconf 79' lang='lat' dir='ltr'>credidisse</span> <span class='ocrx_word' id='word_1_198' title='bbox 591 2962 693 3047; x_wconf 87' lang='lat' dir='ltr'>ipsum</span> <span class='ocrx_word' id='word_1_199' title='bbox 709 2964 804 3047; x_wconf 90' lang='lat' dir='ltr'>hujus</span> <span class='ocrx_word' id='word_1_200' title='bbox 821 2962 1041 3047; x_wconf 85' lang='lat' dir='ltr'>Lugdunensis</span> <span class='ocrx_word' id='word_1_201' title='bbox 1052 2963 1194 3047; x_wconf 85' lang='lat' dir='ltr'>epistolae</span> <span class='ocrx_word' id='word_1_202' title='bbox 1209 2962 1405 3048; x_wconf 84' lang='lat' dir='ltr'>scriptorem,</span> <span class='ocrx_word' id='word_1_203' title='bbox 1420 2963 1509 3047; x_wconf 86' lang='lat' dir='ltr'>cujus</span> 
     </span>
     <span class='ocr_line' id='line_1_24' title="bbox 407 3064 1509 3148; baseline 0.003 -22"><span class='ocrx_word' id='word_1_204' title='bbox 407 3064 511 3128; x_wconf 85' lang='lat' dir='ltr'>oratio</span> <span class='ocrx_word' id='word_1_205' title='bbox 523 3071 574 3130; x_wconf 91' lang='lat' dir='ltr'>tot</span> <span class='ocrx_word' id='word_1_206' title='bbox 586 3065 751 3129; x_wconf 88' lang='lat' dir='ltr'>translatis</span> <span class='ocrx_word' id='word_1_207' title='bbox 762 3065 866 3128; x_wconf 90' lang='lat' dir='ltr'>verbis</span> <span class='ocrx_word' id='word_1_208' title='bbox 877 3072 992 3140; x_wconf 87' lang='lat' dir='ltr'>scatet,</span> <span class='ocrx_word' id='word_1_209' title='bbox 1009 3064 1150 3148; x_wconf 88' lang='lat' dir='ltr'>quemvis</span> <span class='ocrx_word' id='word_1_210' title='bbox 1160 3066 1291 3128; x_wconf 90' lang='lat' dir='ltr'>odorem</span> <span class='ocrx_word' id='word_1_211' title='bbox 1299 3064 1439 3129; x_wconf 90' lang='lat' dir='ltr'>divinum</span> <span class='ocrx_word' id='word_1_212' title='bbox 1449 3066 1509 3129; x_wconf 88' lang='lat' dir='ltr'>sub</span> 
     </span>
     <span class='ocr_line' id='line_1_25' title="bbox 405 3164 1509 3251; baseline 0 -22"><span class='ocrx_word' id='word_1_213' title='bbox 405 3188 516 3229; x_wconf 87' lang='lat' dir='ltr'>sensus</span> <span class='ocrx_word' id='word_1_214' title='bbox 531 3166 690 3239; x_wconf 83' lang='lat' dir='ltr'>cecidisse,</span> <span class='ocrx_word' id='word_1_215' title='bbox 708 3165 861 3250; x_wconf 92' lang='lat' dir='ltr'>quidquid</span> <span class='ocrx_word' id='word_1_216' title='bbox 878 3164 931 3228; x_wconf 88' lang='lat' dir='ltr'>alii</span> <span class='ocrx_word' id='word_1_217' title='bbox 950 3173 1027 3228; x_wconf 91' lang='lat' dir='ltr'>tunc</span> <span class='ocrx_word' id='word_1_218' title='bbox 1042 3166 1196 3249; x_wconf 89' lang='lat' dir='ltr'>temporis</span> <span class='ocrx_word' id='word_1_219' title='bbox 1213 3166 1431 3251; x_wconf 87' lang='lat' dir='ltr'>opinarentur,</span> <span class='ocrx_word' id='word_1_220' title='bbox 1445 3188 1509 3229; x_wconf 92' lang='lat' dir='ltr'>non</span> 
     </span>
     <span class='ocr_line' id='line_1_26' title="bbox 404 3266 1509 3349; baseline 0.001 -18"><span class='ocrx_word' id='word_1_221' title='bbox 404 3276 539 3331; x_wconf 85' lang='lat' dir='ltr'>constat.</span> <span class='ocrx_word' id='word_1_222' title='bbox 574 3268 636 3332; x_wconf 92' lang='lat' dir='ltr'>Ait</span> <span class='ocrx_word' id='word_1_223' title='bbox 650 3268 682 3330; x_wconf 91' lang='lat' dir='ltr'>in</span> <span class='ocrx_word' id='word_1_224' title='bbox 698 3266 792 3331; x_wconf 83' lang='lat' dir='ltr'>Libro</span> <span class='ocrx_word' id='word_1_225' title='bbox 806 3266 852 3329; x_wconf 84' lang='lat' dir='ltr'>od</span> <span class='ocrx_word' id='word_1_226' title='bbox 869 3267 1028 3349; x_wconf 71' lang='lat' dir='ltr'>Martyres</span> <span class='ocrx_word' id='word_1_227' title='bbox 1047 3266 1272 3343; x_wconf 80' lang='lat' dir='ltr'>Tertullianus,</span> <span class='ocrx_word' id='word_1_228' title='bbox 1289 3289 1338 3331; x_wconf 82' lang='lat' dir='ltr'>cos</span> <span class='ocrx_word' id='word_1_229' title='bbox 1352 3267 1425 3330; x_wconf 85' lang='lat' dir='ltr'>odor</span> <span class='ocrx_word' id='word_1_230' title='bbox 1439 3269 1509 3332; x_wconf 65' lang='grc' dir='ltr'>τόν]</span> 
     </span>
     <span class='ocr_line' id='line_1_27' title="bbox 402 3369 700 3453; baseline 0 -22"><span class='ocrx_word' id='word_1_231' title='bbox 402 3369 573 3444; x_wconf 71' lang='lat' dir='ltr'>suscitat-is,</span> <span class='ocrx_word' id='word_1_232' title='bbox 590 3391 657 3453; x_wconf 87' lang='lat' dir='ltr'>cap.</span> <span class='ocrx_word' id='word_1_233' title='bbox 672 3388 700 3435; x_wconf 83' lang='lat'>2.</span> 
     </span>
    </p>

    <p class='ocr_par' dir='ltr' id='par_1_5' title="bbox 401 3469 1509 3961">
     <span class='ocr_line' id='line_1_28' title="bbox 449 3469 1505 3554; baseline 0.002 -22"><span class='ocrx_word' id='word_1_234' title='bbox 449 3469 530 3532; x_wconf 90' lang='lat' dir='ltr'>lbid.</span> <span class='ocrx_word' id='word_1_235' title='bbox 554 3471 574 3532; x_wconf 92' lang='lat' dir='ltr'>l.</span> <span class='ocrx_word' id='word_1_236' title='bbox 592 3489 640 3553; x_wconf 85' lang='lat'>15.</span> <span class='ocrx_word' id='word_1_237' title='bbox 663 3470 787 3549; x_wconf 81' lang='grc' dir='ltr'>προσέτι</span> <span class='ocrx_word' id='word_1_238' title='bbox 809 3473 842 3534; x_wconf 71' lang='grc' dir='ltr'>δέ</span> <span class='ocrx_word' id='word_1_239' title='bbox 865 3472 912 3535; x_wconf 84' lang='grc' dir='ltr'>καὶ</span> <span class='ocrx_word' id='word_1_240' title='bbox 933 3472 992 3534; x_wconf 85' lang='grc' dir='ltr'>όπδ</span> <span class='ocrx_word' id='word_1_241' title='bbox 1014 3478 1073 3535; x_wconf 79' lang='grc' dir='ltr'>τῶν</span> <span class='ocrx_word' id='word_1_242' title='bbox 1095 3474 1202 3554; x_wconf 81' lang='grc' dir='ltr'>έθνιδν]</span> <span class='ocrx_word' id='word_1_243' title='bbox 1229 3471 1425 3536; x_wconf 82' lang='lat' dir='ltr'>Particulam</span> <span class='ocrx_word' id='word_1_244' title='bbox 1448 3473 1505 3548; x_wconf 78' lang='grc' dir='ltr'>καὶ,</span> 
     </span>
     <span class='ocr_line' id='line_1_29' title="bbox 402 3571 1505 3656; baseline 0.004 -23"><span class='ocrx_word' id='word_1_245' title='bbox 402 3592 498 3655; x_wconf 86' lang='lat' dir='ltr'>quam</span> <span class='ocrx_word' id='word_1_246' title='bbox 522 3593 562 3634; x_wconf 89' lang='lat' dir='ltr'>ex</span> <span class='ocrx_word' id='word_1_247' title='bbox 580 3572 655 3634; x_wconf 73' lang='lat' dir='ltr'>Mc.</span> <span class='ocrx_word' id='word_1_248' title='bbox 680 3571 771 3635; x_wconf 84' lang='lat' dir='ltr'>Bodl.</span> <span class='ocrx_word' id='word_1_249' title='bbox 795 3572 914 3649; x_wconf 86' lang='lat' dir='ltr'>addidi,</span> <span class='ocrx_word' id='word_1_250' title='bbox 936 3574 1069 3656; x_wconf 73' lang='lat' dir='ltr'>Rufinus</span> <span class='ocrx_word' id='word_1_251' title='bbox 1092 3573 1167 3636; x_wconf 87' lang='lat' dir='ltr'>olim</span> <span class='ocrx_word' id='word_1_252' title='bbox 1189 3573 1344 3638; x_wconf 86' lang='lat' dir='ltr'>invenisse</span> <span class='ocrx_word' id='word_1_253' title='bbox 1371 3573 1505 3648; x_wconf 86' lang='lat' dir='ltr'>videtur,</span> 
     </span>
     <span class='ocr_line' id='line_1_30' title="bbox 403 3671 1509 3762; baseline 0.003 -28"><span class='ocrx_word' id='word_1_254' title='bbox 403 3672 457 3755; x_wconf 92' lang='lat' dir='ltr'>qui</span> <span class='ocrx_word' id='word_1_255' title='bbox 480 3671 587 3746; x_wconf 81' lang='lat' dir='ltr'>vertit,</span> <span class='ocrx_word' id='word_1_256' title='bbox 610 3672 677 3736; x_wconf 84' lang='lat' dir='ltr'>Sed</span> <span class='ocrx_word' id='word_1_257' title='bbox 702 3683 731 3737; x_wconf 78' lang='lat' dir='ltr'>et</span> <span class='ocrx_word' id='word_1_258' title='bbox 751 3674 828 3759; x_wconf 80' lang='grc' dir='ltr'>ι’ρσιι</span> <span class='ocrx_word' id='word_1_259' title='bbox 845 3673 1005 3759; x_wconf 67' lang='lat' dir='ltr'>pestilibus</span> <span class='ocrx_word' id='word_1_260' title='bbox 1026 3676 1061 3738; x_wconf 81' lang='lat' dir='ltr'>in</span> <span class='ocrx_word' id='word_1_261' title='bbox 1083 3675 1176 3739; x_wconf 73' lang='lat' dir='ltr'>multo</span> <span class='ocrx_word' id='word_1_262' title='bbox 1196 3673 1357 3762; x_wconf 77' lang='lat' dir='ltr'>opprobrio</span> <span class='ocrx_word' id='word_1_263' title='bbox 1380 3674 1509 3760; x_wconf 67' lang='lat' dir='ltr'>expositi</span> 
     </span>
     <span class='ocr_line' id='line_1_31' title="bbox 401 3774 1505 3860; baseline 0.003 -25"><span class='ocrx_word' id='word_1_264' title='bbox 401 3784 497 3836; x_wconf 73' lang='grc' dir='ltr'>οτανιό.</span> <span class='ocrx_word' id='word_1_265' title='bbox 543 3774 635 3837; x_wconf 86' lang='grc' dir='ltr'>Νιιαο</span> <span class='ocrx_word' id='word_1_266' title='bbox 657 3798 731 3839; x_wconf 91' lang='lat' dir='ltr'>vero</span> <span class='ocrx_word' id='word_1_267' title='bbox 751 3776 849 3840; x_wconf 82' lang='lat' dir='ltr'>refert</span> <span class='ocrx_word' id='word_1_268' title='bbox 867 3784 998 3860; x_wconf 87' lang='lat' dir='ltr'>recepto</span> <span class='ocrx_word' id='word_1_269' title='bbox 1018 3777 1065 3839; x_wconf 77' lang='grc' dir='ltr'>καὶ</span> <span class='ocrx_word' id='word_1_270' title='bbox 1087 3777 1256 3853; x_wconf 90' lang='lat' dir='ltr'>Burtonus‚</span> <span class='ocrx_word' id='word_1_271' title='bbox 1273 3785 1384 3840; x_wconf 84' lang='lat' dir='ltr'>extare</span> <span class='ocrx_word' id='word_1_272' title='bbox 1405 3776 1505 3860; x_wconf 88' lang='lat' dir='ltr'>parti-</span> 
     </span>
     <span class='ocr_line' id='line_1_32' title="bbox 402 3874 1245 3961; baseline 0 -23"><span class='ocrx_word' id='word_1_273' title='bbox 402 3874 504 3938; x_wconf 86' lang='lat' dir='ltr'>culam</span> <span class='ocrx_word' id='word_1_274' title='bbox 520 3876 553 3938; x_wconf 92' lang='lat' dir='ltr'>in</span> <span class='ocrx_word' id='word_1_275' title='bbox 567 3876 651 3940; x_wconf 83' lang='lat' dir='ltr'>codd.</span> <span class='ocrx_word' id='word_1_276' title='bbox 667 3876 802 3941; x_wconf 78' lang='grc' dir='ltr'>οταιιόόιιι</span> <span class='ocrx_word' id='word_1_277' title='bbox 819 3885 938 3961; x_wconf 84' lang='lat' dir='ltr'>praeter</span> <span class='ocrx_word' id='word_1_278' title='bbox 951 3879 1025 3961; x_wconf 66' lang='lat' dir='ltr'>req.</span> <span class='ocrx_word' id='word_1_279' title='bbox 1041 3884 1075 3940; x_wconf 87' lang='lat' dir='ltr'>et</span> <span class='ocrx_word' id='word_1_280' title='bbox 1098 3878 1245 3940; x_wconf 75' lang='lat' dir='ltr'>Veretum.</span> 
     </span>
    </p>

    <p class='ocr_par' dir='ltr' id='par_1_6' title="bbox 401 3976 1506 4163">
     <span class='ocr_line' id='line_1_33' title="bbox 446 3976 1506 4063; baseline 0.003 -26"><span class='ocrx_word' id='word_1_281' title='bbox 446 3976 527 4040; x_wconf 88' lang='lat' dir='ltr'>lbid.</span> <span class='ocrx_word' id='word_1_282' title='bbox 538 3976 557 4038; x_wconf 93' lang='lat' dir='ltr'>l.</span> <span class='ocrx_word' id='word_1_283' title='bbox 573 3979 619 4039; x_wconf 87' lang='lat'>16.</span> <span class='ocrx_word' id='word_1_284' title='bbox 637 3979 832 4059; x_wconf 75' lang='grc' dir='ltr'>ἀνδροφόνων</span> <span class='ocrx_word' id='word_1_285' title='bbox 847 3976 997 4061; x_wconf 82' lang='grc' dir='ltr'>ἔγκλημα]</span> <span class='ocrx_word' id='word_1_286' title='bbox 1009 3978 1142 4063; x_wconf 82' lang='lat' dir='ltr'>Recepit</span> <span class='ocrx_word' id='word_1_287' title='bbox 1150 3978 1183 4040; x_wconf 90' lang='lat' dir='ltr'>iu</span> <span class='ocrx_word' id='word_1_288' title='bbox 1196 3986 1322 4041; x_wconf 84' lang='lat' dir='ltr'>textum</span> <span class='ocrx_word' id='word_1_289' title='bbox 1335 3977 1506 4059; x_wconf 79' lang='grc' dir='ltr'>ἐγκλήματα</span> 
     </span>
     <span class='ocr_line' id='line_1_34' title="bbox 401 4076 1084 4163; baseline 0 -23"><span class='ocrx_word' id='word_1_290' title='bbox 401 4076 564 4141; x_wconf 90' lang='lat' dir='ltr'>Burtouus</span> <span class='ocrx_word' id='word_1_291' title='bbox 578 4098 619 4140; x_wconf 85' lang='lat' dir='ltr'>cx</span> <span class='ocrx_word' id='word_1_292' title='bbox 634 4100 690 4141; x_wconf 84' lang='lat' dir='ltr'>sex</span> <span class='ocrx_word' id='word_1_293' title='bbox 704 4100 836 4142; x_wconf 89' lang='lat' dir='ltr'>numero</span> <span class='ocrx_word' id='word_1_294' title='bbox 850 4078 1084 4163; x_wconf 88' lang='lat' dir='ltr'>manuscriptis.</span> 
     </span>
    </p>

    <p class='ocr_par' dir='ltr' id='par_1_7' title="bbox 399 4178 1506 4344">
     <span class='ocr_line' id='line_1_35' title="bbox 444 4178 1506 4266; baseline 0 -25"><span class='ocrx_word' id='word_1_295' title='bbox 444 4180 482 4241; x_wconf 92' lang='lat' dir='ltr'>P.</span> <span class='ocrx_word' id='word_1_296' title='bbox 500 4199 574 4263; x_wconf 82' lang='lat'>309.</span> <span class='ocrx_word' id='word_1_297' title='bbox 602 4180 620 4241; x_wconf 92' lang='lat' dir='ltr'>l.</span> <span class='ocrx_word' id='word_1_298' title='bbox 643 4200 667 4241; x_wconf 86' lang='lat' dir='ltr'>r.</span> <span class='ocrx_word' id='word_1_299' title='bbox 695 4180 743 4243; x_wconf 80' lang='grc' dir='ltr'>καὶ</span> <span class='ocrx_word' id='word_1_300' title='bbox 769 4181 798 4241; x_wconf 90' lang='lat' dir='ltr'>ol</span> <span class='ocrx_word' id='word_1_301' title='bbox 824 4178 1126 4266; x_wconf 83' lang='grc' dir='ltr'>συλλαμβανόμενοι]</span> <span class='ocrx_word' id='word_1_302' title='bbox 1152 4179 1290 4243; x_wconf 85' lang='lat' dir='ltr'>Addunt</span> <span class='ocrx_word' id='word_1_303' title='bbox 1312 4182 1345 4243; x_wconf 72' lang='grc' dir='ltr'>δὲ</span> <span class='ocrx_word' id='word_1_304' title='bbox 1373 4179 1506 4243; x_wconf 70' lang='grc' dir='ltr'>Θηοίοτὶ</span> 
     </span>
     <span class='ocr_line' id='line_1_36' title="bbox 399 4278 998 4344; baseline 0.002 -2"><span class='ocrx_word' id='word_1_305' title='bbox 399 4280 493 4343; x_wconf 75' lang='lat' dir='ltr'>Lecti.</span> <span class='ocrx_word' id='word_1_306' title='bbox 510 4288 544 4344; x_wconf 92' lang='lat' dir='ltr'>et</span> <span class='ocrx_word' id='word_1_307' title='bbox 558 4279 622 4343; x_wconf 86' lang='lat' dir='ltr'>cod.</span> <span class='ocrx_word' id='word_1_308' title='bbox 642 4278 837 4343; x_wconf 64' lang='lat' dir='ltr'>caelasse.</span> <span class='ocrx_word' id='word_1_309' title='bbox 864 4279 998 4343; x_wconf 81' lang='lat' dir='ltr'>Sruonu.</span> 
     </span>
    </p>

    <p class='ocr_par' dir='ltr' id='par_1_8' title="bbox 393 4379 1505 4774">
     <span class='ocr_line' id='line_1_37' title="bbox 445 4379 1505 4468; baseline 0.001 -25"><span class='ocrx_word' id='word_1_310' title='bbox 445 4381 528 4443; x_wconf 82' lang='lat' dir='ltr'>lbid.</span> <span class='ocrx_word' id='word_1_311' title='bbox 544 4379 565 4442; x_wconf 94' lang='lat' dir='ltr'>l.</span> <span class='ocrx_word' id='word_1_312' title='bbox 576 4402 607 4463; x_wconf 83' lang='lat'>5.</span> <span class='ocrx_word' id='word_1_313' title='bbox 627 4383 664 4444; x_wconf 85' lang='grc' dir='ltr'>τδ</span> <span class='ocrx_word' id='word_1_314' title='bbox 677 4383 821 4461; x_wconf 71' lang='grc' dir='ltr'>μαρτύρια</span> <span class='ocrx_word' id='word_1_315' title='bbox 835 4385 886 4459; x_wconf 76' lang='grc' dir='ltr'>τῆς</span> <span class='ocrx_word' id='word_1_316' title='bbox 907 4383 1009 4459; x_wconf 77' lang='grc' dir='ltr'>ἐξόδου</span> <span class='ocrx_word' id='word_1_317' title='bbox 1025 4380 1136 4468; x_wconf 78' lang='grc' dir='ltr'>αὐτῶν]</span> <span class='ocrx_word' id='word_1_318' title='bbox 1158 4380 1270 4445; x_wconf 82' lang='lat' dir='ltr'>Verba</span> <span class='ocrx_word' id='word_1_319' title='bbox 1288 4380 1339 4444; x_wconf 89' lang='lat' dir='ltr'>hic</span> <span class='ocrx_word' id='word_1_320' title='bbox 1355 4381 1505 4445; x_wconf 85' lang='lat' dir='ltr'>videntur</span> 
     </span>
     <span class='ocr_line' id='line_1_38' title="bbox 398 4481 1502 4569; baseline 0.005 -25"><span class='ocrx_word' id='word_1_321' title='bbox 398 4501 466 4545; x_wconf 83' lang='lat' dir='ltr'>esse</span> <span class='ocrx_word' id='word_1_322' title='bbox 489 4481 694 4567; x_wconf 84' lang='lat' dir='ltr'>transposita,</span> <span class='ocrx_word' id='word_1_323' title='bbox 710 4502 780 4565; x_wconf 83' lang='lat' dir='ltr'>quae</span> <span class='ocrx_word' id='word_1_324' title='bbox 799 4481 843 4545; x_wconf 83' lang='lat' dir='ltr'>sic</span> <span class='ocrx_word' id='word_1_325' title='bbox 864 4486 1032 4546; x_wconf 86' lang='lat' dir='ltr'>construo:</span> <span class='ocrx_word' id='word_1_326' title='bbox 1058 4485 1099 4549; x_wconf 77' lang='lat' dir='ltr'>sis</span> <span class='ocrx_word' id='word_1_327' title='bbox 1118 4488 1179 4546; x_wconf 78' lang='grc' dir='ltr'>πᾶν</span> <span class='ocrx_word' id='word_1_328' title='bbox 1200 4481 1278 4549; x_wconf 79' lang='grc' dir='ltr'>εἶδος</span> <span class='ocrx_word' id='word_1_329' title='bbox 1301 4487 1429 4569; x_wconf 80' lang='grc' dir='ltr'>διῃρεῖτο</span> <span class='ocrx_word' id='word_1_330' title='bbox 1452 4486 1502 4561; x_wconf 77' lang='grc' dir='ltr'>τῆς</span> 
     </span>
     <span class='ocr_line' id='line_1_39' title="bbox 398 4584 1502 4671; baseline 0.003 -25"><span class='ocrx_word' id='word_1_331' title='bbox 398 4586 500 4662; x_wconf 71' lang='grc' dir='ltr'>ἐξόδου</span> <span class='ocrx_word' id='word_1_332' title='bbox 522 4588 559 4649; x_wconf 74' lang='grc' dir='ltr'>τὰ</span> <span class='ocrx_word' id='word_1_333' title='bbox 579 4588 723 4666; x_wconf 82' lang='grc' dir='ltr'>μαρτύρια</span> <span class='ocrx_word' id='word_1_334' title='bbox 745 4585 850 4649; x_wconf 81' lang='grc' dir='ltr'>αὐτῶν.</span> <span class='ocrx_word' id='word_1_335' title='bbox 876 4584 1042 4648; x_wconf 68' lang='lat' dir='ltr'>Vinusrus.</span> <span class='ocrx_word' id='word_1_336' title='bbox 1089 4585 1188 4649; x_wconf 87' lang='lat' dir='ltr'>Vetus</span> <span class='ocrx_word' id='word_1_337' title='bbox 1212 4585 1368 4671; x_wconf 88' lang='lat' dir='ltr'>interpres</span> <span class='ocrx_word' id='word_1_338' title='bbox 1394 4584 1502 4658; x_wconf 83' lang='lat' dir='ltr'>habet,</span> 
     </span>
     <span class='ocr_line' id='line_1_40' title="bbox 393 4685 1504 4774; baseline 0.001 -23"><span class='ocrx_word' id='word_1_339' title='bbox 393 4708 453 4771; x_wconf 75' lang='lat' dir='ltr'>por</span> <span class='ocrx_word' id='word_1_340' title='bbox 474 4687 609 4752; x_wconf 77' lang='lat' dir='ltr'>divorsas</span> <span class='ocrx_word' id='word_1_341' title='bbox 630 4688 737 4774; x_wconf 78' lang='lat' dir='ltr'>species</span> <span class='ocrx_word' id='word_1_342' title='bbox 761 4688 906 4770; x_wconf 71' lang='lat' dir='ltr'>rircrlyrii</span> <span class='ocrx_word' id='word_1_343' title='bbox 929 4688 1074 4773; x_wconf 75' lang='grc' dir='ltr'>ι’ρνοιιιια,</span> <span class='ocrx_word' id='word_1_344' title='bbox 1094 4697 1192 4774; x_wconf 87' lang='lat' dir='ltr'>atque</span> <span class='ocrx_word' id='word_1_345' title='bbox 1214 4688 1261 4753; x_wconf 86' lang='lat' dir='ltr'>ita</span> <span class='ocrx_word' id='word_1_346' title='bbox 1282 4688 1385 4753; x_wconf 89' lang='lat' dir='ltr'>locuru</span> <span class='ocrx_word' id='word_1_347' title='bbox 1407 4685 1441 4752; x_wconf 86' lang='lat' dir='ltr'>N</span> <span class='ocrx_word' id='word_1_348' title='bbox 1444 4686 1504 4752; x_wconf 80' lang='lat' dir='ltr'>ioe-</span> 
     </span>
    </p>

    <p class='ocr_par' dir='ltr' id='par_1_9' title="bbox 904 4809 996 4872">
     <span class='ocr_line' id='line_1_41' title="bbox 904 4809 996 4872; baseline 0.043 -22"><span class='ocrx_word' id='word_1_349' title='bbox 904 4809 996 4872; x_wconf 72' lang='grc' dir='ltr'>νην</span> 
     </span>
    </p>
   </div>
   <div class='ocr_carea' id='block_1_3' title="bbox 0 0 1910 5650">
    <p class='ocr_par' dir='ltr' id='par_1_10' title="bbox 0 0 1910 5650">
     <span class='ocr_line' id='line_1_42' title="bbox 0 0 1910 5650; baseline 0 6"><span class='ocrx_word' id='word_1_350' title='bbox 0 0 1910 5650; x_wconf 95' lang='lat' dir='ltr'> </span> 
     </span>
    </p>
   </div>
  </div>
 </body>
</html>
