3809 5650
395 683 461 751 298
719 682 968 763 RELIQUIAE
990 683 1168 750 SACRAE.

396 848 540 952 ἀλόγως
562 851 750 951 γινομένην
774 854 894 954 κρίσιν
923 854 988 931 οὐκ
1017 850 1234 949 ἐβάστασεν,
1257 854 1341 931 ἀλλ’
1364 855 1493 954 ὑπερη·

396 982 613 1085 γανάκτησε,
630 989 689 1064 καὶ
706 987 809 1092 ἠξίου
828 990 887 1066 καὶ
911 985 1018 1070 αὐτὸς
1042 990 1263 1087 ἀκουσθῆναι
1289 986 1494 1087 ἀπολογού-

396 1151 501 1215 μενος
520 1116 607 1221 ὑπὲρ
625 1126 697 1198 τῶν
716 1123 895 1226 ἀδελφῶν,
914 1121 970 1200 im
988 1120 1098 1220 μηδὲν
1124 1120 1231 1200 ἀθεον
1255 1119 1344 1218 μηδὲ
1369 1120 1499 1213 ἀσεβές

397 1254 497 1331 ε’στιν
515 1254 554 1331 ἐν
580 1254 678 1351 ἡμῖν.
719 1260 790 1333 τῶν
818 1253 855 1332 δὲ
880 1257 961 1356 περὶ
994 1252 1035 1333 τὸ
1063 1258 1166 1352 βῆμα
1193 1253 1499 1353 καταβοησάντων

398 1387 519 1465 αὐτοῦ·
548 1385 698 1489 καὶγὰρ
716 1385 760 1486 ἦν
778 1389 964 1488 ἐπίσημος·
993 1391 1051 1467 καὶ
1069 1396 1133 1466 τοῦ
1151 1384 1324 1488 ἡγεμόνος
1343 1386 1393 1485 μὴ
1415 1390 1524 1479 ἀνα-5

397 1520 577 1623 σχομίνου
608 1526 673 1620 τῆς
704 1526 814 1605 οὕτως
851 1524 909 1602 ὑπ’
944 1523 1053 1600 αὑτοῦ
1089 1521 1222 1603 δικαίας
1259 1522 1500 1623 προταθείσης

398 1653 592 1759 ἀξιώσεως,
611 1654 710 1734 ἀλλά
727 1656 838 1753 μόνον
856 1664 961 1735 τοῦτο
980 1655 1180 1752 πυθομένου
1199 1661 1228 1733 εί
1247 1658 1305 1733 καὶ
1323 1655 1428 1737 αὐτὸς
1447 1654 1499 1754 ε’ίη

398 1788 628 1889 Χριστιανός·
651 1799 714 1869 τοῦ
742 1788 780 1869 δὲ
804 1788 1042 1893 λαμπροτάτῃ
1069 1794 1173 1895 φωνῇ
1193 1789 1499 1891 ὁμολογήσαντος,

397 1920 586 2030 ἀνελήφθη
618 1928 677 2003 καὶ
709 1923 815 2009 αὐτὸς
846 1931 895 2008 είς
928 1924 992 2004 τὸν
1025 1929 1162 2026 κλῆρον
1194 1932 1267 2005 τῶν
1298 1925 1498 2028 μαρτύρων,

396 2054 628 2159 παράκλητος
664 2063 896 2161 Χριστιανῶν
931 2061 1171 2161 χρηματίσας·
1221 2061 1313 2164 ἔχων
1355 2062 1394 2141 δὲ
1436 2060 1499 2141 τὸν
1514 2091 1547 2129 ¹0

396 2187 631 2291 παράκλητον
651 2194 690 2269 ἓν
707 2193 830 2298 ἑαυτῷ,
845 2192 903 2271 cad
920 2200 1061 2292 πνεῦμα
1078 2201 1205 2273 πλεῖον
1223 2204 1286 2273 τοῦ
1307 2198 1498 2301 Ζαχαρίου,

397 2319 434 2401 ‘¹3
454 2321 512 2401 διὰ
529 2331 592 2402 τοῦ
610 2325 850 2428 πληρώματος
869 2330 932 2424 τῆς
956 2325 1098 2428 ἀγάπης
1124 2328 1331 2434 ἐνεδείξατο,
1350 2329 1495 2430 εὐδοκή-

397 2490 469 2540 σας
487 2456 576 2560 ίπτέρ
593 2461 658 2556 τῆς
683 2465 757 2539 τῶν
779 2462 949 2567 ἀδελφῶν
977 2464 1175 2566 ἀπολογίας
1200 2467 1258 2543 καὶ
1282 2462 1348 2557 τὴν
1374 2469 1500 2546 ἑαυτοῦ

398 2597 510 2671 θεῖναι
534 2591 669 2699 ψυχήν.
698 2591 743 2695 ἦν
769 2593 842 2698 γάρ
861 2598 919 2674 καὶ
946 2595 1027 2675 ἔστι
1053 2593 1204 2698 γνήσιος
1231 2603 1397 2700 Χριστοῦ
1424 2634 1495 2697 μα·

399 2725 519 2828 emita,
537 2730 758 2809 ’ἀκολουθῶν
775 2736 827 2837 τῷ
845 2732 955 2839 ἀρνίιρ
975 2731 1066 2812 iinon
1084 2730 1129 2811 ἀν
1147 2731 1279 2838 ι’νπάγη.
1514 2775 1523 2814 ι
1529 2775 1545 2832 5

454 2861 496 2945 δ.
527 2870 714 2945 Ἐντεῦθεν
740 2866 785 2965 δὴ
811 2867 1024 2969 διεκρίνοντο
1048 2875 1082 2948 oi
1110 2869 1240 2949 λοιποί·
1267 2872 1326 2948 καὶ
1353 2873 1500 2972 φανεροὶ

398 3002 457 3078 καὶ
475 2999 608 3098 ἕτοιμοι
625 3002 785 3103 ἐγίνοντο
800 3000 1109 3105 πρωτομιίρτυρες·
1141 3001 1175 3080 oi
1193 3005 1252 3080 καὶ
1270 2999 1359 3099 μετὰ
1377 3000 1501 3100 πάσης

398 3314 527 3390 inquam,
552 3333 618 3373 oum
643 3326 719 3373 esset
745 3314 924 3391 hujusmodi,
977 3314 1257 3392 voceprofeasus,in
1269 3324 1428 3391 martyrum
1444 3332 1498 3371 nn·

399 3391 472 3450 adeo
493 3393 635 3469 injustum
652 3394 790 3452 adversus
809 3413 862 3451 nos
875 3393 925 3467 ju·
976 3413 1087 3451 merum
1113 3392 1223 3451 relatus
1245 3402 1307 3451 est‘:
1330 3392 1500 3452 Advocatus

400 3471 509 3530 dicium
535 3473 599 3564 pati
623 3493 682 3531 nou
706 3472 815 3551 potuit.
866 3471 925 3530 Sed
976 3471 1094 3548 quidem
1129 3473 1359 3530 Christianorum
1391 3472 1548 3549 judicis20

399 3550 600 3628 indignatione
614 3563 785 3617 commotus.
798 3550 926 3629 postula·
977 3550 1071 3628 elogio
1082 3550 1265 3630 appellatus;
1282 3552 1391 3611 habeus
1402 3563 1499 3610 autem

399 3630 443 3687 vit
457 3640 491 3687 ut
502 3630 556 3689 sibi
568 3651 684 3709 quoque
694 3631 795 3690 liceret
826 3651 859 3688 ro
867 3630 925 3687 fra-
977 3631 1007 3687 iu
1032 3630 1126 3708 seipso
1149 3630 1333 3689 Advocatum
1357 3632 1500 3710 Spiritum

400 3709 494 3769 tribus
516 3730 630 3769 eanum
651 3710 756 3777 dicere,
771 3652 923 3789 paiamque
974 3709 1499 3787 sanctummultoabundantiusquam

400 3789 641 3857 ostendere,nihil
652 3790 730 3870 apud
739 3811 792 3849 uos
800 3789 923 3868 impium
975 3789 1138 3848 Zacharias.
1184 3789 1281 3860 Quem
1306 3789 1423 3867 quidem
1453 3811 1500 3849 oa·

400 3880 451 3928 aut
461 3870 656 3949 irreligiosum
666 3870 796 3950 reperiri.
815 3869 923 3928 Verum
975 3869 1071 3927 ritatis
1105 3869 1294 3927 exuberantia
1332 3870 1546 3952 declaravitas

400 3969 466 4009 cum
498 3950 542 4008 illi
576 3952 626 4029 qni
659 3952 767 4010 circum
797 3947 925 4010 tribuual
976 3949 1085 4028 quippe
1104 3951 1154 4026 qui
1175 3948 1347 4008 sustinuerit
1368 3970 1421 4027 pro
1442 3952 1501 4010 fra·

399 4028 562 4100 adstabant,
581 4031 720 4092 adversus
744 4051 811 4089 eum
836 4029 925 4089 incla-
977 4039 1055 4087 trum
1070 4027 1238 4088 defensione
1249 4030 1336 4087 morti
1347 4042 1439 4089 semet
1449 4031 1500 4089 ob-

399 4122 526 4170 mussent
543 4115 619 4185 (erat
633 4113 742 4192 quippe
761 4111 837 4170 inter
856 4130 924 4168 suos
971 4108 1072 4185 jieere.
1117 4110 1188 4168 Fuit
1213 4108 1342 4167 enimet
1367 4119 1411 4167 est
1434 4130 1499 4187 ger·

399 4189 507 4260 clarus)
529 4203 560 4251 et
585 4192 697 4252 Praeses
721 4192 783 4269 ipse
805 4190 922 4269 petitio-
975 4188 1501 4280 mannsChristidiscipulus,reqaena

399 4290 466 4329 nem
497 4270 604 4350 alioqui
630 4271 820 4349 justissimam
848 4289 923 4348 egre
975 4288 1081 4348 agnum
1096 4289 1259 4348 quocunque
1272 4272 1346 4327 serit.
1509 4295 1548 4352 30

398 4350 499 4417 ferret,
515 4350 603 4428 idque
626 4372 716 4410 unum
736 4372 773 4410 ex
791 4372 827 4409 eo
844 4369 922 4427 quae·
1015 4348 1046 4406 4.
1069 4349 1188 4407 Exinde
1205 4348 1291 4406 etiam
1322 4347 1426 4425 reliqui
1454 4349 1498 4407 di-

400 4441 477 4488 reret
507 4443 620 4491 essetne
647 4432 846 4491 Christianus:
875 4429 925 4487 ille
975 4428 1074 4506 gnossi
1090 4448 1123 4487 ac
1137 4428 1277 4505 distingui
1292 4448 1416 4507 eoepere.
1460 4430 1499 4488 Et

399 4508 596 4569 Christianum
625 4533 656 4571 se
680 4532 742 4570 esse
766 4510 923 4569 clarissima
974 4508 1100 4586 prompti
1115 4507 1232 4584 quidem
1253 4527 1286 4566 ac
1304 4508 1396 4586 parati
1416 4519 1499 4568 erant

517 4732 530 4760 0
548 4721 607 4771 [κιο.
619 4722 636 4769 i.
649 4720 688 4782 67.
822 4723 836 4760 d
853 4721 925 4769 dosa.
939 4734 980 4768 xv.
997 4731 1033 4779 ¹3·
1168 4728 1181 4757 ο
1198 4718 1338 4780 Δροαμίν.
1351 4732 1376 4776 4.
