<?xml version="1.0" encoding="UTF-8"?>
<!DOCTYPE html PUBLIC "-//W3C//DTD XHTML 1.0 Transitional//EN"
    "http://www.w3.org/TR/xhtml1/DTD/xhtml1-transitional.dtd">
<html xmlns="http://www.w3.org/1999/xhtml" xml:lang="en" lang="en">
 <head>
  <title>
</title>
<meta http-equiv="Content-Type" content="text/html;charset=utf-8" />
  <meta name='ocr-system' content='tesseract 3.04.00' />
  <meta name='ocr-capabilities' content='ocr_page ocr_carea ocr_par ocr_line ocrx_word'/>
</head>
<body>
  <div class='ocr_page' id='page_1' title='image "./reliquiaesacrae07routgoog_0068.png"; bbox 0 0 3809 5650; ppageno 0'>
   <div class='ocr_carea' id='block_1_1' title="bbox 398 552 1140 622">
    <p class='ocr_par' dir='ltr' id='par_1_1' title="bbox 398 552 1140 622">
     <span class='ocr_line' id='line_1_1' title="bbox 398 552 1140 622; baseline -0.011 0"><span class='ocrx_word' id='word_1_1' title='bbox 398 563 442 622; x_wconf 69' lang='lat'><em>22</em></span> <span class='ocrx_word' id='word_1_2' title='bbox 762 552 1140 617; x_wconf 81' lang='lat' dir='ltr'><em>ANNOTATIONES</em></span> 
     </span>
    </p>
   </div>
   <div class='ocr_carea' id='block_1_2' title="bbox 295 719 1518 4665">
    <p class='ocr_par' dir='ltr' id='par_1_2' title="bbox 295 719 1518 4665">
     <span class='ocr_line' id='line_1_2' title="bbox 295 719 1506 817; baseline -0.005 -27"><span class='ocrx_word' id='word_1_3' title='bbox 295 746 298 752; x_wconf 89' lang='lat'>·</span> <span class='ocrx_word' id='word_1_4' title='bbox 391 750 574 817; x_wconf 63' lang='lat' dir='ltr'><em>preponens</em></span> <span class='ocrx_word' id='word_1_5' title='bbox 595 727 646 790; x_wconf 84' lang='lat' dir='ltr'><em>illi</em></span> <span class='ocrx_word' id='word_1_6' title='bbox 671 726 859 790; x_wconf 81' lang='lat' dir='ltr'><em>Aristioaem</em></span> <span class='ocrx_word' id='word_1_7' title='bbox 887 723 1072 807; x_wconf 62' lang='lat' dir='ltr'><em>quemdam</em></span> <span class='ocrx_word' id='word_1_8' title='bbox 1101 723 1280 808; x_wconf 60' lang='lat' dir='ltr'><em>eanquue</em></span> <span class='ocrx_word' id='word_1_9' title='bbox 1296 719 1506 806; x_wconf 69' lang='lat' dir='ltr'><em>pralyunem</em></span> 
     </span>
     <span class='ocr_line' id='line_1_3' title="bbox 399 825 1504 908; baseline -0.009 -12"><span class='ocrx_word' id='word_1_10' title='bbox 399 834 508 896; x_wconf 83' lang='lat' dir='ltr'><em>diserte</em></span> <span class='ocrx_word' id='word_1_11' title='bbox 521 830 667 894; x_wconf 76' lang='lat' dir='ltr'><em>aenei-rtet.</em></span> <span class='ocrx_word' id='word_1_12' title='bbox 716 828 778 906; x_wconf 76' lang='lat' dir='ltr'><em>Quo</em></span> <span class='ocrx_word' id='word_1_13' title='bbox 784 828 826 908; x_wconf 75' lang='lat' dir='ltr'><em>fir</em></span> <span class='ocrx_word' id='word_1_14' title='bbox 841 836 874 888; x_wconf 84' lang='lat' dir='ltr'><em>ul</em></span> <span class='ocrx_word' id='word_1_15' title='bbox 896 848 969 888; x_wconf 85' lang='lat' dir='ltr'><em>uero</em></span> <span class='ocrx_word' id='word_1_16' title='bbox 987 825 1128 888; x_wconf 75' lang='lat' dir='ltr'><em>oideatru</em></span> <span class='ocrx_word' id='word_1_17' title='bbox 1142 848 1199 889; x_wconf 84' lang='lat' dir='ltr'><em>esse</em></span> <span class='ocrx_word' id='word_1_18' title='bbox 1218 827 1358 889; x_wconf 81' lang='lat' dir='ltr'><em>narratio</em></span> <span class='ocrx_word' id='word_1_19' title='bbox 1372 825 1504 899; x_wconf 62' lang='lat' dir='ltr'><em>iliram,</em></span> 
     </span>
     <span class='ocr_line' id='line_1_4' title="bbox 397 926 1508 1020; baseline -0.009 -22"><span class='ocrx_word' id='word_1_20' title='bbox 397 936 451 1020; x_wconf 85' lang='lat' dir='ltr'><em>qui</em></span> <span class='ocrx_word' id='word_1_21' title='bbox 466 934 539 997; x_wconf 86' lang='lat' dir='ltr'><em>duos</em></span> <span class='ocrx_word' id='word_1_22' title='bbox 557 931 656 994; x_wconf 84' lang='lat' dir='ltr'><em>eodem</em></span> <span class='ocrx_word' id='word_1_23' title='bbox 676 929 794 991; x_wconf 74' lang='lat' dir='ltr'><em>notuisse</em></span> <span class='ocrx_word' id='word_1_24' title='bbox 811 926 977 1011; x_wconf 83' lang='lat' dir='ltr'><em>appellatos</em></span> <span class='ocrx_word' id='word_1_25' title='bbox 998 928 1031 988; x_wconf 89' lang='lat' dir='ltr'><em>in</em></span> <span class='ocrx_word' id='word_1_26' title='bbox 1056 927 1137 990; x_wconf 84' lang='lat' dir='ltr'><em>Asia</em></span> <span class='ocrx_word' id='word_1_27' title='bbox 1160 927 1269 989; x_wconf 72' lang='lat' dir='ltr'><em>ciuisse</em></span> <span class='ocrx_word' id='word_1_28' title='bbox 1287 927 1451 989; x_wconf 57' lang='lat' dir='ltr'><em>diamasa:</em></span> <span class='ocrx_word' id='word_1_29' title='bbox 1479 935 1508 988; x_wconf 81' lang='lat' dir='ltr'><em>st</em></span> 
     </span>
     <span class='ocr_line' id='line_1_5' title="bbox 400 1028 1508 1121; baseline -0.009 -21"><span class='ocrx_word' id='word_1_30' title='bbox 400 1035 488 1121; x_wconf 81' lang='lat' dir='ltr'><em>opud</em></span> <span class='ocrx_word' id='word_1_31' title='bbox 500 1033 653 1117; x_wconf 78' lang='lat' dir='ltr'><em>Epir-esum</em></span> <span class='ocrx_word' id='word_1_32' title='bbox 668 1030 728 1093; x_wconf 85' lang='lat' dir='ltr'><em>duo</em></span> <span class='ocrx_word' id='word_1_33' title='bbox 750 1050 808 1091; x_wconf 85' lang='lat' dir='ltr'><em>esse</em></span> <span class='ocrx_word' id='word_1_34' title='bbox 827 1028 975 1112; x_wconf 69' lang='lat' dir='ltr'><em>sepiolae,</em></span> <span class='ocrx_word' id='word_1_35' title='bbox 992 1039 1018 1091; x_wconf 83' lang='lat' dir='ltr'><em>et</em></span> <span class='ocrx_word' id='word_1_36' title='bbox 1038 1039 1195 1112; x_wconf 73' lang='lat' dir='ltr'><em>almosque</em></span> <span class='ocrx_word' id='word_1_37' title='bbox 1214 1029 1347 1091; x_wconf 82' lang='lat' dir='ltr'><em>Jououis</em></span> <span class='ocrx_word' id='word_1_38' title='bbox 1366 1029 1508 1091; x_wconf 75' lang='lat' dir='ltr'><em>toaeesos</em></span> 
     </span>
     <span class='ocr_line' id='line_1_6' title="bbox 400 1130 1505 1216; baseline -0.009 -16"><span class='ocrx_word' id='word_1_39' title='bbox 400 1136 564 1201; x_wconf 78' lang='lat' dir='ltr'><em>nominari.</em></span> <span class='ocrx_word' id='word_1_40' title='bbox 604 1137 705 1216; x_wconf 83' lang='lat' dir='ltr'><em>Atque</em></span> <span class='ocrx_word' id='word_1_41' title='bbox 716 1130 770 1193; x_wconf 85' lang='lat' dir='ltr'><em>ltoo</em></span> <span class='ocrx_word' id='word_1_42' title='bbox 783 1130 1025 1193; x_wconf 75' lang='lat' dir='ltr'><em>orriraadoortere</em></span> <span class='ocrx_word' id='word_1_43' title='bbox 1039 1132 1072 1193; x_wconf 89' lang='lat' dir='ltr'><em>iu</em></span> <span class='ocrx_word' id='word_1_44' title='bbox 1081 1131 1198 1214; x_wconf 74' lang='lat' dir='ltr'><em>prinus</em></span> <span class='ocrx_word' id='word_1_45' title='bbox 1212 1131 1408 1193; x_wconf 81' lang='lat' dir='ltr'><em>necessarium</em></span> <span class='ocrx_word' id='word_1_46' title='bbox 1421 1139 1505 1213; x_wconf 82' lang='lat' dir='ltr'><em>puto.</em></span> 
     </span>
     <span class='ocr_line' id='line_1_7' title="bbox 408 1231 1507 1315; baseline -0.005 -16"><span class='ocrx_word' id='word_1_47' title='bbox 408 1237 577 1302; x_wconf 71' lang='lat' dir='ltr'><em>Verisimile</em></span> <span class='ocrx_word' id='word_1_48' title='bbox 593 1245 634 1298; x_wconf 83' lang='lat' dir='ltr'><em>est</em></span> <span class='ocrx_word' id='word_1_49' title='bbox 648 1235 729 1298; x_wconf 81' lang='lat' dir='ltr'><em>esim</em></span> <span class='ocrx_word' id='word_1_50' title='bbox 745 1232 966 1295; x_wconf 58' lang='lat' dir='ltr'><em>metationem</em></span> <span class='ocrx_word' id='word_1_51' title='bbox 984 1232 1073 1294; x_wconf 84' lang='lat' dir='ltr'><em>illam</em></span> <span class='ocrx_word' id='word_1_52' title='bbox 1087 1233 1223 1295; x_wconf 77' lang='lat' dir='ltr'><em>Joouuis</em></span> <span class='ocrx_word' id='word_1_53' title='bbox 1241 1233 1358 1294; x_wconf 82' lang='lat' dir='ltr'><em>nomiae</em></span> <span class='ocrx_word' id='word_1_54' title='bbox 1377 1231 1507 1315; x_wconf 71' lang='lat' dir='ltr'><em>iuscrip-</em></span> 
     </span>
     <span class='ocr_line' id='line_1_8' title="bbox 403 1332 1508 1420; baseline -0.006 -18"><span class='ocrx_word' id='word_1_55' title='bbox 403 1349 477 1414; x_wconf 82' lang='lat' dir='ltr'><em>tom,</em></span> <span class='ocrx_word' id='word_1_56' title='bbox 492 1339 520 1401; x_wconf 86' lang='lat' dir='ltr'><em>si</em></span> <span class='ocrx_word' id='word_1_57' title='bbox 535 1359 593 1400; x_wconf 82' lang='lat' dir='ltr'><em>aon</em></span> <span class='ocrx_word' id='word_1_58' title='bbox 608 1359 629 1400; x_wconf 87' lang='lat' dir='ltr'><em>o</em></span> <span class='ocrx_word' id='word_1_59' title='bbox 637 1336 746 1420; x_wconf 80' lang='lat' dir='ltr'><em>priore</em></span> <span class='ocrx_word' id='word_1_60' title='bbox 761 1334 824 1406; x_wconf 87' lang='lat' dir='ltr'><em>illo,</em></span> <span class='ocrx_word' id='word_1_61' title='bbox 840 1343 916 1396; x_wconf 83' lang='lat' dir='ltr'><em>certe</em></span> <span class='ocrx_word' id='word_1_62' title='bbox 930 1332 969 1396; x_wconf 82' lang='lat' dir='ltr'><em>ol</em></span> <span class='ocrx_word' id='word_1_63' title='bbox 983 1334 1035 1396; x_wconf 84' lang='lat' dir='ltr'><em>too</em></span> <span class='ocrx_word' id='word_1_64' title='bbox 1043 1335 1206 1417; x_wconf 78' lang='lat' dir='ltr'><em>posteriore</em></span> <span class='ocrx_word' id='word_1_65' title='bbox 1221 1334 1433 1414; x_wconf 85' lang='lat' dir='ltr'><em>oisomsuisse.</em></span> <span class='ocrx_word' id='word_1_66' title='bbox 1464 1334 1508 1395; x_wconf 76' lang='lat' dir='ltr'><em>Er</em></span> 
     </span>
     <span class='ocr_line' id='line_1_9' title="bbox 404 1434 1507 1525; baseline -0.008 -20"><span class='ocrx_word' id='word_1_67' title='bbox 404 1441 530 1525; x_wconf 84' lang='lat' dir='ltr'><em>Papias</em></span> <span class='ocrx_word' id='word_1_68' title='bbox 551 1439 670 1524; x_wconf 77' lang='lat' dir='ltr'><em>quidem</em></span> <span class='ocrx_word' id='word_1_69' title='bbox 697 1438 734 1499; x_wconf 84' lang='lat' dir='ltr'><em>de</em></span> <span class='ocrx_word' id='word_1_70' title='bbox 759 1459 815 1520; x_wconf 85' lang='lat' dir='ltr'><em>quo</em></span> <span class='ocrx_word' id='word_1_71' title='bbox 838 1457 919 1497; x_wconf 82' lang='lat' dir='ltr'><em>uano</em></span> <span class='ocrx_word' id='word_1_72' title='bbox 940 1457 1101 1498; x_wconf 78' lang='lat' dir='ltr'><em>sermonem</em></span> <span class='ocrx_word' id='word_1_73' title='bbox 1125 1434 1273 1508; x_wconf 80' lang='lat' dir='ltr'><em>teloneas,</em></span> <span class='ocrx_word' id='word_1_74' title='bbox 1297 1435 1507 1518; x_wconf 72' lang='lat' dir='ltr'><em>Apostolorum</em></span> 
     </span>
     <span class='ocr_line' id='line_1_10' title="bbox 403 1536 1507 1623; baseline -0.005 -19"><span class='ocrx_word' id='word_1_75' title='bbox 403 1542 496 1616; x_wconf 82' lang='lat' dir='ltr'><em>dicto,</em></span> <span class='ocrx_word' id='word_1_76' title='bbox 512 1539 550 1603; x_wconf 79' lang='lat' dir='ltr'><em>ab</em></span> <span class='ocrx_word' id='word_1_77' title='bbox 570 1541 611 1602; x_wconf 88' lang='lat' dir='ltr'><em>iis</em></span> <span class='ocrx_word' id='word_1_78' title='bbox 630 1539 684 1623; x_wconf 80' lang='lat' dir='ltr'><em>qui</em></span> <span class='ocrx_word' id='word_1_79' title='bbox 703 1560 769 1600; x_wconf 85' lang='lat' dir='ltr'><em>oum</em></span> <span class='ocrx_word' id='word_1_80' title='bbox 785 1538 937 1621; x_wconf 77' lang='lat' dir='ltr'><em>Apostolis</em></span> <span class='ocrx_word' id='word_1_81' title='bbox 952 1539 1065 1600; x_wconf 73' lang='lat' dir='ltr'><em>uersati</em></span> <span class='ocrx_word' id='word_1_82' title='bbox 1078 1538 1219 1619; x_wconf 84' lang='lat' dir='ltr'><em>fuerant,</em></span> <span class='ocrx_word' id='word_1_83' title='bbox 1235 1558 1262 1599; x_wconf 83' lang='lat' dir='ltr'><em>se</em></span> <span class='ocrx_word' id='word_1_84' title='bbox 1277 1536 1421 1620; x_wconf 69' lang='lat' dir='ltr'><em>oceepuse</em></span> <span class='ocrx_word' id='word_1_85' title='bbox 1433 1558 1507 1620; x_wconf 83' lang='lat' dir='ltr'><em>pro·</em></span> 
     </span>
     <span class='ocr_line' id='line_1_11' title="bbox 405 1638 1509 1722; baseline -0.004 -17"><span class='ocrx_word' id='word_1_86' title='bbox 405 1645 526 1707; x_wconf 80' lang='lat' dir='ltr'><em>itotur:</em></span> <span class='ocrx_word' id='word_1_87' title='bbox 559 1640 731 1704; x_wconf 76' lang='lat' dir='ltr'><em>Aristion-is</em></span> <span class='ocrx_word' id='word_1_88' title='bbox 756 1650 856 1702; x_wconf 78' lang='lat' dir='ltr'><em>autern</em></span> <span class='ocrx_word' id='word_1_89' title='bbox 884 1649 911 1701; x_wconf 85' lang='lat' dir='ltr'><em>et</em></span> <span class='ocrx_word' id='word_1_90' title='bbox 935 1640 1067 1702; x_wconf 84' lang='lat' dir='ltr'><em>Joonuis</em></span> <span class='ocrx_word' id='word_1_91' title='bbox 1091 1638 1266 1722; x_wconf 68' lang='lat' dir='ltr'><em>Presbyteri</em></span> <span class='ocrx_word' id='word_1_92' title='bbox 1288 1639 1456 1702; x_wconf 79' lang='lat' dir='ltr'><em>auditorem</em></span> <span class='ocrx_word' id='word_1_93' title='bbox 1479 1660 1509 1701; x_wconf 82' lang='lat' dir='ltr'><em>se</em></span> 
     </span>
     <span class='ocr_line' id='line_1_12' title="bbox 405 1740 1509 1826; baseline -0.004 -20"><span class='ocrx_word' id='word_1_94' title='bbox 405 1743 482 1806; x_wconf 85' lang='lat' dir='ltr'><em>dicit</em></span> <span class='ocrx_word' id='word_1_95' title='bbox 488 1744 599 1826; x_wconf 81' lang='lat' dir='ltr'><em>fuisse.</em></span> <span class='ocrx_word' id='word_1_96' title='bbox 645 1742 751 1803; x_wconf 77' lang='lat' dir='ltr'><em>Multo</em></span> <span class='ocrx_word' id='word_1_97' title='bbox 766 1752 843 1804; x_wconf 79' lang='lat' dir='ltr'><em>certe</em></span> <span class='ocrx_word' id='word_1_98' title='bbox 857 1763 924 1824; x_wconf 76' lang='lat' dir='ltr'><em>prece</em></span> <span class='ocrx_word' id='word_1_99' title='bbox 942 1740 981 1803; x_wconf 84' lang='lat' dir='ltr'><em>al</em></span> <span class='ocrx_word' id='word_1_100' title='bbox 1001 1742 1041 1803; x_wconf 87' lang='lat' dir='ltr'><em>iis</em></span> <span class='ocrx_word' id='word_1_101' title='bbox 1060 1741 1179 1803; x_wconf 79' lang='lat' dir='ltr'><em>tradito</em></span> <span class='ocrx_word' id='word_1_102' title='bbox 1197 1741 1509 1825; x_wconf 63' lang='lat' dir='ltr'><em>aromaticarum</em></span> 
     </span>
     <span class='ocr_line' id='line_1_13' title="bbox 406 1843 1510 1925; baseline -0.002 -18"><span class='ocrx_word' id='word_1_103' title='bbox 406 1846 585 1908; x_wconf 78' lang='lat' dir='ltr'><em>uoneiuotisu</em></span> <span class='ocrx_word' id='word_1_104' title='bbox 609 1844 756 1905; x_wconf 75' lang='lat' dir='ltr'><em>ineruisse</em></span> <span class='ocrx_word' id='word_1_105' title='bbox 771 1843 874 1925; x_wconf 78' lang='lat' dir='ltr'><em>saeta,</em></span> <span class='ocrx_word' id='word_1_106' title='bbox 900 1843 933 1903; x_wconf 85' lang='lat' dir='ltr'><em>ia</em></span> <span class='ocrx_word' id='word_1_107' title='bbox 957 1843 1177 1905; x_wconf 76' lang='lat' dir='ltr'><em>cornorerdariis</em></span> <span class='ocrx_word' id='word_1_108' title='bbox 1201 1843 1265 1905; x_wconf 87' lang='lat' dir='ltr'><em>sais</em></span> <span class='ocrx_word' id='word_1_109' title='bbox 1289 1843 1401 1906; x_wconf 73' lang='lat' dir='ltr'><em>rodolii.</em></span> <span class='ocrx_word' id='word_1_110' title='bbox 1457 1843 1510 1905; x_wconf 88' lang='lat' dir='ltr'><em>lta</em></span> 
     </span>
     <span class='ocr_line' id='line_1_14' title="bbox 407 1943 1509 2030; baseline -0.003 -21"><span class='ocrx_word' id='word_1_111' title='bbox 407 1947 534 2030; x_wconf 84' lang='lat' dir='ltr'><em>quidem</em></span> <span class='ocrx_word' id='word_1_112' title='bbox 551 1943 728 2016; x_wconf 82' lang='lat' dir='ltr'><em>Eusebius3</em></span> <span class='ocrx_word' id='word_1_113' title='bbox 752 1944 780 2005; x_wconf 90' lang='lat' dir='ltr'><em>ei</em></span> <span class='ocrx_word' id='word_1_114' title='bbox 796 1952 903 2005; x_wconf 93' lang='lat' dir='ltr'><em>autem</em></span> <span class='ocrx_word' id='word_1_115' title='bbox 921 1943 971 2005; x_wconf 89' lang='lat' dir='ltr'><em>bio</em></span> <span class='ocrx_word' id='word_1_116' title='bbox 987 1952 1020 2005; x_wconf 85' lang='lat' dir='ltr'><em>et</em></span> <span class='ocrx_word' id='word_1_117' title='bbox 1034 1950 1110 2006; x_wconf 88' lang='lat' dir='ltr'><em>ante</em></span> <span class='ocrx_word' id='word_1_118' title='bbox 1126 1943 1283 2027; x_wconf 78' lang='lat' dir='ltr'><strong>colligenti</strong></span> <span class='ocrx_word' id='word_1_119' title='bbox 1299 1966 1339 2007; x_wconf 82' lang='lat' dir='ltr'><em>ex</em></span> <span class='ocrx_word' id='word_1_120' title='bbox 1358 1944 1509 2028; x_wconf 89' lang='lat' dir='ltr'><em>Papianis</em></span> 
     </span>
     <span class='ocr_line' id='line_1_15' title="bbox 405 2045 1509 2130; baseline -0.006 -17"><span class='ocrx_word' id='word_1_121' title='bbox 405 2048 520 2119; x_wconf 86' lang='lat' dir='ltr'><em>verbis,</em></span> <span class='ocrx_word' id='word_1_122' title='bbox 541 2047 644 2130; x_wconf 90' lang='lat' dir='ltr'><em>ipsum</em></span> <span class='ocrx_word' id='word_1_123' title='bbox 668 2046 802 2128; x_wconf 83' lang='lat' dir='ltr'>Papiam</span> <span class='ocrx_word' id='word_1_124' title='bbox 826 2066 888 2106; x_wconf 89' lang='lat' dir='ltr'><em>non</em></span> <span class='ocrx_word' id='word_1_125' title='bbox 911 2045 1007 2107; x_wconf 83' lang='lat' dir='ltr'><em>inisse</em></span> <span class='ocrx_word' id='word_1_126' title='bbox 1031 2050 1090 2107; x_wconf 79' lang='grc' dir='ltr'><em>τῶν</em></span> <span class='ocrx_word' id='word_1_127' title='bbox 1113 2047 1225 2107; x_wconf 80' lang='grc' dir='ltr'>δώδεκα</span> <span class='ocrx_word' id='word_1_128' title='bbox 1240 2045 1439 2128; x_wconf 90' lang='lat' dir='ltr'><em>discipulum,</em></span> <span class='ocrx_word' id='word_1_129' title='bbox 1455 2068 1509 2128; x_wconf 92' lang='lat' dir='ltr'><em>op-</em></span> 
     </span>
     <span class='ocr_line' id='line_1_16' title="bbox 406 2145 1509 2234; baseline -0.001 -23"><span class='ocrx_word' id='word_1_130' title='bbox 406 2149 513 2234; x_wconf 82' lang='lat' dir='ltr'>posuit</span> <span class='ocrx_word' id='word_1_131' title='bbox 528 2170 596 2210; x_wconf 87' lang='lat' dir='ltr'><em>sesc</em></span> <span class='ocrx_word' id='word_1_132' title='bbox 612 2156 685 2226; x_wconf 89' lang='lat' dir='ltr'><em>post</em></span> <span class='ocrx_word' id='word_1_133' title='bbox 702 2145 898 2208; x_wconf 80' lang='lat' dir='ltr'><em>Halloixium</em></span> <span class='ocrx_word' id='word_1_134' title='bbox 916 2146 947 2208; x_wconf 94' lang='lat' dir='ltr'><em>in</em></span> <span class='ocrx_word' id='word_1_135' title='bbox 971 2146 1049 2208; x_wconf 82' lang='lat' dir='ltr'><em>Vitis</em></span> <span class='ocrx_word' id='word_1_136' title='bbox 1061 2148 1195 2208; x_wconf 82' lang='lat' dir='ltr'><em>Petrum</em></span> <span class='ocrx_word' id='word_1_137' title='bbox 1210 2147 1356 2209; x_wconf 80' lang='lat' dir='ltr'><em>Orieulal.</em></span> <span class='ocrx_word' id='word_1_138' title='bbox 1369 2147 1509 2230; x_wconf 87' lang='lat' dir='ltr'><em>aliosque</em></span> 
     </span>
     <span class='ocr_line' id='line_1_17' title="bbox 407 2247 1508 2332; baseline -0.004 -19"><span class='ocrx_word' id='word_1_139' title='bbox 407 2251 491 2313; x_wconf 89' lang='lat' dir='ltr'><em>viros</em></span> <span class='ocrx_word' id='word_1_140' title='bbox 515 2250 636 2319; x_wconf 90' lang='lat' dir='ltr'><em>doctos,</em></span> <span class='ocrx_word' id='word_1_141' title='bbox 659 2247 756 2309; x_wconf 87' lang='lat' dir='ltr'><em>Jnan.</em></span> <span class='ocrx_word' id='word_1_142' title='bbox 776 2247 855 2308; x_wconf 86' lang='lat' dir='ltr'><em>Ern.</em></span> <span class='ocrx_word' id='word_1_143' title='bbox 873 2247 1021 2320; x_wconf 82' lang='lat' dir='ltr'><em>Grabius,</em></span> <span class='ocrx_word' id='word_1_144' title='bbox 1042 2255 1118 2311; x_wconf 89' lang='lat' dir='ltr'><em>tom.</em></span> <span class='ocrx_word' id='word_1_145' title='bbox 1136 2248 1166 2310; x_wconf 92' lang='lat' dir='ltr'><em>ii.</em></span> <span class='ocrx_word' id='word_1_146' title='bbox 1190 2248 1350 2332; x_wconf 73' lang='lat' dir='ltr'><em>Spicileyii</em></span> <span class='ocrx_word' id='word_1_147' title='bbox 1365 2251 1508 2321; x_wconf 75' lang='lat' dir='ltr'><em>Palmae,</em></span> 
     </span>
     <span class='ocr_line' id='line_1_18' title="bbox 408 2347 1509 2434; baseline 0.001 -23"><span class='ocrx_word' id='word_1_148' title='bbox 408 2374 439 2434; x_wconf 88' lang='lat' dir='ltr'><em>p.</em></span> <span class='ocrx_word' id='word_1_149' title='bbox 458 2369 507 2428; x_wconf 80' lang='lat'><em>27.</em></span> <span class='ocrx_word' id='word_1_150' title='bbox 539 2357 558 2384; x_wconf 93' lang='lat'>“</span> <span class='ocrx_word' id='word_1_151' title='bbox 576 2347 738 2419; x_wconf 81' lang='lat' dir='ltr'><em>Eusebii,’&#39;</em></span> <span class='ocrx_word' id='word_1_152' title='bbox 764 2348 867 2430; x_wconf 85' lang='lat' dir='ltr'><em>inquit</em></span> <span class='ocrx_word' id='word_1_153' title='bbox 892 2348 952 2420; x_wconf 90' lang='lat' dir='ltr'><em>illc,</em></span> <span class='ocrx_word' id='word_1_154' title='bbox 970 2357 991 2384; x_wconf 70' lang='lat'><em>‘⁶</em></span> <span class='ocrx_word' id='word_1_155' title='bbox 1003 2348 1196 2412; x_wconf 77' lang='lat' dir='ltr'><em>auctoritato</em></span> <span class='ocrx_word' id='word_1_156' title='bbox 1217 2358 1322 2411; x_wconf 87' lang='lat' dir='ltr'><em>motus</em></span> <span class='ocrx_word' id='word_1_157' title='bbox 1341 2350 1509 2423; x_wconf 85' lang='lat' dir='ltr'><em>Baronins,</em></span> 
     </span>
     <span class='ocr_line' id='line_1_19' title="bbox 409 2448 1510 2535; baseline 0.001 -23"><span class='ocrx_word' id='word_1_158' title='bbox 409 2448 641 2533; x_wconf 89' lang='lat' dir='ltr'><em>“posthabitis</em></span> <span class='ocrx_word' id='word_1_159' title='bbox 665 2449 770 2524; x_wconf 76' lang='lat' dir='ltr'><em>Bedre,</em></span> <span class='ocrx_word' id='word_1_160' title='bbox 794 2449 945 2522; x_wconf 88' lang='lat' dir='ltr'><em>Usuardi,</em></span> <span class='ocrx_word' id='word_1_161' title='bbox 969 2450 1092 2512; x_wconf 91' lang='lat' dir='ltr'><em>Adonis</em></span> <span class='ocrx_word' id='word_1_162' title='bbox 1110 2453 1163 2512; x_wconf 71' lang='lat' dir='ltr'><em>&amp;a</em></span> <span class='ocrx_word' id='word_1_163' title='bbox 1189 2450 1440 2535; x_wconf 83' lang='lat' dir='ltr'><em>Martyrologiis,</em></span> <span class='ocrx_word' id='word_1_164' title='bbox 1457 2451 1510 2514; x_wconf 91' lang='lat' dir='ltr'><em>ubi</em></span> 
     </span>
     <span class='ocr_line' id='line_1_20' title="bbox 411 2551 1511 2634; baseline 0.001 -21"><span class='ocrx_word' id='word_1_165' title='bbox 411 2551 566 2634; x_wconf 87' lang='lat' dir='ltr'><em>“Papias</em></span> <span class='ocrx_word' id='word_1_166' title='bbox 586 2573 735 2633; x_wconf 84' lang='lat' dir='ltr'><em>expresso</em></span> <span class='ocrx_word' id='word_1_167' title='bbox 757 2552 890 2613; x_wconf 83' lang='lat' dir='ltr'><em>Joarenis</em></span> <span class='ocrx_word' id='word_1_168' title='bbox 905 2552 1042 2634; x_wconf 75' lang='lat' dir='ltr'><em>Apostoli</em></span> <span class='ocrx_word' id='word_1_169' title='bbox 1061 2551 1189 2614; x_wconf 79' lang='lat' dir='ltr'><em>auditor</em></span> <span class='ocrx_word' id='word_1_170' title='bbox 1204 2552 1306 2614; x_wconf 86' lang='lat' dir='ltr'><em>dictus</em></span> <span class='ocrx_word' id='word_1_171' title='bbox 1326 2565 1386 2627; x_wconf 88' lang='lat' dir='ltr'><em>est,</em></span> <span class='ocrx_word' id='word_1_172' title='bbox 1401 2554 1431 2614; x_wconf 95' lang='lat' dir='ltr'><em>in</em></span> <span class='ocrx_word' id='word_1_173' title='bbox 1455 2576 1511 2616; x_wconf 87' lang='lat' dir='ltr'><em>suo</em></span> 
     </span>
     <span class='ocr_line' id='line_1_21' title="bbox 412 2652 1510 2736; baseline 0.003 -22"><span class='ocrx_word' id='word_1_174' title='bbox 412 2664 431 2689; x_wconf 76' lang='lat'><em>‘⁶</em></span> <span class='ocrx_word' id='word_1_175' title='bbox 448 2653 564 2736; x_wconf 81' lang='lat' dir='ltr'><em>posuit,</em></span> <span class='ocrx_word' id='word_1_176' title='bbox 579 2652 713 2714; x_wconf 85' lang='lat' dir='ltr'><em>Jooanis</em></span> <span class='ocrx_word' id='word_1_177' title='bbox 729 2654 872 2714; x_wconf 79' lang='lat' dir='ltr'><em>Senioris.</em></span> <span class='ocrx_word' id='word_1_178' title='bbox 911 2653 973 2715; x_wconf 81' lang='lat' dir='ltr'><em>Sed</em></span> <span class='ocrx_word' id='word_1_179' title='bbox 989 2654 1086 2715; x_wconf 89' lang='lat' dir='ltr'><em>miror</em></span> <span class='ocrx_word' id='word_1_180' title='bbox 1101 2654 1184 2715; x_wconf 89' lang='lat' dir='ltr'><em>viros</em></span> <span class='ocrx_word' id='word_1_181' title='bbox 1200 2653 1278 2715; x_wconf 87' lang='lat' dir='ltr'><em>istos</em></span> <span class='ocrx_word' id='word_1_182' title='bbox 1294 2656 1405 2717; x_wconf 88' lang='lat' dir='ltr'><em>doctos</em></span> <span class='ocrx_word' id='word_1_183' title='bbox 1416 2655 1510 2717; x_wconf 81' lang='lat' dir='ltr'><em>tidem</em></span> 
     </span>
     <span class='ocr_line' id='line_1_22' title="bbox 411 2746 1510 2842; baseline 0 -23"><span class='ocrx_word' id='word_1_184' title='bbox 411 2765 433 2793; x_wconf 79' lang='lat'><em>‘⁶</em></span> <span class='ocrx_word' id='word_1_185' title='bbox 449 2746 620 2840; x_wconf 81' lang='lat' dir='ltr'><em>abrogasse</em></span> <span class='ocrx_word' id='word_1_186' title='bbox 636 2754 766 2830; x_wconf 73' lang='lat' dir='ltr'><em>Irenae,</em></span> <span class='ocrx_word' id='word_1_187' title='bbox 782 2778 801 2816; x_wconf 92' lang='lat' dir='ltr'><em>a</em></span> <span class='ocrx_word' id='word_1_188' title='bbox 817 2777 880 2838; x_wconf 89' lang='lat' dir='ltr'><em>quo</em></span> <span class='ocrx_word' id='word_1_189' title='bbox 893 2755 1043 2816; x_wconf 83' lang='lat' dir='ltr'><em>Jooauem</em></span> <span class='ocrx_word' id='word_1_190' title='bbox 1058 2755 1124 2817; x_wconf 88' lang='lat' dir='ltr'><em>sinc</em></span> <span class='ocrx_word' id='word_1_191' title='bbox 1144 2756 1255 2818; x_wconf 90' lang='lat' dir='ltr'><em>addito</em></span> <span class='ocrx_word' id='word_1_192' title='bbox 1271 2757 1404 2832; x_wconf 85' lang='lat' dir='ltr'><em>dicente,</em></span> <span class='ocrx_word' id='word_1_193' title='bbox 1422 2758 1510 2842; x_wconf 89' lang='lat' dir='ltr'><em>Apo-</em></span> 
     </span>
     <span class='ocr_line' id='line_1_23' title="bbox 410 2856 1511 2941; baseline 0.001 -20"><span class='ocrx_word' id='word_1_194' title='bbox 410 2868 432 2895; x_wconf 88' lang='lat'>“</span> <span class='ocrx_word' id='word_1_195' title='bbox 448 2858 564 2921; x_wconf 88' lang='lat' dir='ltr'><em>stolum</em></span> <span class='ocrx_word' id='word_1_196' title='bbox 578 2857 777 2940; x_wconf 82' lang='lat' dir='ltr'><em>designatum</em></span> <span class='ocrx_word' id='word_1_197' title='bbox 789 2879 857 2919; x_wconf 85' lang='lat' dir='ltr'><em>esso</em></span> <span class='ocrx_word' id='word_1_198' title='bbox 873 2856 999 2940; x_wconf 87' lang='lat' dir='ltr'><em>ipsimet</em></span> <span class='ocrx_word' id='word_1_199' title='bbox 1011 2858 1236 2941; x_wconf 79' lang='lat' dir='ltr'><em>agnove1·11nt.”</em></span> <span class='ocrx_word' id='word_1_200' title='bbox 1263 2858 1386 2937; x_wconf 88' lang='lat' dir='ltr'><em>(Verba</em></span> <span class='ocrx_word' id='word_1_201' title='bbox 1398 2859 1511 2922; x_wconf 83' lang='lat' dir='ltr'><em>lrenaei</em></span> 
     </span>
     <span class='ocr_line' id='line_1_24' title="bbox 412 2960 1513 3045; baseline 0.001 -22"><span class='ocrx_word' id='word_1_202' title='bbox 412 2962 464 3023; x_wconf 91' lang='lat' dir='ltr'><em>hic</em></span> <span class='ocrx_word' id='word_1_203' title='bbox 480 2961 627 3045; x_wconf 85' lang='lat' dir='ltr'><em>designat</em></span> <span class='ocrx_word' id='word_1_204' title='bbox 644 2960 795 3038; x_wconf 91' lang='lat' dir='ltr'><em>Grabins‚</em></span> <span class='ocrx_word' id='word_1_205' title='bbox 811 2982 881 3043; x_wconf 81' lang='lat' dir='ltr'><em>quae</em></span> <span class='ocrx_word' id='word_1_206' title='bbox 896 2968 972 3023; x_wconf 76' lang='lat' dir='ltr'><em>astte</em></span> <span class='ocrx_word' id='word_1_207' title='bbox 987 2960 1117 3022; x_wconf 87' lang='lat' dir='ltr'><em>allatum</em></span> <span class='ocrx_word' id='word_1_208' title='bbox 1137 2960 1269 3043; x_wconf 86' lang='lat' dir='ltr'><em>Papiam</em></span> <span class='ocrx_word' id='word_1_209' title='bbox 1287 2962 1443 3024; x_wconf 83' lang='lat' dir='ltr'><em>Eusebius</em></span> <span class='ocrx_word' id='word_1_210' title='bbox 1458 2962 1513 3024; x_wconf 89' lang='lat' dir='ltr'><em>ad·</em></span> 
     </span>
     <span class='ocr_line' id='line_1_25' title="bbox 413 3059 1512 3143; baseline 0.001 -17"><span class='ocrx_word' id='word_1_211' title='bbox 413 3065 560 3127; x_wconf 81' lang='lat' dir='ltr'><em>duxerat.</em></span> <span class='ocrx_word' id='word_1_212' title='bbox 591 3059 733 3125; x_wconf 71' lang='lat' dir='ltr'><em>&#39;totores</em></span> <span class='ocrx_word' id='word_1_213' title='bbox 743 3065 799 3139; x_wconf 73' lang='grc' dir='ltr'><em>μὲν</em></span> <span class='ocrx_word' id='word_1_214' title='bbox 809 3061 961 3138; x_wconf 76' lang='grc' dir='ltr'>ἀκουστὴς,</span> <span class='ocrx_word' id='word_1_215' title='bbox 978 3062 1178 3140; x_wconf 84' lang='grc' dir='ltr'>Πολυκάρπου</span> <span class='ocrx_word' id='word_1_216' title='bbox 1193 3064 1225 3124; x_wconf 75' lang='grc' dir='ltr'><em>δὲ</em></span> <span class='ocrx_word' id='word_1_217' title='bbox 1242 3065 1356 3142; x_wconf 75' lang='grc' dir='ltr'>ἑταῖρος</span> <span class='ocrx_word' id='word_1_218' title='bbox 1370 3065 1512 3143; x_wconf 77' lang='grc' dir='ltr'>γεγονὼς,</span> 
     </span>
     <span class='ocr_line' id='line_1_26' title="bbox 413 3162 1514 3248; baseline -0.001 -22"><span class='ocrx_word' id='word_1_219' title='bbox 413 3167 467 3248; x_wconf 91' lang='lat' dir='ltr'><em>qui</em></span> <span class='ocrx_word' id='word_1_220' title='bbox 492 3164 619 3247; x_wconf 86' lang='lat' dir='ltr'><em>quidem</em></span> <span class='ocrx_word' id='word_1_221' title='bbox 648 3163 843 3244; x_wconf 88' lang='lat' dir='ltr'><em>Polycarpus</em></span> <span class='ocrx_word' id='word_1_222' title='bbox 867 3163 1023 3223; x_wconf 77' lang='lat' dir='ltr'><em>referente</em></span> <span class='ocrx_word' id='word_1_223' title='bbox 1049 3162 1253 3243; x_wconf 85' lang='lat' dir='ltr'><em>Hieronymo,</em></span> <span class='ocrx_word' id='word_1_224' title='bbox 1277 3165 1325 3225; x_wconf 91' lang='lat' dir='ltr'><em>De</em></span> <span class='ocrx_word' id='word_1_225' title='bbox 1348 3164 1431 3225; x_wconf 80' lang='lat' dir='ltr'><em>Vir-is</em></span> <span class='ocrx_word' id='word_1_226' title='bbox 1445 3163 1514 3238; x_wconf 81' lang='lat' dir='ltr'><em>Ill,</em></span> 
     </span>
     <span class='ocr_line' id='line_1_27' title="bbox 413 3262 1514 3346; baseline -0.002 -18"><span class='ocrx_word' id='word_1_227' title='bbox 413 3266 572 3328; x_wconf 89' lang='lat' dir='ltr'><em>Joanncm</em></span> <span class='ocrx_word' id='word_1_228' title='bbox 596 3263 761 3346; x_wconf 78' lang='lat' dir='ltr'><em>apostolous</em></span> <span class='ocrx_word' id='word_1_229' title='bbox 783 3262 933 3345; x_wconf 87' lang='lat' dir='ltr'><em>audivit.)</em></span> <span class='ocrx_word' id='word_1_230' title='bbox 982 3264 1120 3346; x_wconf 78' lang='lat' dir='ltr'><em>“Atqui</em></span> <span class='ocrx_word' id='word_1_231' title='bbox 1144 3264 1170 3325; x_wconf 89' lang='lat' dir='ltr'><em>is</em></span> <span class='ocrx_word' id='word_1_232' title='bbox 1193 3264 1325 3326; x_wconf 84' lang='lat' dir='ltr'><em>idoneus</em></span> <span class='ocrx_word' id='word_1_233' title='bbox 1349 3265 1442 3346; x_wconf 87' lang='lat' dir='ltr'><em>hujus</em></span> <span class='ocrx_word' id='word_1_234' title='bbox 1469 3264 1514 3326; x_wconf 87' lang='lat' dir='ltr'><em>rei</em></span> 
     </span>
     <span class='ocr_line' id='line_1_28' title="bbox 415 3363 1514 3449; baseline -0.001 -21"><span class='ocrx_word' id='word_1_235' title='bbox 415 3376 436 3404; x_wconf 88' lang='lat'>“</span> <span class='ocrx_word' id='word_1_236' title='bbox 453 3374 522 3428; x_wconf 87' lang='lat' dir='ltr'><em>crat</em></span> <span class='ocrx_word' id='word_1_237' title='bbox 545 3363 649 3437; x_wconf 82' lang='lat' dir='ltr'><em>testis,</em></span> <span class='ocrx_word' id='word_1_238' title='bbox 678 3372 791 3446; x_wconf 83' lang='lat' dir='ltr'><em>utpote</em></span> <span class='ocrx_word' id='word_1_239' title='bbox 820 3364 925 3446; x_wconf 83' lang='lat' dir='ltr'><em>Papiae</em></span> <span class='ocrx_word' id='word_1_240' title='bbox 952 3363 1134 3446; x_wconf 89' lang='lat' dir='ltr'><em>discipulus,</em></span> <span class='ocrx_word' id='word_1_241' title='bbox 1158 3366 1253 3448; x_wconf 86' lang='lat' dir='ltr'><em>juxta</em></span> <span class='ocrx_word' id='word_1_242' title='bbox 1283 3366 1514 3449; x_wconf 76' lang='lat' dir='ltr'><em>Hieronymum</em></span> 
     </span>
     <span class='ocr_line' id='line_1_29' title="bbox 416 3464 1515 3551; baseline 0.005 -25"><span class='ocrx_word' id='word_1_243' title='bbox 416 3475 437 3504; x_wconf 86' lang='lat'><strong>“</strong></span> <span class='ocrx_word' id='word_1_244' title='bbox 456 3465 559 3548; x_wconf 84' lang='lat' dir='ltr'><em>Epist.</em></span> <span class='ocrx_word' id='word_1_245' title='bbox 573 3483 623 3547; x_wconf 69' lang='lat'><em>29.</em></span> <span class='ocrx_word' id='word_1_246' title='bbox 639 3465 680 3526; x_wconf 88' lang='lat' dir='ltr'><em>ad</em></span> <span class='ocrx_word' id='word_1_247' title='bbox 698 3464 723 3525; x_wconf 83' lang='grc' dir='ltr'>Τ</span> <span class='ocrx_word' id='word_1_248' title='bbox 727 3465 908 3539; x_wconf 89' lang='lat' dir='ltr'><em>heodoram,</em></span> <span class='ocrx_word' id='word_1_249' title='bbox 925 3487 962 3527; x_wconf 88' lang='lat' dir='ltr'><em>ac</em></span> <span class='ocrx_word' id='word_1_250' title='bbox 987 3466 1118 3548; x_wconf 81' lang='lat' dir='ltr'><em>proinde</em></span> <span class='ocrx_word' id='word_1_251' title='bbox 1140 3468 1218 3528; x_wconf 87' lang='lat' dir='ltr'><em>bene</em></span> <span class='ocrx_word' id='word_1_252' title='bbox 1237 3490 1365 3551; x_wconf 86' lang='lat' dir='ltr'><em>guarus,</em></span> <span class='ocrx_word' id='word_1_253' title='bbox 1381 3491 1444 3551; x_wconf 90' lang='lat' dir='ltr'><em>quo</em></span> <span class='ocrx_word' id='word_1_254' title='bbox 1465 3470 1515 3531; x_wconf 89' lang='lat' dir='ltr'><em>bic</em></span> 
     </span>
     <span class='ocr_line' id='line_1_30' title="bbox 415 3567 1515 3652; baseline 0.003 -24"><span class='ocrx_word' id='word_1_255' title='bbox 415 3577 435 3603; x_wconf 90' lang='lat'>“</span> <span class='ocrx_word' id='word_1_256' title='bbox 453 3568 584 3629; x_wconf 83' lang='lat' dir='ltr'><em>doctore</em></span> <span class='ocrx_word' id='word_1_257' title='bbox 599 3589 674 3628; x_wconf 88' lang='lat' dir='ltr'><em>usus</em></span> <span class='ocrx_word' id='word_1_258' title='bbox 689 3567 795 3629; x_wconf 82' lang='lat' dir='ltr'><em>fuerit.</em></span> <span class='ocrx_word' id='word_1_259' title='bbox 836 3568 954 3630; x_wconf 84' lang='lat' dir='ltr'><em>Melius</em></span> <span class='ocrx_word' id='word_1_260' title='bbox 971 3568 1078 3651; x_wconf 82' lang='lat' dir='ltr'><em>itaque</em></span> <span class='ocrx_word' id='word_1_261' title='bbox 1095 3568 1309 3652; x_wconf 83' lang='lat' dir='ltr'><em>Hieronymus</em></span> <span class='ocrx_word' id='word_1_262' title='bbox 1325 3571 1392 3633; x_wconf 91' lang='lat' dir='ltr'><em>loco</em></span> <span class='ocrx_word' id='word_1_263' title='bbox 1403 3571 1515 3645; x_wconf 85' lang='lat' dir='ltr'><em>citato,</em></span> 
     </span>
     <span class='ocr_line' id='line_1_31' title="bbox 416 3667 1516 3753; baseline 0.002 -23"><span class='ocrx_word' id='word_1_264' title='bbox 416 3678 436 3705; x_wconf 85' lang='lat'>“</span> <span class='ocrx_word' id='word_1_265' title='bbox 456 3677 502 3746; x_wconf 85' lang='lat' dir='ltr'><em>(ct</em></span> <span class='ocrx_word' id='word_1_266' title='bbox 523 3667 613 3742; x_wconf 86' lang='lat' dir='ltr'><em>alibi)</em></span> <span class='ocrx_word' id='word_1_267' title='bbox 631 3669 781 3730; x_wconf 85' lang='lat' dir='ltr'><em>Andreas</em></span> <span class='ocrx_word' id='word_1_268' title='bbox 799 3669 1004 3731; x_wconf 85' lang='lat' dir='ltr'><em>Caesariensis</em></span> <span class='ocrx_word' id='word_1_269' title='bbox 1025 3670 1056 3730; x_wconf 92' lang='lat' dir='ltr'><em>in</em></span> <span class='ocrx_word' id='word_1_270' title='bbox 1079 3671 1298 3753; x_wconf 72' lang='lat' dir='ltr'><em>Apocalypsin,</em></span> <span class='ocrx_word' id='word_1_271' title='bbox 1323 3671 1516 3735; x_wconf 85' lang='lat' dir='ltr'><em>Anastasius</em></span> 
     </span>
     <span class='ocr_line' id='line_1_32' title="bbox 418 3768 1517 3854; baseline 0.002 -23"><span class='ocrx_word' id='word_1_272' title='bbox 418 3780 437 3805; x_wconf 80' lang='lat'><em>‘⁶</em></span> <span class='ocrx_word' id='word_1_273' title='bbox 454 3770 507 3833; x_wconf 89' lang='lat' dir='ltr'><em>lib.</em></span> <span class='ocrx_word' id='word_1_274' title='bbox 524 3769 574 3831; x_wconf 91' lang='lat' dir='ltr'><em>vii.</em></span> <span class='ocrx_word' id='word_1_275' title='bbox 598 3768 628 3830; x_wconf 93' lang='lat' dir='ltr'><em>in</em></span> <span class='ocrx_word' id='word_1_276' title='bbox 651 3768 886 3845; x_wconf 75' lang='lat' dir='ltr'><em>Hexae&#39;meron,</em></span> <span class='ocrx_word' id='word_1_277' title='bbox 904 3770 1068 3833; x_wconf 84' lang='lat' dir='ltr'><em>Maximus</em></span> <span class='ocrx_word' id='word_1_278' title='bbox 1083 3772 1198 3854; x_wconf 88' lang='lat' dir='ltr'><em>aliique</em></span> <span class='ocrx_word' id='word_1_279' title='bbox 1213 3794 1276 3835; x_wconf 88' lang='lat' dir='ltr'><em>una</em></span> <span class='ocrx_word' id='word_1_280' title='bbox 1291 3795 1360 3835; x_wconf 88' lang='lat' dir='ltr'><em>eum</em></span> <span class='ocrx_word' id='word_1_281' title='bbox 1377 3772 1517 3835; x_wconf 89' lang='lat' dir='ltr'><em>laudatis</em></span> 
     </span>
     <span class='ocr_line' id='line_1_33' title="bbox 415 3870 1516 3958; baseline 0 -24"><span class='ocrx_word' id='word_1_282' title='bbox 415 3881 437 3910; x_wconf 91' lang='grc'>“</span> <span class='ocrx_word' id='word_1_283' title='bbox 456 3870 757 3955; x_wconf 81' lang='lat' dir='ltr'><em>Martyrologiorum</em></span> <span class='ocrx_word' id='word_1_284' title='bbox 783 3872 976 3945; x_wconf 85' lang='lat' dir='ltr'><em>auctoribus,</em></span> <span class='ocrx_word' id='word_1_285' title='bbox 1003 3874 1135 3957; x_wconf 88' lang='lat' dir='ltr'><em>Pupiam</em></span> <span class='ocrx_word' id='word_1_286' title='bbox 1155 3875 1288 3936; x_wconf 85' lang='lat' dir='ltr'><em>Joanais</em></span> <span class='ocrx_word' id='word_1_287' title='bbox 1310 3874 1447 3958; x_wconf 85' lang='lat' dir='ltr'><em>Apostoli</em></span> <span class='ocrx_word' id='word_1_288' title='bbox 1467 3874 1516 3936; x_wconf 80' lang='lat' dir='ltr'><em>vel</em></span> 
     </span>
     <span class='ocr_line' id='line_1_34' title="bbox 415 3973 1517 4058; baseline -0.001 -22"><span class='ocrx_word' id='word_1_289' title='bbox 415 3983 436 4011; x_wconf 77' lang='lat'><em>‘⁴</em></span> <span class='ocrx_word' id='word_1_290' title='bbox 452 3973 657 4056; x_wconf 77' lang='lat' dir='ltr'><em>Eoonpelistae</em></span> <span class='ocrx_word' id='word_1_291' title='bbox 680 3973 858 4036; x_wconf 88' lang='lat' dir='ltr'><em>auditorem</em></span> <span class='ocrx_word' id='word_1_292' title='bbox 882 3984 1114 4058; x_wconf 80' lang='lat' dir='ltr'><em>nuncuparunt.</em></span> <span class='ocrx_word' id='word_1_293' title='bbox 1161 3976 1258 4037; x_wconf 88' lang='lat' dir='ltr'><em>Dices</em></span> <span class='ocrx_word' id='word_1_294' title='bbox 1280 3998 1362 4046; x_wconf 86' lang='lat' dir='ltr'><em>curn,</em></span> <span class='ocrx_word' id='word_1_295' title='bbox 1385 3976 1442 4047; x_wconf 85' lang='lat' dir='ltr'><em>val,</em></span> <span class='ocrx_word' id='word_1_296' title='bbox 1459 3997 1517 4058; x_wconf 90' lang='lat' dir='ltr'><em>pro</em></span> 
     </span>
     <span class='ocr_line' id='line_1_35' title="bbox 417 4075 1515 4161; baseline -0.001 -24"><span class='ocrx_word' id='word_1_297' title='bbox 417 4085 438 4112; x_wconf 84' lang='lat'>“</span> <span class='ocrx_word' id='word_1_298' title='bbox 455 4075 603 4151; x_wconf 85' lang='lat' dir='ltr'><em>Eusebia,</em></span> <span class='ocrx_word' id='word_1_299' title='bbox 618 4076 770 4161; x_wconf 86' lang='lat' dir='ltr'><em>majorem</em></span> <span class='ocrx_word' id='word_1_300' title='bbox 790 4075 850 4159; x_wconf 89' lang='lat' dir='ltr'><em>ipsi</em></span> <span class='ocrx_word' id='word_1_301' title='bbox 873 4076 994 4159; x_wconf 74' lang='lat' dir='ltr'><em>Papia,</em></span> <span class='ocrx_word' id='word_1_302' title='bbox 1013 4098 1107 4159; x_wconf 87' lang='lat' dir='ltr'><em>quam</em></span> <span class='ocrx_word' id='word_1_303' title='bbox 1125 4078 1260 4149; x_wconf 83' lang='lat' dir='ltr'><em>lrcnaen,</em></span> <span class='ocrx_word' id='word_1_304' title='bbox 1277 4077 1371 4138; x_wconf 84' lang='lat' dir='ltr'><em>fidem</em></span> <span class='ocrx_word' id='word_1_305' title='bbox 1397 4077 1515 4138; x_wconf 86' lang='lat' dir='ltr'><em>habon-</em></span> 
     </span>
     <span class='ocr_line' id='line_1_36' title="bbox 419 4176 1516 4261; baseline 0.001 -25"><span class='ocrx_word' id='word_1_306' title='bbox 419 4184 438 4213; x_wconf 88' lang='lat'><strong>“</strong></span> <span class='ocrx_word' id='word_1_307' title='bbox 454 4176 528 4238; x_wconf 90' lang='lat' dir='ltr'><em>dam</em></span> <span class='ocrx_word' id='word_1_308' title='bbox 557 4197 642 4237; x_wconf 85' lang='lat' dir='ltr'><em>esse:</em></span> <span class='ocrx_word' id='word_1_309' title='bbox 675 4176 761 4238; x_wconf 91' lang='lat' dir='ltr'><em>illum</em></span> <span class='ocrx_word' id='word_1_310' title='bbox 797 4199 871 4238; x_wconf 87' lang='lat' dir='ltr'><em>vcro</em></span> <span class='ocrx_word' id='word_1_311' title='bbox 900 4200 933 4238; x_wconf 87' lang='lat' dir='ltr'><em>se</em></span> <span class='ocrx_word' id='word_1_312' title='bbox 967 4200 1029 4239; x_wconf 91' lang='lat' dir='ltr'><em>non</em></span> <span class='ocrx_word' id='word_1_313' title='bbox 1061 4178 1221 4261; x_wconf 80' lang='lat' dir='ltr'><em>Apostoli,</em></span> <span class='ocrx_word' id='word_1_314' title='bbox 1249 4180 1302 4239; x_wconf 86' lang='lat' dir='ltr'><em>scd</em></span> <span class='ocrx_word' id='word_1_315' title='bbox 1335 4176 1516 4260; x_wconf 84' lang='lat' dir='ltr'><em>Presbyteri</em></span> 
     </span>
     <span class='ocr_line' id='line_1_37' title="bbox 418 4275 1515 4360; baseline 0.007 -23"><span class='ocrx_word' id='word_1_316' title='bbox 418 4285 437 4311; x_wconf 79' lang='lat'><em>‘⁶</em></span> <span class='ocrx_word' id='word_1_317' title='bbox 453 4275 588 4337; x_wconf 86' lang='lat' dir='ltr'><em>Joannis</em></span> <span class='ocrx_word' id='word_1_318' title='bbox 609 4275 787 4338; x_wconf 80' lang='lat' dir='ltr'><em>auditorem</em></span> <span class='ocrx_word' id='word_1_319' title='bbox 804 4277 929 4339; x_wconf 85' lang='lat' dir='ltr'><em>dixisse.</em></span> <span class='ocrx_word' id='word_1_320' title='bbox 962 4277 1014 4340; x_wconf 85' lang='lat' dir='ltr'><em>lta</em></span> <span class='ocrx_word' id='word_1_321' title='bbox 1027 4277 1153 4360; x_wconf 81' lang='lat' dir='ltr'><em>quidem</em></span> <span class='ocrx_word' id='word_1_322' title='bbox 1170 4279 1325 4340; x_wconf 81' lang='lat' dir='ltr'><em>Eusebius</em></span> <span class='ocrx_word' id='word_1_323' title='bbox 1341 4281 1380 4341; x_wconf 87' lang='lat' dir='ltr'><em>dc</em></span> <span class='ocrx_word' id='word_1_324' title='bbox 1397 4279 1515 4360; x_wconf 79' lang='lat' dir='ltr'><em>Papia;</em></span> 
     </span>
     <span class='ocr_line' id='line_1_38' title="bbox 418 4375 1518 4462; baseline 0 -25"><span class='ocrx_word' id='word_1_325' title='bbox 418 4386 439 4414; x_wconf 88' lang='lat'><strong>“</strong></span> <span class='ocrx_word' id='word_1_326' title='bbox 456 4375 512 4437; x_wconf 85' lang='lat' dir='ltr'><em>sed</em></span> <span class='ocrx_word' id='word_1_327' title='bbox 527 4395 590 4435; x_wconf 90' lang='lat' dir='ltr'><em>uon</em></span> <span class='ocrx_word' id='word_1_328' title='bbox 604 4375 721 4457; x_wconf 88' lang='lat' dir='ltr'><em>Papias</em></span> <span class='ocrx_word' id='word_1_329' title='bbox 736 4378 775 4438; x_wconf 89' lang='lat' dir='ltr'><em>de</em></span> <span class='ocrx_word' id='word_1_330' title='bbox 790 4378 977 4460; x_wconf 86' lang='lat' dir='ltr'><em>semetipso:</em></span> <span class='ocrx_word' id='word_1_331' title='bbox 1000 4379 1052 4461; x_wconf 83' lang='lat' dir='ltr'><em>qui</em></span> <span class='ocrx_word' id='word_1_332' title='bbox 1067 4401 1100 4441; x_wconf 88' lang='lat' dir='ltr'><em>sc</em></span> <span class='ocrx_word' id='word_1_333' title='bbox 1112 4401 1168 4441; x_wconf 88' lang='lat' dir='ltr'><em>neo</em></span> <span class='ocrx_word' id='word_1_334' title='bbox 1180 4380 1330 4442; x_wconf 78' lang='lat' dir='ltr'><em>Joanrern</em></span> <span class='ocrx_word' id='word_1_335' title='bbox 1344 4383 1368 4441; x_wconf 82' lang='lat' dir='ltr'><em>A</em></span> <span class='ocrx_word' id='word_1_336' title='bbox 1369 4379 1518 4462; x_wconf 75' lang='lat' dir='ltr'><em>postolare</em></span> 
     </span>
     <span class='ocr_line' id='line_1_39' title="bbox 420 4473 1517 4563; baseline 0.004 -25"><span class='ocrx_word' id='word_1_337' title='bbox 420 4485 440 4513; x_wconf 93' lang='lat'>“</span> <span class='ocrx_word' id='word_1_338' title='bbox 455 4473 611 4538; x_wconf 86' lang='lat' dir='ltr'><em>audivisse</em></span> <span class='ocrx_word' id='word_1_339' title='bbox 633 4484 739 4558; x_wconf 83' lang='lat' dir='ltr'><em>negat,</em></span> <span class='ocrx_word' id='word_1_340' title='bbox 756 4499 812 4540; x_wconf 85' lang='lat' dir='ltr'><em>noc</em></span> <span class='ocrx_word' id='word_1_341' title='bbox 832 4478 1008 4560; x_wconf 75' lang='lat' dir='ltr'><em>Presbyteri</em></span> <span class='ocrx_word' id='word_1_342' title='bbox 1030 4481 1208 4543; x_wconf 77' lang='lat' dir='ltr'><em>auditorum</em></span> <span class='ocrx_word' id='word_1_343' title='bbox 1234 4482 1329 4542; x_wconf 80' lang='lat' dir='ltr'><em>fuisse</em></span> <span class='ocrx_word' id='word_1_344' title='bbox 1354 4482 1446 4563; x_wconf 89' lang='lat' dir='ltr'><em>plane</em></span> <span class='ocrx_word' id='word_1_345' title='bbox 1471 4482 1517 4542; x_wconf 82' lang='lat' dir='ltr'><em>af·</em></span> 
     </span>
     <span class='ocr_line' id='line_1_40' title="bbox 419 4578 1517 4665; baseline 0.003 -26"><span class='ocrx_word' id='word_1_346' title='bbox 419 4587 438 4615; x_wconf 90' lang='lat'>“</span> <span class='ocrx_word' id='word_1_347' title='bbox 456 4579 572 4640; x_wconf 84' lang='lat' dir='ltr'><em>firmat.</em></span> <span class='ocrx_word' id='word_1_348' title='bbox 619 4578 759 4659; x_wconf 82' lang='lat' dir='ltr'><em>Ncgassc</em></span> <span class='ocrx_word' id='word_1_349' title='bbox 783 4580 864 4641; x_wconf 84' lang='lat' dir='ltr'><em>male</em></span> <span class='ocrx_word' id='word_1_350' title='bbox 890 4581 1049 4644; x_wconf 80' lang='lat' dir='ltr'><em>concludit</em></span> <span class='ocrx_word' id='word_1_351' title='bbox 1076 4583 1231 4645; x_wconf 84' lang='lat' dir='ltr'><em>Eusebius</em></span> <span class='ocrx_word' id='word_1_352' title='bbox 1255 4606 1294 4644; x_wconf 78' lang='lat' dir='ltr'><em>cx</em></span> <span class='ocrx_word' id='word_1_353' title='bbox 1317 4584 1385 4646; x_wconf 86' lang='lat' dir='ltr'><em>istis</em></span> <span class='ocrx_word' id='word_1_354' title='bbox 1408 4582 1517 4665; x_wconf 69' lang='lat' dir='ltr'><em>Papiae</em></span> 
     </span>
    </p>
   </div>
   <div class='ocr_carea' id='block_1_3' title="bbox 0 0 1927 5650">
    <p class='ocr_par' dir='ltr' id='par_1_3' title="bbox 0 0 1927 5650">
     <span class='ocr_line' id='line_1_41' title="bbox 0 0 1927 5650; baseline 0 0"><span class='ocrx_word' id='word_1_355' title='bbox 0 0 1927 5650; x_wconf 95' lang='lat' dir='ltr'><em> </em></span> 
     </span>
    </p>
   </div>
  </div>
 </body>
</html>
