<?xml version="1.0" encoding="UTF-8"?>
<!DOCTYPE html PUBLIC "-//W3C//DTD XHTML 1.0 Transitional//EN"
    "http://www.w3.org/TR/xhtml1/DTD/xhtml1-transitional.dtd">
<html xmlns="http://www.w3.org/1999/xhtml" xml:lang="en" lang="en">
 <head>
  <title>
</title>
<meta http-equiv="Content-Type" content="text/html;charset=utf-8" />
  <meta name='ocr-system' content='tesseract 3.04.00' />
  <meta name='ocr-capabilities' content='ocr_page ocr_carea ocr_par ocr_line ocrx_word'/>
</head>
<body>
  <div class='ocr_page' id='page_1' title='image "./reliquiaesacrae07routgoog_0350.png"; bbox 0 0 3809 5650; ppageno 0'>
   <div class='ocr_carea' id='block_1_1' title="bbox 469 700 1199 766">
    <p class='ocr_par' dir='ltr' id='par_1_1' title="bbox 469 700 1199 766">
     <span class='ocr_line' id='line_1_1' title="bbox 469 700 1199 766; baseline 0.008 -6"><span class='ocrx_word' id='word_1_1' title='bbox 469 701 534 760; x_wconf 77' lang='lat' dir='ltr'>aaa</span> <span class='ocrx_word' id='word_1_2' title='bbox 843 700 1199 766; x_wconf 85' lang='lat' dir='ltr'>ANNOTATIONES</span> 
     </span>
    </p>
   </div>
   <div class='ocr_carea' id='block_1_2' title="bbox 415 869 1573 4708">
    <p class='ocr_par' dir='ltr' id='par_1_2' title="bbox 415 869 1573 4708">
     <span class='ocr_line' id='line_1_2' title="bbox 466 869 1573 955; baseline 0.003 -24"><span class='ocrx_word' id='word_1_3' title='bbox 466 869 555 944; x_wconf 88' lang='lat' dir='ltr'>bunt,</span> <span class='ocrx_word' id='word_1_4' title='bbox 572 869 604 930; x_wconf 91' lang='lat' dir='ltr'>in</span> <span class='ocrx_word' id='word_1_5' title='bbox 619 870 714 933; x_wconf 87' lang='lat' dir='ltr'>rebus</span> <span class='ocrx_word' id='word_1_6' title='bbox 729 870 842 933; x_wconf 89' lang='lat' dir='ltr'>divinis</span> <span class='ocrx_word' id='word_1_7' title='bbox 858 872 1045 955; x_wconf 78' lang='lat' dir='ltr'>proiectum,</span> <span class='ocrx_word' id='word_1_8' title='bbox 1062 874 1327 937; x_wconf 78' lang='lat' dir='ltr'><strong>accommodasse.</strong></span> <span class='ocrx_word' id='word_1_9' title='bbox 1366 872 1573 955; x_wconf 76' lang='lat' dir='ltr'>Quapropter</span> 
     </span>
     <span class='ocr_line' id='line_1_3' title="bbox 465 969 1570 1059; baseline 0.003 -27"><span class='ocrx_word' id='word_1_10' title='bbox 465 969 546 1032; x_wconf 85' lang='lat' dir='ltr'>istos</span> <span class='ocrx_word' id='word_1_11' title='bbox 565 969 732 1034; x_wconf 77' lang='lat' dir='ltr'>haereticos</span> <span class='ocrx_word' id='word_1_12' title='bbox 756 972 921 1036; x_wconf 88' lang='lat' dir='ltr'>confutare</span> <span class='ocrx_word' id='word_1_13' title='bbox 945 973 1005 1036; x_wconf 84' lang='lat' dir='ltr'>sibi</span> <span class='ocrx_word' id='word_1_14' title='bbox 1030 975 1199 1039; x_wconf 88' lang='lat' dir='ltr'>videbatur</span> <span class='ocrx_word' id='word_1_15' title='bbox 1223 973 1425 1059; x_wconf 85' lang='lat' dir='ltr'>Hegesippus</span> <span class='ocrx_word' id='word_1_16' title='bbox 1449 972 1570 1038; x_wconf 78' lang='lat' dir='ltr'>Christi</span> 
     </span>
     <span class='ocr_line' id='line_1_4' title="bbox 466 1070 1569 1159; baseline 0.005 -29"><span class='ocrx_word' id='word_1_17' title='bbox 466 1070 571 1133; x_wconf 88' lang='lat' dir='ltr'>verbis</span> <span class='ocrx_word' id='word_1_18' title='bbox 594 1071 711 1148; x_wconf 86' lang='lat' dir='ltr'>allatis,</span> <span class='ocrx_word' id='word_1_19' title='bbox 732 1073 764 1135; x_wconf 93' lang='lat' dir='ltr'>in</span> <span class='ocrx_word' id='word_1_20' title='bbox 788 1073 902 1156; x_wconf 91' lang='lat' dir='ltr'>quibus</span> <span class='ocrx_word' id='word_1_21' title='bbox 926 1074 1084 1159; x_wconf 78' lang='lat' dir='ltr'>sapientia</span> <span class='ocrx_word' id='word_1_22' title='bbox 1107 1075 1205 1140; x_wconf 87' lang='lat' dir='ltr'>oculis</span> <span class='ocrx_word' id='word_1_23' title='bbox 1229 1082 1326 1159; x_wconf 86' lang='lat' dir='ltr'>atque</span> <span class='ocrx_word' id='word_1_24' title='bbox 1350 1075 1482 1138; x_wconf 90' lang='lat' dir='ltr'>auribus</span> <span class='ocrx_word' id='word_1_25' title='bbox 1504 1073 1569 1137; x_wconf 87' lang='lat' dir='ltr'>dis-</span> 
     </span>
     <span class='ocr_line' id='line_1_5' title="bbox 465 1170 1571 1257; baseline 0.004 -23"><span class='ocrx_word' id='word_1_26' title='bbox 465 1170 640 1255; x_wconf 89' lang='lat' dir='ltr'>cipulorum</span> <span class='ocrx_word' id='word_1_27' title='bbox 652 1173 721 1255; x_wconf 90' lang='lat' dir='ltr'>jam</span> <span class='ocrx_word' id='word_1_28' title='bbox 735 1180 811 1236; x_wconf 88' lang='lat' dir='ltr'>aute</span> <span class='ocrx_word' id='word_1_29' title='bbox 825 1174 988 1257; x_wconf 84' lang='lat' dir='ltr'>patefaeta</span> <span class='ocrx_word' id='word_1_30' title='bbox 1007 1174 1105 1238; x_wconf 81' lang='lat' dir='ltr'>luisse</span> <span class='ocrx_word' id='word_1_31' title='bbox 1123 1174 1316 1239; x_wconf 88' lang='lat' dir='ltr'>declaratur.</span> <span class='ocrx_word' id='word_1_32' title='bbox 1360 1173 1479 1238; x_wconf 81' lang='lat' dir='ltr'>Oonfcr</span> <span class='ocrx_word' id='word_1_33' title='bbox 1500 1172 1571 1238; x_wconf 84' lang='lat' dir='ltr'>Ole-</span> 
     </span>
     <span class='ocr_line' id='line_1_6' title="bbox 464 1271 1570 1359; baseline 0.004 -25"><span class='ocrx_word' id='word_1_34' title='bbox 464 1280 604 1336; x_wconf 90' lang='lat' dir='ltr'>mentem</span> <span class='ocrx_word' id='word_1_35' title='bbox 621 1271 672 1335; x_wconf 90' lang='lat' dir='ltr'>Al.</span> <span class='ocrx_word' id='word_1_36' title='bbox 688 1274 798 1337; x_wconf 81' lang='lat' dir='ltr'>Strom.</span> <span class='ocrx_word' id='word_1_37' title='bbox 814 1274 854 1337; x_wconf 91' lang='lat' dir='ltr'>iv.</span> <span class='ocrx_word' id='word_1_38' title='bbox 870 1297 922 1359; x_wconf 93' lang='lat' dir='ltr'>pp.</span> <span class='ocrx_word' id='word_1_39' title='bbox 939 1276 1013 1357; x_wconf 76' lang='lat'>615,</span> <span class='ocrx_word' id='word_1_40' title='bbox 1030 1285 1063 1340; x_wconf 89' lang='lat' dir='ltr'>et</span> <span class='ocrx_word' id='word_1_41' title='bbox 1078 1278 1152 1341; x_wconf 87' lang='lat'><strong>628.</strong></span> <span class='ocrx_word' id='word_1_42' title='bbox 1168 1284 1201 1340; x_wconf 92' lang='lat' dir='ltr'>et</span> <span class='ocrx_word' id='word_1_43' title='bbox 1216 1277 1329 1340; x_wconf 81' lang='lat' dir='ltr'>Strcm.</span> <span class='ocrx_word' id='word_1_44' title='bbox 1341 1298 1372 1340; x_wconf 87' lang='lat' dir='ltr'><strong>v.</strong></span> <span class='ocrx_word' id='word_1_45' title='bbox 1382 1297 1436 1359; x_wconf 92' lang='lat' dir='ltr'>pp.</span> <span class='ocrx_word' id='word_1_46' title='bbox 1449 1277 1523 1358; x_wconf 88' lang='lat'>659,</span> <span class='ocrx_word' id='word_1_47' title='bbox 1536 1281 1570 1338; x_wconf 91' lang='lat' dir='ltr'>et</span> 
     </span>
     <span class='ocr_line' id='line_1_7' title="bbox 466 1375 1570 1460; baseline 0.001 -23"><span class='ocrx_word' id='word_1_48' title='bbox 466 1375 538 1455; x_wconf 89' lang='lat'><strong>669.</strong></span> <span class='ocrx_word' id='word_1_49' title='bbox 555 1377 603 1437; x_wconf 89' lang='lat' dir='ltr'>ed.</span> <span class='ocrx_word' id='word_1_50' title='bbox 618 1375 751 1450; x_wconf 87' lang='lat' dir='ltr'>Potteri,</span> <span class='ocrx_word' id='word_1_51' title='bbox 768 1376 823 1438; x_wconf 89' lang='lat' dir='ltr'>sed</span> <span class='ocrx_word' id='word_1_52' title='bbox 839 1376 878 1438; x_wconf 92' lang='lat' dir='ltr'>de</span> <span class='ocrx_word' id='word_1_53' title='bbox 893 1397 968 1439; x_wconf 88' lang='lat' dir='ltr'>vero</span> <span class='ocrx_word' id='word_1_54' title='bbox 983 1398 1040 1440; x_wconf 89' lang='lat' dir='ltr'>suo</span> <span class='ocrx_word' id='word_1_55' title='bbox 1056 1377 1222 1452; x_wconf 85' lang='lat' dir='ltr'>Gnostioo,</span> <span class='ocrx_word' id='word_1_56' title='bbox 1234 1376 1300 1439; x_wconf 89' lang='lat' dir='ltr'>sive</span> <span class='ocrx_word' id='word_1_57' title='bbox 1311 1376 1452 1460; x_wconf 83' lang='lat' dir='ltr'>perfecto</span> <span class='ocrx_word' id='word_1_58' title='bbox 1463 1375 1570 1440; x_wconf 77' lang='lat' dir='ltr'>Chris-</span> 
     </span>
     <span class='ocr_line' id='line_1_8' title="bbox 465 1474 955 1550; baseline 0.002 -12"><span class='ocrx_word' id='word_1_59' title='bbox 465 1474 566 1550; x_wconf 90' lang='lat' dir='ltr'>tiano,</span> <span class='ocrx_word' id='word_1_60' title='bbox 580 1474 630 1538; x_wconf 86' lang='lat' dir='ltr'>hie</span> <span class='ocrx_word' id='word_1_61' title='bbox 645 1475 722 1539; x_wconf 89' lang='lat' dir='ltr'>locis</span> <span class='ocrx_word' id='word_1_62' title='bbox 736 1476 955 1541; x_wconf 80' lang='lat' dir='ltr'><strong>disserentem.</strong></span> 
     </span>
     <span class='ocr_line' id='line_1_9' title="bbox 509 1576 1569 1662; baseline 0.001 -24"><span class='ocrx_word' id='word_1_63' title='bbox 509 1576 687 1661; x_wconf 88' lang='lat' dir='ltr'>Postquam</span> <span class='ocrx_word' id='word_1_64' title='bbox 709 1577 778 1641; x_wconf 84' lang='lat' dir='ltr'>brec</span> <span class='ocrx_word' id='word_1_65' title='bbox 800 1578 921 1662; x_wconf 79' lang='lat' dir='ltr'>scripsi,</span> <span class='ocrx_word' id='word_1_66' title='bbox 938 1578 1141 1642; x_wconf 83' lang='lat' dir='ltr'>Gallandium</span> <span class='ocrx_word' id='word_1_67' title='bbox 1155 1578 1249 1642; x_wconf 89' lang='lat' dir='ltr'>vidi</span> <span class='ocrx_word' id='word_1_68' title='bbox 1240 1601 1273 1641; x_wconf 84' lang='lat' dir='ltr'>ru</span> <span class='ocrx_word' id='word_1_69' title='bbox 1288 1577 1475 1642; x_wconf 59' lang='lat' dir='ltr'>Bibliotheca</span> <span class='ocrx_word' id='word_1_70' title='bbox 1490 1577 1569 1640; x_wconf 90' lang='grc' dir='ltr'>ΡΡ.</span> 
     </span>
     <span class='ocr_line' id='line_1_10' title="bbox 465 1677 1570 1762; baseline 0.001 -22"><span class='ocrx_word' id='word_1_71' title='bbox 465 1677 592 1741; x_wconf 91' lang='lat' dir='ltr'>tom.1i</span> <span class='ocrx_word' id='word_1_72' title='bbox 609 1701 638 1762; x_wconf 88' lang='lat' dir='ltr'>p.</span> <span class='ocrx_word' id='word_1_73' title='bbox 657 1683 708 1760; x_wconf 89' lang='lat'>67.</span> <span class='ocrx_word' id='word_1_74' title='bbox 724 1679 873 1746; x_wconf 80' lang='lat' dir='ltr'>Cotelerii</span> <span class='ocrx_word' id='word_1_75' title='bbox 887 1681 986 1744; x_wconf 87' lang='lat' dir='ltr'>verba</span> <span class='ocrx_word' id='word_1_76' title='bbox 1005 1680 1067 1743; x_wconf 92' lang='lat' dir='ltr'>huc</span> <span class='ocrx_word' id='word_1_77' title='bbox 1086 1680 1309 1743; x_wconf 82' lang='lat' dir='ltr'>adducentem.</span> <span class='ocrx_word' id='word_1_78' title='bbox 1356 1678 1570 1743; x_wconf 85' lang='lat' dir='ltr'>“Ootelerius</span> 
     </span>
     <span class='ocr_line' id='line_1_11' title="bbox 466 1779 1569 1866; baseline -0.001 -23.967"><span class='ocrx_word' id='word_1_79' title='bbox 466 1779 534 1842; x_wconf 91' lang='lat' dir='ltr'>“in</span> <span class='ocrx_word' id='word_1_80' title='bbox 556 1781 642 1845; x_wconf 88' lang='lat' dir='ltr'>notia</span> <span class='ocrx_word' id='word_1_81' title='bbox 662 1783 703 1845; x_wconf 89' lang='lat' dir='ltr'>ad</span> <span class='ocrx_word' id='word_1_82' title='bbox 729 1782 864 1848; x_wconf 78' lang='lat' dir='ltr'>Constit</span> <span class='ocrx_word' id='word_1_83' title='bbox 881 1782 997 1866; x_wconf 84' lang='lat' dir='ltr'>Apost.</span> <span class='ocrx_word' id='word_1_84' title='bbox 1014 1781 1067 1845; x_wconf 91' lang='lat' dir='ltr'>lib.</span> <span class='ocrx_word' id='word_1_85' title='bbox 1083 1782 1123 1844; x_wconf 85' lang='lat' dir='ltr'>vi.</span> <span class='ocrx_word' id='word_1_86' title='bbox 1139 1803 1207 1865; x_wconf 87' lang='lat' dir='ltr'>cap</span> <span class='ocrx_word' id='word_1_87' title='bbox 1228 1784 1276 1843; x_wconf 91' lang='lat'>16</span> <span class='ocrx_word' id='word_1_88' title='bbox 1294 1779 1440 1844; x_wconf 91' lang='lat' dir='ltr'>adhunc</span> <span class='ocrx_word' id='word_1_89' title='bbox 1463 1779 1569 1843; x_wconf 89' lang='lat' dir='ltr'>locum</span> 
     </span>
     <span class='ocr_line' id='line_1_12' title="bbox 466 1880 1569 1966; baseline -0.001 -21"><span class='ocrx_word' id='word_1_90' title='bbox 466 1886 485 1917; x_wconf 86' lang='lat'>“</span> <span class='ocrx_word' id='word_1_91' title='bbox 501 1881 569 1945; x_wconf 85' lang='lat' dir='ltr'>hoec</span> <span class='ocrx_word' id='word_1_92' title='bbox 591 1883 698 1947; x_wconf 89' lang='lat' dir='ltr'>habet.</span> <span class='ocrx_word' id='word_1_93' title='bbox 744 1884 826 1964; x_wconf 77' lang='lat' dir='ltr'>Quia</span> <span class='ocrx_word' id='word_1_94' title='bbox 847 1890 931 1947; x_wconf 88' lang='lat' dir='ltr'>teste</span> <span class='ocrx_word' id='word_1_95' title='bbox 953 1881 1181 1966; x_wconf 84' lang='lat' dir='ltr'>Hieronymo</span> <span class='ocrx_word' id='word_1_96' title='bbox 1173 1904 1205 1944; x_wconf 91' lang='lat' dir='ltr'>m</span> <span class='ocrx_word' id='word_1_97' title='bbox 1219 1882 1327 1945; x_wconf 72' lang='lat' dir='ltr'>Esaia</span> <span class='ocrx_word' id='word_1_98' title='bbox 1348 1880 1421 1944; x_wconf 86' lang='lat' dir='ltr'><strong>lxiv.</strong></span> <span class='ocrx_word' id='word_1_99' title='bbox 1437 1901 1468 1961; x_wconf 90' lang='lat'>4.</span> <span class='ocrx_word' id='word_1_100' title='bbox 1486 1880 1569 1965; x_wconf 87' lang='lat' dir='ltr'>lege-</span> 
     </span>
     <span class='ocr_line' id='line_1_13' title="bbox 465 1982 1568 2068; baseline -0.001 -22"><span class='ocrx_word' id='word_1_101' title='bbox 465 1989 487 2020; x_wconf 89' lang='lat'><strong>“</strong></span> <span class='ocrx_word' id='word_1_102' title='bbox 502 1983 622 2047; x_wconf 87' lang='lat' dir='ltr'>batur</span> <span class='ocrx_word' id='word_1_103' title='bbox 613 2007 646 2046; x_wconf 89' lang='lat' dir='ltr'>m</span> <span class='ocrx_word' id='word_1_104' title='bbox 661 2007 755 2068; x_wconf 91' lang='lat' dir='ltr'>opere</span> <span class='ocrx_word' id='word_1_105' title='bbox 770 1982 974 2068; x_wconf 88' lang='lat' dir='ltr'>apocrypho</span> <span class='ocrx_word' id='word_1_106' title='bbox 966 1982 1098 2066; x_wconf 80' lang='lat' dir='ltr'>inscript</span> <span class='ocrx_word' id='word_1_107' title='bbox 1100 2004 1119 2045; x_wconf 92' lang='grc' dir='ltr'>ο</span> <span class='ocrx_word' id='word_1_108' title='bbox 1085 1983 1278 2047; x_wconf 81' lang='lat' dir='ltr'>tAaceneio</span> <span class='ocrx_word' id='word_1_109' title='bbox 1293 1984 1408 2058; x_wconf 76' lang='lat' dir='ltr'>Esaia,</span> <span class='ocrx_word' id='word_1_110' title='bbox 1425 1983 1510 2065; x_wconf 86' lang='lat' dir='ltr'>quod</span> <span class='ocrx_word' id='word_1_111' title='bbox 1526 1982 1568 2045; x_wconf 93' lang='lat' dir='ltr'>ab</span> 
     </span>
     <span class='ocr_line' id='line_1_14' title="bbox 464 2083 1566 2169; baseline 0.001 -23"><span class='ocrx_word' id='word_1_112' title='bbox 464 2090 485 2120; x_wconf 93' lang='lat'>“</span> <span class='ocrx_word' id='word_1_113' title='bbox 500 2086 646 2169; x_wconf 89' lang='lat' dir='ltr'>apostolo</span> <span class='ocrx_word' id='word_1_114' title='bbox 661 2087 781 2149; x_wconf 90' lang='lat' dir='ltr'>citatur</span> <span class='ocrx_word' id='word_1_115' title='bbox 801 2106 811 2146; x_wconf 90' lang='lat'><em>1</em></span> <span class='ocrx_word' id='word_1_116' title='bbox 831 2085 902 2148; x_wconf 80' lang='lat' dir='ltr'>(lor.</span> <span class='ocrx_word' id='word_1_117' title='bbox 918 2083 949 2147; x_wconf 91' lang='lat' dir='ltr'>ii.</span> <span class='ocrx_word' id='word_1_118' title='bbox 967 2104 995 2165; x_wconf 88' lang='lat'>9.</span> <span class='ocrx_word' id='word_1_119' title='bbox 1043 2085 1130 2162; x_wconf 70' lang='lat' dir='ltr'>Quod</span> <span class='ocrx_word' id='word_1_120' title='bbox 1142 2085 1245 2148; x_wconf 76' lang='lat' dir='ltr'>oculus</span> <span class='ocrx_word' id='word_1_121' title='bbox 1261 2105 1321 2146; x_wconf 81' lang='lat' dir='ltr'>aon</span> <span class='ocrx_word' id='word_1_122' title='bbox 1340 2084 1421 2147; x_wconf 78' lang='lat' dir='ltr'>cidit</span> <span class='ocrx_word' id='word_1_123' title='bbox 1442 2085 1498 2147; x_wconf 76' lang='lat' dir='ltr'>bic.</span> <span class='ocrx_word' id='word_1_124' title='bbox 1513 2105 1566 2147; x_wconf 85' lang='lat' dir='ltr'>ac-</span> 
     </span>
     <span class='ocr_line' id='line_1_15' title="bbox 465 2184 1567 2269; baseline -0.003 -20"><span class='ocrx_word' id='word_1_125' title='bbox 465 2192 484 2224; x_wconf 89' lang='lat'><strong>“</strong></span> <span class='ocrx_word' id='word_1_126' title='bbox 501 2193 592 2250; x_wconf 90' lang='lat' dir='ltr'>cusat</span> <span class='ocrx_word' id='word_1_127' title='bbox 606 2193 715 2250; x_wconf 88' lang='lat' dir='ltr'>autem</span> <span class='ocrx_word' id='word_1_128' title='bbox 728 2186 945 2269; x_wconf 86' lang='lat' dir='ltr'>Hegesippum</span> <span class='ocrx_word' id='word_1_129' title='bbox 957 2185 1139 2268; x_wconf 83' lang='lat' dir='ltr'>Stephanus</span> <span class='ocrx_word' id='word_1_130' title='bbox 1151 2184 1299 2249; x_wconf 78' lang='lat' dir='ltr'>Gobares</span> <span class='ocrx_word' id='word_1_131' title='bbox 1310 2184 1470 2248; x_wconf 86' lang='lat' dir='ltr'>Tritheita</span> <span class='ocrx_word' id='word_1_132' title='bbox 1481 2184 1567 2267; x_wconf 92' lang='lat' dir='ltr'>apud</span> 
     </span>
     <span class='ocr_line' id='line_1_16' title="bbox 464 2286 1568 2371; baseline 0 -24"><span class='ocrx_word' id='word_1_133' title='bbox 464 2292 486 2325; x_wconf 90' lang='lat'><strong>“</strong></span> <span class='ocrx_word' id='word_1_134' title='bbox 503 2286 667 2361; x_wconf 81' lang='lat' dir='ltr'>Photiuin,</span> <span class='ocrx_word' id='word_1_135' title='bbox 685 2288 769 2371; x_wconf 93' lang='lat' dir='ltr'>quod</span> <span class='ocrx_word' id='word_1_136' title='bbox 792 2287 851 2350; x_wconf 91' lang='lat' dir='ltr'>hoc</span> <span class='ocrx_word' id='word_1_137' title='bbox 875 2308 944 2350; x_wconf 89' lang='lat' dir='ltr'>esse</span> <span class='ocrx_word' id='word_1_138' title='bbox 968 2286 1083 2350; x_wconf 87' lang='lat' dir='ltr'>falsum</span> <span class='ocrx_word' id='word_1_139' title='bbox 1106 2287 1286 2371; x_wconf 88' lang='lat' dir='ltr'>putaverit:</span> <span class='ocrx_word' id='word_1_140' title='bbox 1318 2286 1471 2369; x_wconf 84' lang='lat' dir='ltr'>suspicari</span> <span class='ocrx_word' id='word_1_141' title='bbox 1497 2286 1568 2368; x_wconf 90' lang='lat' dir='ltr'>quis</span> 
     </span>
     <span class='ocr_line' id='line_1_17' title="bbox 463 2385 1568 2472; baseline -0.002 -23"><span class='ocrx_word' id='word_1_142' title='bbox 463 2393 482 2422; x_wconf 78' lang='lat'>‘⁴</span> <span class='ocrx_word' id='word_1_143' title='bbox 499 2394 617 2470; x_wconf 85' lang='lat' dir='ltr'>posset,</span> <span class='ocrx_word' id='word_1_144' title='bbox 633 2387 680 2451; x_wconf 92' lang='lat' dir='ltr'>ita</span> <span class='ocrx_word' id='word_1_145' title='bbox 702 2388 822 2451; x_wconf 83' lang='lat' dir='ltr'>factum</span> <span class='ocrx_word' id='word_1_146' title='bbox 845 2388 887 2451; x_wconf 93' lang='lat' dir='ltr'>ab</span> <span class='ocrx_word' id='word_1_147' title='bbox 903 2387 1089 2472; x_wconf 82' lang='lat' dir='ltr'>Hegesippo</span> <span class='ocrx_word' id='word_1_148' title='bbox 1113 2387 1146 2449; x_wconf 93' lang='lat' dir='ltr'>in</span> <span class='ocrx_word' id='word_1_149' title='bbox 1165 2394 1384 2472; x_wconf 91' lang='lat' dir='ltr'>contemptum</span> <span class='ocrx_word' id='word_1_150' title='bbox 1400 2385 1568 2449; x_wconf 88' lang='lat' dir='ltr'>voluminis</span> 
     </span>
     <span class='ocr_line' id='line_1_18' title="bbox 464 2485 1568 2574; baseline 0 -24"><span class='ocrx_word' id='word_1_151' title='bbox 464 2494 484 2522; x_wconf 86' lang='lat'><strong>“</strong></span> <span class='ocrx_word' id='word_1_152' title='bbox 498 2488 682 2571; x_wconf 84' lang='lat' dir='ltr'>apocryphi.</span> <span class='ocrx_word' id='word_1_153' title='bbox 715 2489 837 2552; x_wconf 87' lang='lat' dir='ltr'>Verum</span> <span class='ocrx_word' id='word_1_154' title='bbox 852 2489 946 2553; x_wconf 88' lang='lat' dir='ltr'>aliter</span> <span class='ocrx_word' id='word_1_155' title='bbox 960 2510 1020 2574; x_wconf 83' lang='lat' dir='ltr'>ego</span> <span class='ocrx_word' id='word_1_156' title='bbox 1035 2487 1177 2571; x_wconf 87' lang='lat' dir='ltr'>conjicio,</span> <span class='ocrx_word' id='word_1_157' title='bbox 1190 2510 1227 2551; x_wconf 87' lang='lat' dir='ltr'>ae</span> <span class='ocrx_word' id='word_1_158' title='bbox 1240 2487 1459 2572; x_wconf 84' lang='lat' dir='ltr'>Hegeeippum</span> <span class='ocrx_word' id='word_1_159' title='bbox 1474 2485 1568 2570; x_wconf 90' lang='lat' dir='ltr'>culpa</span> 
     </span>
     <span class='ocr_line' id='line_1_19' title="bbox 464 2588 1567 2676; baseline 0 -24"><span class='ocrx_word' id='word_1_160' title='bbox 464 2599 484 2624; x_wconf 85' lang='lat'>“</span> <span class='ocrx_word' id='word_1_161' title='bbox 498 2611 607 2653; x_wconf 89' lang='lat' dir='ltr'>carere</span> <span class='ocrx_word' id='word_1_162' title='bbox 628 2590 786 2666; x_wconf 91' lang='lat' dir='ltr'>arbitror;</span> <span class='ocrx_word' id='word_1_163' title='bbox 810 2599 848 2655; x_wconf 91' lang='lat' dir='ltr'>ut</span> <span class='ocrx_word' id='word_1_164' title='bbox 871 2592 925 2676; x_wconf 92' lang='lat' dir='ltr'>qui</span> <span class='ocrx_word' id='word_1_165' title='bbox 946 2612 1011 2654; x_wconf 91' lang='lat' dir='ltr'>nou</span> <span class='ocrx_word' id='word_1_166' title='bbox 1032 2597 1128 2673; x_wconf 84' lang='lat' dir='ltr'>neget</span> <span class='ocrx_word' id='word_1_167' title='bbox 1143 2612 1251 2654; x_wconf 90' lang='lat' dir='ltr'>verum</span> <span class='ocrx_word' id='word_1_168' title='bbox 1273 2589 1445 2674; x_wconf 88' lang='lat' dir='ltr'>aliquando</span> <span class='ocrx_word' id='word_1_169' title='bbox 1469 2588 1567 2652; x_wconf 86' lang='lat' dir='ltr'>exsti-</span> 
     </span>
     <span class='ocr_line' id='line_1_20' title="bbox 464 2690 1566 2777; baseline -0.002 -23"><span class='ocrx_word' id='word_1_170' title='bbox 464 2700 483 2727; x_wconf 88' lang='lat'>“</span> <span class='ocrx_word' id='word_1_171' title='bbox 499 2691 586 2766; x_wconf 85' lang='lat' dir='ltr'>tissa,</span> <span class='ocrx_word' id='word_1_172' title='bbox 603 2714 728 2776; x_wconf 86' lang='lat' dir='ltr'>eaquae</span> <span class='ocrx_word' id='word_1_173' title='bbox 745 2694 833 2755; x_wconf 91' lang='lat' dir='ltr'>Deus</span> <span class='ocrx_word' id='word_1_174' title='bbox 847 2693 913 2755; x_wconf 91' lang='lat' dir='ltr'>suis</span> <span class='ocrx_word' id='word_1_175' title='bbox 933 2692 1137 2777; x_wconf 72' lang='lat' dir='ltr'>praeparavit,</span> <span class='ocrx_word' id='word_1_176' title='bbox 1153 2692 1254 2755; x_wconf 85' lang='lat' dir='ltr'>invisa</span> <span class='ocrx_word' id='word_1_177' title='bbox 1274 2713 1352 2768; x_wconf 88' lang='lat' dir='ltr'>csse,</span> <span class='ocrx_word' id='word_1_178' title='bbox 1369 2690 1513 2753; x_wconf 91' lang='lat' dir='ltr'>inaudita</span> <span class='ocrx_word' id='word_1_179' title='bbox 1532 2696 1566 2753; x_wconf 91' lang='lat' dir='ltr'>et</span> 
     </span>
     <span class='ocr_line' id='line_1_21' title="bbox 415 2791 1566 2881; baseline -0.004 -22"><span class='ocrx_word' id='word_1_180' title='bbox 415 2822 417 2826; x_wconf 92' lang='lat'>·</span> <span class='ocrx_word' id='word_1_181' title='bbox 462 2801 484 2832; x_wconf 79' lang='lat'>‘⁶</span> <span class='ocrx_word' id='word_1_182' title='bbox 498 2795 679 2881; x_wconf 83' lang='lat' dir='ltr'>incognita3</span> <span class='ocrx_word' id='word_1_183' title='bbox 702 2797 758 2860; x_wconf 88' lang='lat' dir='ltr'>sed</span> <span class='ocrx_word' id='word_1_184' title='bbox 781 2796 834 2880; x_wconf 90' lang='lat' dir='ltr'>qui</span> <span class='ocrx_word' id='word_1_185' title='bbox 854 2795 941 2873; x_wconf 85' lang='lat' dir='ltr'>velit,</span> <span class='ocrx_word' id='word_1_186' title='bbox 960 2794 1095 2880; x_wconf 91' lang='lat' dir='ltr'>amplius</span> <span class='ocrx_word' id='word_1_187' title='bbox 1115 2815 1224 2859; x_wconf 88' lang='lat' dir='ltr'>vcmm</span> <span class='ocrx_word' id='word_1_188' title='bbox 1247 2815 1310 2857; x_wconf 93' lang='lat' dir='ltr'>non</span> <span class='ocrx_word' id='word_1_189' title='bbox 1333 2814 1401 2857; x_wconf 87' lang='lat' dir='ltr'>ease</span> <span class='ocrx_word' id='word_1_190' title='bbox 1423 2799 1497 2877; x_wconf 89' lang='lat' dir='ltr'>post</span> <span class='ocrx_word' id='word_1_191' title='bbox 1519 2791 1566 2854; x_wconf 91' lang='lat' dir='ltr'>in-</span> 
     </span>
     <span class='ocr_line' id='line_1_22' title="bbox 462 2894 1565 2981; baseline -0.003 -21"><span class='ocrx_word' id='word_1_192' title='bbox 462 2904 483 2934; x_wconf 90' lang='lat'>“</span> <span class='ocrx_word' id='word_1_193' title='bbox 499 2898 717 2961; x_wconf 90' lang='lat' dir='ltr'>carnationem</span> <span class='ocrx_word' id='word_1_194' title='bbox 747 2904 782 2961; x_wconf 90' lang='lat' dir='ltr'>et</span> <span class='ocrx_word' id='word_1_195' title='bbox 810 2898 993 2960; x_wconf 88' lang='lat' dir='ltr'>missionem</span> <span class='ocrx_word' id='word_1_196' title='bbox 1023 2897 1132 2960; x_wconf 86' lang='lat' dir='ltr'>Sancti</span> <span class='ocrx_word' id='word_1_197' title='bbox 1160 2896 1316 2981; x_wconf 86' lang='lat' dir='ltr'>Spiritus:</span> <span class='ocrx_word' id='word_1_198' title='bbox 1354 2894 1565 2979; x_wconf 84' lang='lat' dir='ltr'>subjungente</span> 
     </span>
     <span class='ocr_line' id='line_1_23' title="bbox 462 2996 1565 3082; baseline -0.005 -20"><span class='ocrx_word' id='word_1_199' title='bbox 462 3006 483 3037; x_wconf 88' lang='lat'><strong>“</strong></span> <span class='ocrx_word' id='word_1_200' title='bbox 500 3000 622 3077; x_wconf 86' lang='lat' dir='ltr'>Paullo,</span> <span class='ocrx_word' id='word_1_201' title='bbox 638 2999 736 3063; x_wconf 78' lang='lat' dir='ltr'>Nobis</span> <span class='ocrx_word' id='word_1_202' title='bbox 750 3010 850 3063; x_wconf 76' lang='lat' dir='ltr'>autem</span> <span class='ocrx_word' id='word_1_203' title='bbox 864 2999 1006 3062; x_wconf 62' lang='lat' dir='ltr'>racherii</span> <span class='ocrx_word' id='word_1_204' title='bbox 1019 2998 1106 3061; x_wconf 82' lang='lat' dir='ltr'>Doce</span> <span class='ocrx_word' id='word_1_205' title='bbox 1114 3019 1172 3082; x_wconf 74' lang='lat' dir='ltr'>par</span> <span class='ocrx_word' id='word_1_206' title='bbox 1186 2996 1339 3080; x_wconf 78' lang='lat' dir='ltr'>Spiritrua</span> <span class='ocrx_word' id='word_1_207' title='bbox 1352 3017 1451 3069; x_wconf 74' lang='lat' dir='ltr'>mam,</span> <span class='ocrx_word' id='word_1_208' title='bbox 1467 3003 1565 3078; x_wconf 88' lang='lat' dir='ltr'>atque</span> 
     </span>
     <span class='ocr_line' id='line_1_24' title="bbox 462 3096 1565 3185; baseline -0.002 -24"><span class='ocrx_word' id='word_1_209' title='bbox 462 3107 482 3137; x_wconf 88' lang='lat'><em>“</em></span> <span class='ocrx_word' id='word_1_210' title='bbox 499 3100 683 3185; x_wconf 87' lang='lat' dir='ltr'>Hegeeippo</span> <span class='ocrx_word' id='word_1_211' title='bbox 706 3100 914 3164; x_wconf 89' lang='lat' dir='ltr'>confirmante</span> <span class='ocrx_word' id='word_1_212' title='bbox 936 3099 1130 3162; x_wconf 82' lang='lat' dir='ltr'>sententiam</span> <span class='ocrx_word' id='word_1_213' title='bbox 1152 3119 1243 3160; x_wconf 90' lang='lat' dir='ltr'>suam</span> <span class='ocrx_word' id='word_1_214' title='bbox 1265 3118 1323 3179; x_wconf 92' lang='lat' dir='ltr'>per</span> <span class='ocrx_word' id='word_1_215' title='bbox 1343 3096 1565 3159; x_wconf 91' lang='lat' dir='ltr'>testimonium</span> 
     </span>
     <span class='ocr_line' id='line_1_25' title="bbox 461 3195 1564 3280; baseline -0.004 -18"><span class='ocrx_word' id='word_1_216' title='bbox 461 3208 481 3236; x_wconf 86' lang='lat'><strong>“</strong></span> <span class='ocrx_word' id='word_1_217' title='bbox 495 3202 609 3263; x_wconf 69' lang='lat' dir='ltr'>asaal.</span> <span class='ocrx_word' id='word_1_218' title='bbox 624 3202 710 3265; x_wconf 55' lang='lat' dir='ltr'>xiii?</span> <span class='ocrx_word' id='word_1_219' title='bbox 755 3206 810 3266; x_wconf 91' lang='lat' dir='ltr'>Ita</span> <span class='ocrx_word' id='word_1_220' title='bbox 825 3199 1010 3265; x_wconf 83' lang='lat' dir='ltr'>Cotelerius.</span> <span class='ocrx_word' id='word_1_221' title='bbox 1058 3199 1103 3261; x_wconf 87' lang='lat' dir='ltr'>Et</span> <span class='ocrx_word' id='word_1_222' title='bbox 1118 3197 1261 3280; x_wconf 80' lang='lat' dir='ltr'>proiecto</span> <span class='ocrx_word' id='word_1_223' title='bbox 1276 3196 1302 3259; x_wconf 92' lang='lat' dir='ltr'>si</span> <span class='ocrx_word' id='word_1_224' title='bbox 1318 3195 1496 3259; x_wconf 86' lang='lat' dir='ltr'>vecordiam</span> <span class='ocrx_word' id='word_1_225' title='bbox 1514 3205 1564 3258; x_wconf 92' lang='lat' dir='ltr'>at-</span> 
     </span>
     <span class='ocr_line' id='line_1_26' title="bbox 460 3296 1563 3385; baseline -0.004 -21"><span class='ocrx_word' id='word_1_226' title='bbox 460 3323 521 3383; x_wconf 91' lang='lat' dir='ltr'>que</span> <span class='ocrx_word' id='word_1_227' title='bbox 537 3304 717 3385; x_wconf 87' lang='lat' dir='ltr'>superbiam</span> <span class='ocrx_word' id='word_1_228' title='bbox 732 3312 874 3367; x_wconf 87' lang='lat' dir='ltr'>veterum</span> <span class='ocrx_word' id='word_1_229' title='bbox 891 3300 1090 3384; x_wconf 89' lang='lat' dir='ltr'>quorundam</span> <span class='ocrx_word' id='word_1_230' title='bbox 1111 3298 1335 3361; x_wconf 89' lang='lat' dir='ltr'>haercticorum</span> <span class='ocrx_word' id='word_1_231' title='bbox 1353 3296 1563 3379; x_wconf 87' lang='lat' dir='ltr'>reputaveris,</span> 
     </span>
     <span class='ocr_line' id='line_1_27' title="bbox 459 3398 1564 3486; baseline -0.002 -22"><span class='ocrx_word' id='word_1_232' title='bbox 459 3402 513 3486; x_wconf 92' lang='lat' dir='ltr'>qui</span> <span class='ocrx_word' id='word_1_233' title='bbox 543 3410 637 3465; x_wconf 87' lang='lat' dir='ltr'>tanta</span> <span class='ocrx_word' id='word_1_234' title='bbox 666 3404 803 3467; x_wconf 89' lang='lat' dir='ltr'>audacia</span> <span class='ocrx_word' id='word_1_235' title='bbox 834 3401 971 3486; x_wconf 88' lang='lat' dir='ltr'>plurima</span> <span class='ocrx_word' id='word_1_236' title='bbox 1000 3402 1085 3464; x_wconf 91' lang='lat' dir='ltr'>bona</span> <span class='ocrx_word' id='word_1_237' title='bbox 1115 3422 1153 3463; x_wconf 87' lang='lat' dir='ltr'>ac</span> <span class='ocrx_word' id='word_1_238' title='bbox 1184 3407 1307 3464; x_wconf 90' lang='lat' dir='ltr'>secreta</span> <span class='ocrx_word' id='word_1_239' title='bbox 1337 3398 1426 3483; x_wconf 84' lang='lat' dir='ltr'>regni</span> <span class='ocrx_word' id='word_1_240' title='bbox 1460 3398 1564 3462; x_wconf 76' lang='lat' dir='ltr'>calcs-</span> 
     </span>
     <span class='ocr_line' id='line_1_28' title="bbox 460 3500 1563 3587; baseline -0.003 -21"><span class='ocrx_word' id='word_1_241' title='bbox 460 3503 503 3566; x_wconf 92' lang='lat' dir='ltr'>tis</span> <span class='ocrx_word' id='word_1_242' title='bbox 526 3502 603 3585; x_wconf 85' lang='lat' dir='ltr'>ipsis</span> <span class='ocrx_word' id='word_1_243' title='bbox 631 3525 755 3587; x_wconf 89' lang='lat' dir='ltr'>quoque</span> <span class='ocrx_word' id='word_1_244' title='bbox 779 3501 934 3587; x_wconf 89' lang='lat' dir='ltr'>apostolis</span> <span class='ocrx_word' id='word_1_245' title='bbox 960 3502 1123 3586; x_wconf 89' lang='lat' dir='ltr'>incognita</span> <span class='ocrx_word' id='word_1_246' title='bbox 1154 3524 1222 3565; x_wconf 87' lang='lat' dir='ltr'>ease</span> <span class='ocrx_word' id='word_1_247' title='bbox 1249 3501 1447 3576; x_wconf 86' lang='lat' dir='ltr'>statuebant,</span> <span class='ocrx_word' id='word_1_248' title='bbox 1476 3500 1563 3563; x_wconf 92' lang='lat' dir='ltr'>haud</span> 
     </span>
     <span class='ocr_line' id='line_1_29' title="bbox 461 3601 1562 3687; baseline -0.004 -20"><span class='ocrx_word' id='word_1_249' title='bbox 461 3601 604 3667; x_wconf 83' lang='lat' dir='ltr'>absimile</span> <span class='ocrx_word' id='word_1_250' title='bbox 624 3625 699 3666; x_wconf 84' lang='lat' dir='ltr'>vero</span> <span class='ocrx_word' id='word_1_251' title='bbox 718 3603 886 3680; x_wconf 87' lang='lat' dir='ltr'>videbitur,</span> <span class='ocrx_word' id='word_1_252' title='bbox 902 3602 950 3666; x_wconf 87' lang='lat' dir='ltr'>vel</span> <span class='ocrx_word' id='word_1_253' title='bbox 973 3603 1081 3687; x_wconf 89' lang='lat' dir='ltr'>priora</span> <span class='ocrx_word' id='word_1_254' title='bbox 1101 3604 1186 3687; x_wconf 88' lang='lat' dir='ltr'>ipsos</span> <span class='ocrx_word' id='word_1_255' title='bbox 1202 3603 1371 3687; x_wconf 88' lang='lat' dir='ltr'>protulisse</span> <span class='ocrx_word' id='word_1_256' title='bbox 1385 3601 1562 3677; x_wconf 70' lang='lat' dir='ltr'>haereticos,</span> 
     </span>
     <span class='ocr_line' id='line_1_30' title="bbox 461 3704 1564 3790; baseline 0 -23"><span class='ocrx_word' id='word_1_257' title='bbox 461 3704 509 3767; x_wconf 86' lang='lat' dir='ltr'>vcl</span> <span class='ocrx_word' id='word_1_258' title='bbox 527 3704 704 3788; x_wconf 84' lang='lat' dir='ltr'>posteriora</span> <span class='ocrx_word' id='word_1_259' title='bbox 727 3705 789 3768; x_wconf 89' lang='lat' dir='ltr'>illis</span> <span class='ocrx_word' id='word_1_260' title='bbox 807 3705 978 3787; x_wconf 86' lang='lat' dir='ltr'>regessisse</span> <span class='ocrx_word' id='word_1_261' title='bbox 1001 3705 1229 3790; x_wconf 83' lang='lat' dir='ltr'>Hegesippum.</span> <span class='ocrx_word' id='word_1_262' title='bbox 1276 3706 1330 3767; x_wconf 90' lang='lat' dir='ltr'>Ad</span> <span class='ocrx_word' id='word_1_263' title='bbox 1351 3704 1468 3767; x_wconf 85' lang='lat' dir='ltr'>librum</span> <span class='ocrx_word' id='word_1_264' title='bbox 1490 3726 1564 3767; x_wconf 91' lang='lat' dir='ltr'>vero</span> 
     </span>
     <span class='ocr_line' id='line_1_31' title="bbox 460 3803 1564 3892; baseline 0 -23"><span class='ocrx_word' id='word_1_265' title='bbox 460 3807 544 3892; x_wconf 92' lang='lat' dir='ltr'>quod</span> <span class='ocrx_word' id='word_1_266' title='bbox 569 3806 697 3885; x_wconf 91' lang='lat' dir='ltr'>attinet,</span> <span class='ocrx_word' id='word_1_267' title='bbox 721 3829 846 3891; x_wconf 85' lang='lat' dir='ltr'>exque</span> <span class='ocrx_word' id='word_1_268' title='bbox 869 3807 1044 3892; x_wconf 87' lang='lat' dir='ltr'>desumpsit</span> <span class='ocrx_word' id='word_1_269' title='bbox 1066 3807 1129 3872; x_wconf 88' lang='lat' dir='ltr'>ista</span> <span class='ocrx_word' id='word_1_270' title='bbox 1151 3806 1315 3891; x_wconf 86' lang='lat' dir='ltr'>apostolus</span> <span class='ocrx_word' id='word_1_271' title='bbox 1336 3805 1467 3878; x_wconf 90' lang='lat' dir='ltr'>Paulus,</span> <span class='ocrx_word' id='word_1_272' title='bbox 1485 3803 1564 3869; x_wconf 89' lang='lat' dir='ltr'>Hie-</span> 
     </span>
     <span class='ocr_line' id='line_1_32' title="bbox 459 3908 1563 4027; baseline -0.002 -54"><span class='ocrx_word' id='word_1_273' title='bbox 459 3931 610 4027; x_wconf 85' lang='lat' dir='ltr'>ronymua</span> <span class='ocrx_word' id='word_1_274' title='bbox 622 3910 770 3994; x_wconf 90' lang='lat' dir='ltr'>quidem</span> <span class='ocrx_word' id='word_1_275' title='bbox 761 3932 793 3972; x_wconf 91' lang='lat' dir='ltr'>m</span> <span class='ocrx_word' id='word_1_276' title='bbox 806 3910 1025 3974; x_wconf 63' lang='lat' dir='ltr'>&amp;montorio</span> <span class='ocrx_word' id='word_1_277' title='bbox 1036 3932 1087 3973; x_wconf 84' lang='lat' dir='ltr'>sao</span> <span class='ocrx_word' id='word_1_278' title='bbox 1098 3911 1133 3972; x_wconf 81' lang='lat' dir='ltr'>ia</span> <span class='ocrx_word' id='word_1_279' title='bbox 1142 3910 1272 3973; x_wconf 79' lang='lat' dir='ltr'>Esaiam</span> <span class='ocrx_word' id='word_1_280' title='bbox 1283 3908 1352 3971; x_wconf 85' lang='lat' dir='ltr'>haec</span> <span class='ocrx_word' id='word_1_281' title='bbox 1361 3908 1487 3991; x_wconf 89' lang='lat' dir='ltr'>posuit;</span> <span class='ocrx_word' id='word_1_282' title='bbox 1505 3909 1563 3971; x_wconf 82' lang='lat' dir='ltr'>Aa·</span> 
     </span>
     <span class='ocr_line' id='line_1_33' title="bbox 459 4009 1564 4097; baseline -0.004 -21.531"><span class='ocrx_word' id='word_1_283' title='bbox 459 4013 673 4076; x_wconf 80' lang='lat' dir='ltr'>cenaioIaaiae</span> <span class='ocrx_word' id='word_1_284' title='bbox 691 4023 719 4075; x_wconf 80' lang='lat' dir='ltr'>et</span> <span class='ocrx_word' id='word_1_285' title='bbox 738 4013 940 4097; x_wconf 80' lang='lat' dir='ltr'>Apocalypsis</span> <span class='ocrx_word' id='word_1_286' title='bbox 954 4012 1041 4076; x_wconf 74' lang='lat' dir='ltr'>Elio</span> <span class='ocrx_word' id='word_1_287' title='bbox 1059 4012 1112 4075; x_wconf 79' lang='lat' dir='ltr'>loc</span> <span class='ocrx_word' id='word_1_288' title='bbox 1133 4010 1240 4075; x_wconf 75' lang='lat' dir='ltr'>latmi</span> <span class='ocrx_word' id='word_1_289' title='bbox 1262 4010 1484 4081; x_wconf 76' lang='lat' dir='ltr'>testimoniam,-</span> <span class='ocrx_word' id='word_1_290' title='bbox 1508 4009 1564 4072; x_wconf 89' lang='lat' dir='ltr'>sed</span> 
     </span>
     <span class='ocr_line' id='line_1_34' title="bbox 459 4110 1564 4199; baseline -0.003 -23"><span class='ocrx_word' id='word_1_291' title='bbox 459 4115 542 4178; x_wconf 89' lang='lat' dir='ltr'>idem</span> <span class='ocrx_word' id='word_1_292' title='bbox 566 4114 618 4177; x_wconf 90' lang='lat' dir='ltr'>ille</span> <span class='ocrx_word' id='word_1_293' title='bbox 643 4115 688 4177; x_wconf 80' lang='lat' dir='ltr'>ad</span> <span class='ocrx_word' id='word_1_294' title='bbox 710 4115 947 4178; x_wconf 80' lang='lat' dir='ltr'>Panuaacliam</span> <span class='ocrx_word' id='word_1_295' title='bbox 971 4116 1020 4177; x_wconf 81' lang='lat' dir='ltr'>Da</span> <span class='ocrx_word' id='word_1_296' title='bbox 1047 4115 1166 4199; x_wconf 83' lang='lat' dir='ltr'>Optinw</span> <span class='ocrx_word' id='word_1_297' title='bbox 1196 4117 1312 4177; x_wconf 81' lang='lat' dir='ltr'>Gcacrc</span> <span class='ocrx_word' id='word_1_298' title='bbox 1334 4110 1564 4196; x_wconf 71' lang='lat' dir='ltr'>Iramprctuadi</span> 
     </span>
     <span class='ocr_line' id='line_1_35' title="bbox 458 4216 1561 4302; baseline -0.005 -22"><span class='ocrx_word' id='word_1_299' title='bbox 458 4218 599 4281; x_wconf 88' lang='lat' dir='ltr'>scribens</span> <span class='ocrx_word' id='word_1_300' title='bbox 622 4218 837 4302; x_wconf 88' lang='lat' dir='ltr'>Apocalypsin</span> <span class='ocrx_word' id='word_1_301' title='bbox 863 4223 992 4281; x_wconf 89' lang='lat' dir='ltr'>tautum</span> <span class='ocrx_word' id='word_1_302' title='bbox 1016 4216 1131 4280; x_wconf 72' lang='lat' dir='ltr'>Elio</span> <span class='ocrx_word' id='word_1_303' title='bbox 1123 4239 1156 4280; x_wconf 91' lang='lat' dir='ltr'>1n</span> <span class='ocrx_word' id='word_1_304' title='bbox 1179 4216 1240 4279; x_wconf 92' lang='lat' dir='ltr'>hac</span> <span class='ocrx_word' id='word_1_305' title='bbox 1266 4237 1300 4278; x_wconf 90' lang='lat' dir='ltr'>re</span> <span class='ocrx_word' id='word_1_306' title='bbox 1325 4220 1561 4285; x_wconf 89' lang='lat' dir='ltr'>commemorat,</span> 
     </span>
     <span class='ocr_line' id='line_1_36' title="bbox 458 4315 1560 4403; baseline -0.007 -18"><span class='ocrx_word' id='word_1_307' title='bbox 458 4342 488 4403; x_wconf 93' lang='lat' dir='ltr'>p.</span> <span class='ocrx_word' id='word_1_308' title='bbox 504 4337 545 4403; x_wconf 81' lang='lat'>37</span> <span class='ocrx_word' id='word_1_309' title='bbox 548 4341 579 4402; x_wconf 89' lang='lat'><strong>5.</strong></span> <span class='ocrx_word' id='word_1_310' title='bbox 602 4321 650 4384; x_wconf 91' lang='lat' dir='ltr'>ed.</span> <span class='ocrx_word' id='word_1_311' title='bbox 676 4319 816 4383; x_wconf 90' lang='lat' dir='ltr'>Frobcu.</span> <span class='ocrx_word' id='word_1_312' title='bbox 839 4319 904 4383; x_wconf 88' lang='lat' dir='ltr'>et</span> <span class='ocrx_word' id='word_1_313' title='bbox 894 4341 928 4381; x_wconf 91' lang='lat' dir='ltr'>m</span> <span class='ocrx_word' id='word_1_314' title='bbox 950 4319 1011 4381; x_wconf 94' lang='lat' dir='ltr'>hoc</span> <span class='ocrx_word' id='word_1_315' title='bbox 1033 4318 1124 4391; x_wconf 91' lang='lat' dir='ltr'>libro,</span> <span class='ocrx_word' id='word_1_316' title='bbox 1147 4318 1253 4402; x_wconf 89' lang='lat' dir='ltr'>potius</span> <span class='ocrx_word' id='word_1_317' title='bbox 1276 4338 1372 4400; x_wconf 87' lang='lat' dir='ltr'>quam</span> <span class='ocrx_word' id='word_1_318' title='bbox 1394 4317 1428 4378; x_wconf 93' lang='lat' dir='ltr'>in</span> <span class='ocrx_word' id='word_1_319' title='bbox 1449 4315 1560 4386; x_wconf 87' lang='lat' dir='ltr'>altero,</span> 
     </span>
     <span class='ocr_line' id='line_1_37' title="bbox 458 4414 1561 4503; baseline -0.006 -20"><span class='ocrx_word' id='word_1_320' title='bbox 458 4419 583 4483; x_wconf 88' lang='lat' dir='ltr'>etiamsi</span> <span class='ocrx_word' id='word_1_321' title='bbox 599 4421 762 4503; x_wconf 87' lang='lat' dir='ltr'>Origenes,</span> <span class='ocrx_word' id='word_1_322' title='bbox 774 4420 944 4485; x_wconf 87' lang='lat' dir='ltr'>Euthalius</span> <span class='ocrx_word' id='word_1_323' title='bbox 958 4420 1075 4503; x_wconf 89' lang='lat' dir='ltr'>aliique</span> <span class='ocrx_word' id='word_1_324' title='bbox 1090 4427 1248 4493; x_wconf 88' lang='lat' dir='ltr'>auctores,</span> <span class='ocrx_word' id='word_1_325' title='bbox 1260 4419 1367 4482; x_wconf 82' lang='lat' dir='ltr'>aniae</span> <span class='ocrx_word' id='word_1_326' title='bbox 1381 4414 1561 4501; x_wconf 87' lang='lat' dir='ltr'>apocrypha</span> 
     </span>
     <span class='ocr_line' id='line_1_38' title="bbox 458 4516 1559 4608; baseline -0.008 -22"><span class='ocrx_word' id='word_1_327' title='bbox 458 4523 701 4599; x_wconf 90' lang='lat' dir='ltr'>nominaverint,</span> <span class='ocrx_word' id='word_1_328' title='bbox 716 4524 812 4587; x_wconf 89' lang='lat' dir='ltr'>verba</span> <span class='ocrx_word' id='word_1_329' title='bbox 826 4522 962 4608; x_wconf 88' lang='lat' dir='ltr'>apostoli</span> <span class='ocrx_word' id='word_1_330' title='bbox 984 4522 1196 4607; x_wconf 85' lang='lat' dir='ltr'>comparuisse</span> <span class='ocrx_word' id='word_1_331' title='bbox 1219 4543 1302 4585; x_wconf 91' lang='lat' dir='ltr'>nunc</span> <span class='ocrx_word' id='word_1_332' title='bbox 1322 4518 1474 4603; x_wconf 86' lang='lat' dir='ltr'>temporis</span> <span class='ocrx_word' id='word_1_333' title='bbox 1497 4516 1559 4578; x_wconf 81' lang='lat' dir='ltr'>lao-</span> 
     </span>
     <span class='ocr_line' id='line_1_39' title="bbox 458 4615 1560 4708; baseline -0.009 -20"><span class='ocrx_word' id='word_1_334' title='bbox 458 4631 527 4688; x_wconf 91' lang='lat' dir='ltr'>tum</span> <span class='ocrx_word' id='word_1_335' title='bbox 542 4631 592 4686; x_wconf 88' lang='lat' dir='ltr'>est</span> <span class='ocrx_word' id='word_1_336' title='bbox 607 4624 781 4688; x_wconf 86' lang='lat' dir='ltr'>verisimile.</span> <span class='ocrx_word' id='word_1_337' title='bbox 820 4624 903 4689; x_wconf 88' lang='lat' dir='ltr'>Cum</span> <span class='ocrx_word' id='word_1_338' title='bbox 917 4624 1002 4688; x_wconf 91' lang='lat' dir='ltr'>enim</span> <span class='ocrx_word' id='word_1_339' title='bbox 1016 4624 1086 4708; x_wconf 88' lang='lat' dir='ltr'>ipsa</span> <span class='ocrx_word' id='word_1_340' title='bbox 1100 4623 1154 4687; x_wconf 86' lang='lat' dir='ltr'>illa</span> <span class='ocrx_word' id='word_1_341' title='bbox 1164 4623 1259 4686; x_wconf 80' lang='lat' dir='ltr'>Isaiae</span> <span class='ocrx_word' id='word_1_342' title='bbox 1267 4620 1406 4685; x_wconf 74' lang='lat' dir='ltr'>Aaccacrb</span> <span class='ocrx_word' id='word_1_343' title='bbox 1420 4639 1438 4680; x_wconf 87' lang='lat' dir='ltr'>e</span> <span class='ocrx_word' id='word_1_344' title='bbox 1452 4615 1560 4680; x_wconf 90' lang='lat' dir='ltr'>codice</span> 
     </span>
    </p>
   </div>
   <div class='ocr_carea' id='block_1_3' title="bbox 459 4718 1560 4810">
    <p class='ocr_par' dir='ltr' id='par_1_3' title="bbox 459 4718 1560 4810">
     <span class='ocr_line' id='line_1_40' title="bbox 459 4718 1560 4810; baseline -0.009 -20"><span class='ocrx_word' id='word_1_345' title='bbox 459 4725 646 4810; x_wconf 84' lang='lat' dir='ltr'>AEthiopico</span> <span class='ocrx_word' id='word_1_346' title='bbox 672 4725 760 4790; x_wconf 91' lang='lat' dir='ltr'>edita</span> <span class='ocrx_word' id='word_1_347' title='bbox 781 4727 893 4790; x_wconf 81' lang='lat' dir='ltr'>luisset</span> <span class='ocrx_word' id='word_1_348' title='bbox 913 4749 934 4789; x_wconf 91' lang='lat' dir='ltr'>a</span> <span class='ocrx_word' id='word_1_349' title='bbox 957 4724 1132 4789; x_wconf 83' lang='lat' dir='ltr'>clarissimo</span> <span class='ocrx_word' id='word_1_350' title='bbox 1149 4724 1218 4787; x_wconf 90' lang='lat' dir='ltr'>viro</span> <span class='ocrx_word' id='word_1_351' title='bbox 1238 4723 1378 4788; x_wconf 84' lang='lat' dir='ltr'>Ricardo</span> <span class='ocrx_word' id='word_1_352' title='bbox 1396 4718 1560 4785; x_wconf 78' lang='lat' dir='ltr'>Laureuoe</span> 
     </span>
    </p>
   </div>
   <div class='ocr_carea' id='block_1_4' title="bbox 0 0 1910 5650">
    <p class='ocr_par' dir='ltr' id='par_1_4' title="bbox 0 0 1910 5650">
     <span class='ocr_line' id='line_1_41' title="bbox 0 0 1910 5650; baseline 0 4"><span class='ocrx_word' id='word_1_353' title='bbox 0 0 1910 5650; x_wconf 95' lang='lat' dir='ltr'> </span> 
     </span>
    </p>
   </div>
  </div>
 </body>
</html>
