3809 5650
492 697 556 757 442
847 696 910 756 AN
916 696 1165 759 ΝΟΤΑΤΙΟΝ
1171 696 1224 758 ES

493 881 578 961 (eap.
593 880 662 961 30.)
700 877 855 957 Quoeiroa
869 873 1049 955 videndum,
1065 898 1104 944 ns
1119 900 1179 944 vox
1194 881 1332 943 πολιτεία
1345 879 1406 943 hoo
1420 878 1491 942 loeo
1505 874 1599 943 aliud

493 977 654 1061 quidpiam
678 976 845 1063 significet,
859 986 893 1042 et
912 1001 971 1063 pro
985 979 1203 1043 Deeurionetu
1225 986 1380 1044 snmalur.
1425 979 1509 1045 Nam
1528 980 1594 1044 De·

492 1080 644 1155 enriones,
660 1081 884 1159 πολιτευόμενοι
898 1101 954 1144 seu
972 1083 1144 1144 πολιτενταί
1164 1080 1353 1144 dicebantur
1372 1103 1393 1146 u
1408 1081 1541 1159 (limeis,
1556 1089 1595 1146 ut

492 1180 635 1264 pluribus
657 1180 764 1244 notavi
785 1181 828 1245 ud
852 1182 957 1243 Amm.
983 1177 1212 1245 Mareellinam.
1258 1181 1374 1246 Posset
1398 1183 1498 1247 etism
1524 1183 1595 1268 quis

494 1281 655 1366 suspicari,
665 1281 865 1345 seribendum
879 1282 931 1346 hie
945 1304 1014 1346 esse
1028 1287 1063 1362 τῇ
1077 1287 1169 1365 πολιᾷ
1184 1308 1253 1362 σεμ.
1266 1284 1313 1345 καὶ
1325 1285 1365 1368 τᾷ
1376 1283 1463 1368 γήρᾳ.
1509 1279 1594 1348 Nam

494 1404 591 1445 senex
605 1382 735 1466 Apelles
749 1382 841 1467 vulgo
856 1383 1032 1447 dicebatur.
1077 1382 1131 1447 Sie
1145 1405 1216 1447 eum
1232 1383 1376 1448 nominat
1391 1384 1529 1448 Rhodon
1545 1385 1593 1448 iu·

493 1484 552 1560 ira,
568 1490 602 1547 el
616 1483 829 1568 Hieronymus
846 1483 879 1546 in
898 1485 1055 1569 ealelogo.
1101 1483 1280 1549 Confirmet
1298 1485 1380 1549 hane
1399 1485 1593 1551 emendatio·

495 1607 567 1647 uem
585 1584 742 1649 Eusebius
763 1586 797 1649 iu
816 1586 870 1649 lib.
886 1585 925 1649 vi.
941 1607 1012 1670 eap.
1027 1604 1080 1669 39.
1097 1585 1151 1649 ubi
1171 1586 1212 1650 do
1226 1585 1412 1650 Alexandro
1433 1586 1591 1672 episeopo.

494 1690 610 1769 λιπαρᾷ
625 1686 709 1768 γήρει
724 1690 772 1750 καὶ
790 1691 886 1773 σεμνῇ
905 1690 998 1768 πολιᾷ
1020 1685 1263 1766 κατεστεμμένος.
1309 1686 1373 1751 Sed
1396 1695 1430 1752 et
1454 1687 1593 1773 Symeon

497 1785 736 1873 Melaphrasles
756 1787 790 1851 in
811 1787 906 1851 Aetia
921 1787 1041 1850 Phileae
1061 1786 1109 1850 ita
1131 1785 1291 1871 loquitur:
1311 1789 1364 1851 'sul
1387 1794 1449 1856 πῶς
1473 1791 1593 1869 τοιαύτη

495 1889 590 1967 φησὶν
608 1889 684 1973 γήρᾷ
703 1891 752 1953 καί
773 1893 866 1972 πολιᾷ
887 1891 1108 1968 σεμνυνόμενος
1131 1889 1187 1951 &e
1232 1886 1344 1952 Verba
1364 1895 1440 1952 sunl
1465 1889 1594 1955 Judleis

493 1991 579 2074 apud
603 1990 756 2054 Philsam.
780 1991 937 2052 Vrnnsms.
982 1988 1035 2051 Ex
1054 1987 1253 2052 verbis'vero
1272 1987 1438 2052 Rhodonis
1460 1990 1593 2055 duetum

494 2100 544 2156 est
563 2114 584 2155 a
603 2090 760 2155 nonnullis
783 2098 1005 2176 argumentum
1027 2098 1140 2154 eontra
1162 2089 1356 2154 narrationis
1370 2089 1594 2156 Tertullinneae

493 2192 669 2257 ver-itatem.
714 2193 786 2256 vid.
800 2191 954 2256 Lardneri
969 2192 1189 2254 Hoeretieonnn
1203 2191 1287 2255 Hisl.
1302 2212 1382 2274 opus
1399 2198 1592 2275 postumum,

495 2315 564 2376 eap.
580 2293 633 2355 xii.
651 2296 681 2375 ξ.
697 2313 728 2377 3.
783 2294 935 2356 Celerum
954 2292 1101 2357 additum
1120 2299 1170 2356 est
1190 2293 1250 2356 ἀπὸ
1271 2299 1348 2355 ente
1369 2313 1460 2356 voees
1482 2293 1531 2356 καὶ
1552 2295 1592 2377 τᾷ

495 2394 570 2476 γήρᾳ
594 2392 626 2455 in
645 2393 708 2456 eod.
724 2392 816 2457 Bodl.
832 2394 921 2477 quasi
944 2394 977 2456 in
999 2414 1037 2457 eo
1059 2392 1183 2477 positus
1203 2400 1288 2457 esset
1312 2393 1463 2478 gignendi
1489 2414 1591 2458 easus.

495 2492 637 2558 exhibet
658 2496 693 2557 το
713 2495 786 2558 ms.
806 2494 945 2579 Nason.
989 2494 1181 2578 Νιοριοηα
1202 2495 1236 2556 τι
1258 2497 1360 2575 γῆρας,
1375 2501 1410 2558 ο
1434 2480 1593 2577 ριαοοο

494 2595 548 2673 τὴν
571 2597 734 2659 πολιτείαν.
780 2596 871 2660 Nune
890 2617 1015 2680 quoque
1037 2596 1091 2674 τὴν
1112 2597 1272 2659 πολετείαν
1292 2601 1326 2660 el
1341 2594 1382 2658 τὸ
1403 2599 1495 2676 γῆρας
1514 2595 1593 2659 Bur·

496 2706 591 2762 tonus
605 2720 644 2762 ex
660 2697 839 2781 Nieephoro
853 2705 887 2762 et
900 2697 987 2761 eodd.
1000 2697 1108 2761 Paris.
1120 2704 1155 2760 ot
1173 2696 1362 2761 Florentinis
1375 2696 1409 2759 in
1419 2695 1592 2761 Eusebium

495 2800 626 2882 recepit.

539 2902 576 2964 P.
592 2901 667 2983 438.
682 2901 703 2965 l.
715 2903 745 2966 8.
757 2906 810 2968 τὰς
824 2905 856 2965 δὲ
871 2903 1053 2983 προφητείας
1068 2899 1142 2985 &e.]
1159 2900 1312 2965 conferas
1327 2897 1492 2962 Rhodenie
1506 2900 1594 2981 ῥῆσιν

497 3002 566 3065 ΙΙΙ.
582 3001 817 3085 Eusebiumque
831 3010 905 3087 pest
919 3001 1060 3086 ejusdem
1077 3001 1274 3085 Fragmenta
1289 3021 1386 3084 supra
1400 2999 1544 3064 allatum.

539 3102 621 3165 Ibid.
647 3104 668 3166 l.
695 3124 725 3185 9.
757 3103 983 3186 ἀποφθέγμασι]
1018 3102 1228 3184 ἆποφθέγματι
1255 3100 1300 3163 ed.
1327 3098 1434 3183 Stepl.
1489 3098 1593 3163 Exue

495 3204 590 3268 leetio
604 3204 707 3268 altera
719 3205 805 3291 apud
820 3204 948 3288 Nieepl.
968 3204 1096 3268 Gruteri
1110 3204 1202 3267 leet.
1222 3202 1337 3266 Valerii
1355 3202 1403 3265 ed.
1418 3200 1593 3285 eodieesque

494 3314 607 3369 nostros
620 3306 737 3369 MStos.
768 3304 799 3368 N
800 3327 860 3368 une
874 3304 993 3390 exeipit
1001 3305 1131 3389 Ιίσρίντν
1145 3309 1273 3367 lantum
1287 3302 1416 3367 eodioorn
1430 3302 1594 3367 Burtonus

495 3430 534 3470 ex
551 3407 685 3469 MSSlie
698 3406 740 3469 ab
758 3428 797 3469 eo
816 3406 949 3469 oollatie.
996 3407 1079 3468 Mox
1098 3405 1183 3488 apud
1199 3403 1331 3488 Nicepl.
1351 3403 1469 3489 legitur
1488 3408 1591 3482 δαιμο-

497 3509 617 3573 νιιίδονπ
630 3506 788 3586 παρθένον.
1166 3572 1170 3581 ,

539 3606 621 3670 lbid.
641 3607 662 3670 l.
683 3627 732 3670 10.
748 3608 843 3685 ὄνομα
866 3607 1064 3691 Φιλουμένης]
1091 3607 1286 3671 Philumenae
1309 3605 1434 3670 duobus
1459 3604 1493 3669 in
1515 3605 1593 3670 loeis

495 3708 600 3793 operis
619 3730 640 3773 a
654 3707 784 3773 Valesio
803 3716 879 3773 ante
902 3708 1025 3774 laudati
1048 3709 1241 3774 mentionem
1263 3708 1342 3773 feeit
1366 3706 1593 3784 Tertullianus,

495 3811 562 3875 soil.
576 3832 666 3896 eapp.
682 3814 713 3874 6.
734 3817 769 3874 et
789 3829 844 3894 30.
863 3809 959 3873 libelli
979 3811 1028 3872 De
1042 3810 1276 3894 prescriptione
1293 3808 1412 3871 Hoeret.
1457 3806 1499 3870 In
1520 3830 1593 3892 pos·

496 3913 612 3977 toriore
626 3920 734 3977 antem
752 3913 866 3975 horum
884 3910 1026 3975 looorum
1045 3911 1112 3974 hmo
1134 3910 1326 3975 seribunlnr.
1370 3908 1412 3972 Si
1433 3916 1462 3971 et
1474 3907 1594 3992 Apellis

493 4026 615 4079 sienne
633 4014 858 4079 retraetandum
875 4023 928 4089 eet,
942 4023 1007 4077 tom
1020 4032 1079 4075 non
1096 4012 1175 4092 (ior.
1190 4031 1250 4075 non
1268 4012 1350 4091 mm)
1372 4017 1455 4072 enne
1473 4018 1500 4071 et
1518 4009 1591 4093 ι’ροο,

493 4139 584 4202 quem
607 4116 752 4179 Marcion
776 4115 930 4178 institutor
954 4123 984 4177 et
996 4114 1217 4197 proesormalor
1237 4112 1321 4195 eiam·
1355 4109 1408 4173 sed
1430 4108 1533 4194 epos
1557 4111 1593 4175 in

485 4222 638 4308 seminam
651 4218 782 4283 desem
795 4215 985 4279 eontinentioe
998 4215 1221 4279 Marcionensis
1240 4211 1278 4277 al
1297 4212 1390 4277 oeulis
1411 4211 1593 4293 mndierinei

493 4324 633 4411 neptem
649 4318 874 4384 Aleeundriann
891 4317 1016 4381 nmen.
1059 4317 1138 4380 Inde
1153 4325 1224 4401 post
1246 4335 1342 4380 annos
1363 4317 1511 4397 repressas
1532 4334 1592 4376 nou

493 4426 610 4502 melion
631 4422 694 4485 nisi
714 4429 840 4497 lernen,
863 4441 924 4504 qno
935 4417 1008 4502 jem
1027 4438 1087 4481 non
1108 4416 1318 4493 Marcionites,
1341 4415 1376 4478 in
1396 4414 1524 4477 altorem
1539 4414 1591 4496 fe

494 4527 609 4589 minam
631 4522 761 4605 ι’τνρτρίι,
781 4520 868 4585 mem
891 4520 1040 4603 oirpinem
1059 4518 1276 4594 Philumenen,
1296 4536 1387 4600 quom
1409 4534 1504 4599 supm
1523 4512 1589 4576 edi·

492 4627 601 4698 eima,
616 4631 719 4706 postea
739 4643 805 4684 oero
826 4622 957 4685 immeo
972 4617 1185 4703 prostibulae,
1198 4627 1225 4681 el
1247 4617 1355 4701 ipsein,
1370 4614 1455 4697 eajrn
1475 4633 1590 4697 nerpo-

491 4735 569 4788 rnote
583 4723 807 4797 circumventus,
821 4743 897 4805 ριιιιιι
910 4720 949 4784 ab
964 4741 1001 4784 ee
1015 4716 1127 4783 didicit
1142 4716 1342 4782 Phaneroseis
1354 4713 1485 4797 seipse.
