3809 5650
469 676 533 737 '148
892 670 1246 736 ANNOTATIONES

469 826 554 890 tonis
568 824 655 889 istud
675 823 855 909 profertum
879 824 981 887 Libro
1001 824 1125 889 Nieetae
1150 845 1159 887 r
1166 846 1205 910 3:
1229 828 1404 893 Μελίτονος
1425 823 1573 905 Σάρδεσι.

468 927 507 990 ‘0
524 926 604 992 Θεὸς
618 925 769 989 πέπονθεν
783 926 841 989 ῦπὸ
859 924 957 1004 ὸεξθσς
974 927 1198 1008 Ἰσραηλίπιὸος·
1221 925 1450 1007 προβάλλονται
1467 931 1500 993 δὲ
1516 930 1575 1009 (lo-

469 1029 578 1114 quitur
593 1027 724 1091 Nioetas
738 1027 778 1089 de
792 1026 963 1104 haeretieis,
977 1027 1031 1111 qui
1049 1026 1292 1111 Theopasehitae
1312 1028 1466 1093 nominati
1484 1036 1575 1115 sunt)

470 1132 518 1194 καὶ
540 1131 622 1193 ἄλλα
644 1131 746 1192 πολλὰ
769 1131 898 1190 τοιαῦτα·
919 1127 993 1208 πρὸς
1012 1126 1109 1191 πάντα
1124 1131 1155 1192 ὸέ
1176 1130 1246 1208 ἡμῖν
1264 1130 1318 1207 μιά
1337 1131 1424 1197 λύσις
1442 1132 1574 1213 ἀρκέσει,

469 1234 596 1316 φησὶνὸ
616 1233 760 1311 θεόλογος
781 1231 951 1311 Γρηγόριος·
974 1229 1071 1309 μήπου
1091 1230 1145 1293 τὸν
1167 1231 1315 1311 λογισμὸν
1336 1230 1478 1319 ὀκλάοῃς,
1502 1235 1575 1313 αῐμα

471 1338 553 1400 Θεοῦ
569 1334 617 1396 καὶ
631 1330 726 1398 πάθος
740 1333 854 1395 ἀκούων
870 1331 918 1394 καὶ
932 1329 1074 1407 θάνατον,
1087 1330 1184 1409 μήπου
1203 1331 1396 1415 περιενέχθης
1416 1334 1520 1410 ἀθέως,
1537 1336 1575 1401 ὥς

470 1433 694 1514 Θυσυνήγορος.
724 1431 778 1495 ubi
802 1430 1023 1515 corrigendum
1047 1453 1087 1495 ex
1116 1431 1204 1495 edito
1230 1432 1385 1517 Gregorio
1412 1441 1446 1497 et
1473 1435 1574 1499 MSto

470 1534 645 1600 Bodleiano
664 1534 773 1618 Opem
786 1533 915 1609 Nicetes,
933 1536 1014 1597 Θεοῦ
1030 1533 1204 1613 συνήγορος,
1220 1534 1316 1597 verba
1333 1534 1417 1597 enim
1436 1535 1469 1598 in
1487 1537 1574 1600 Orat.

469 1656 523 1718 42.
540 1635 686 1721 Gregorii
709 1635 790 1699 Nar.
811 1641 941 1698 exstant
955 1656 986 1718 p.
1000 1636 1073 1717 690.
1095 1642 1171 1698 tem.
1189 1635 1217 1696 l.
1238 1635 1288 1697 ed.
1309 1635 1413 1699 Paris.
1457 1636 1522 1700 Sed
1541 1647 1575 1702 et

471 1739 664 1824 Euthymius
679 1737 859 1822 Zigabenus
879 1736 912 1799 in
927 1734 1097 1819 Panopae,
1113 1735 1139 1798 si
1155 1735 1235 1799 bene
1255 1737 1392 1814 memini,
1411 1737 1576 1803 Melitonis

471 1839 657 1904 versiculum
672 1839 817 1903 adduxit.
1406 1852 1412 1869 ²

516 1941 598 2005 Ibid.
615 1941 636 2003 l.
653 1960 699 2004 10.
720 1942 737 2002 ὁ
754 1939 833 2005 Θεὸς
847 1938 1013 2024 πέπονθεν]
1039 1939 1142 2003 Leous
1161 1939 1304 2024 insignis,
1323 1942 1366 2004 ad
1386 1963 1481 2025 quom
1503 1941 1574 2005 illu·

472 2045 639 2109 strandum
655 2043 769 2107 videsis
784 2064 854 2126 quae
869 2042 1013 2126 superius
1027 2041 1249 2107 adnotavimus
1264 2042 1297 2106 in
1312 2043 1490 2129 Prelegom.
1503 2067 1574 2130 esp.

473 2147 501 2209 Ι.
527 2144 632 2227 §.viii
655 2143 768 2207 ubido
791 2142 910 2208 Christi
937 2143 1104 2208 divinitate
1129 2143 1410 2208 luculentissimum
1432 2145 1575 2209 testimo-

471 2246 559 2310 nium
585 2266 831 2331 propugnamus,
855 2244 940 2329 quod
966 2245 1104 2308 oeourrit
1129 2245 1162 2308 in
1187 2245 1220 2309 S.
1238 2245 1412 2310 Clementis
1437 2245 1576 2311 Romani

472 2347 578 2431 Epist.
600 2367 625 2409 1.
651 2347 693 2410 ad
715 2345 897 2410 Corinthios
920 2368 990 2430 eap.
1006 2345 1037 2409 ii.
1062 2348 1126 2426 (καὶ
1148 2344 1184 2409 τὰ
1210 2348 1368 2427 παθήματα
1394 2349 1483 2412 αὐτοῦ
1509 2349 1577 2432 (ποῦ

474 2453 571 2531 Θεοῦ)
600 2445 637 2526 ἦν
665 2447 721 2527 πρὸ
748 2449 914 2528 ὀφθαλμῶν
942 2448 1048 2533 ἡμῶν).
1086 2450 1204 2512 Verum
1230 2456 1347 2535 praeter
1370 2450 1577 2527 Clementem,

472 2550 552 2615 alios
577 2550 674 2614 etiam
698 2556 807 2634 patres
828 2548 1045 2633 apostolorum
1067 2549 1158 2614 aetati
1179 2572 1333 2636 suppares
1349 2551 1397 2616 ita
1416 2552 1513 2617 fuisso
1532 2553 1576 2616 lo

473 2662 577 2730 entes,
591 2660 708 2716 testem
723 2651 875 2714 habemus
889 2650 1078 2735 locupletem
1097 2650 1129 2715 S.
1142 2652 1304 2737 Ignatium
1322 2661 1505 2739 martyrem,
1521 2656 1576 2739 qui

473 2756 507 2820 in
529 2754 633 2841 Epist.
651 2753 693 2818 ud
715 2751 860 2837 Ephesios
882 2751 983 2837 eapi-
1006 2751 1051 2816 sie
1073 2753 1192 2832 seribit,
1221 2756 1353 2835 Μιμηταὶ
1377 2758 1461 2823 ὄντες
1483 2760 1576 2832 Θεοῦ,

473 2855 756 2936 ἀναζωπυρήσαντες
770 2857 804 2920 έν
820 2858 919 2935 αἵματι
934 2861 1018 2921 Θεοῦ
1038 2882 1063 2919 κ.
1076 2882 1102 2920 τ.
1115 2866 1147 2920 λ.
1188 2857 1286 2936 Quare
1305 2858 1368 2922 Dei
1389 2860 1457 2922 sitis
1474 2860 1577 2924 imita·

473 2969 558 3034 tora,
572 2958 733 3022 οσοίιαιιιικ
746 2978 796 3021 σοι
807 2979 865 3042 per
877 2959 1053 3044 sangninem
1068 2959 1132 3022 Dei
1148 2961 1203 3022 &a
1249 2959 1302 3023 ltu
1317 2959 1464 3024 nimirum
1479 2962 1578 3026 leonti

473 3067 603 3145 patrum
625 3058 842 3135 vetustissimi,
863 3059 905 3123 ab
926 3058 1086 3142 Apostole
1108 3058 1220 3122 Paullo
1242 3059 1346 3123 edocti
1367 3063 1439 3124 Aet.
1453 3082 1505 3123 xx.
1525 3062 1575 3125 28.

474 3162 652 3226 Germani.
698 3158 836 3243 Propter
855 3160 1004 3223 unionem
1023 3159 1105 3224 enim
1129 3168 1251 3224 naturae
1274 3161 1420 3225 humanae
1440 3184 1512 3226 eum
1532 3162 1578 3225 ‹li-

474 3262 548 3325 vina
562 3261 608 3326 its
622 3281 746 3343 semper
762 3260 936 3323 Christiani
951 3260 1048 3324 leonti
1061 3267 1145 3325 sunt.
1177 3262 1280 3341 Quam
1291 3262 1419 3346 quidem
1431 3265 1578 3329 unionem

474 3360 683 3425 arctissimam
705 3358 792 3421 huud
807 3359 861 3422 diu
883 3365 958 3444 pest
981 3360 1145 3424 Melitonis
1160 3368 1306 3445 tempora
1327 3364 1377 3427 his
1399 3366 1502 3429 verbis
1523 3387 1574 3429 no·

476 3467 549 3524 tatu
563 3458 755 3544 dignissimis
770 3458 924 3543 Origenes
942 3459 1089 3544 signavit.
1121 3460 1224 3540 Ὅμως
1239 3465 1270 3526 δὲ
1291 3467 1425 3528 ἴστωσαν
1444 3469 1473 3528 el
1491 3470 1579 3546 έγκα-

474 3563 599 3625 λοῦνπες
626 3562 683 3641 (se.
710 3558 828 3621 ethnici
854 3559 1052 3624 Christianos
1076 3560 1244 3640 eriminati,
1267 3565 1390 3648 opinari
1413 3587 1467 3629 eos
1491 3566 1578 3630 illum

476 3659 580 3723 Deum
602 3680 680 3735 esse,
696 3658 749 3743 qui
772 3667 897 3725 oenstet
919 3682 959 3724 ex
981 3662 1108 3726 mortali
1130 3669 1277 3748 oorpore)
1296 3667 1342 3728 ὅτι
1364 3665 1399 3729 ὸν
1417 3669 1474 3745 μέν
1498 3671 1579 3747 νομί.

474 3770 563 3840 ζομεν
578 3761 626 3824 καὶ
647 3763 833 3839 πεπείσμεθα
854 3762 987 3845 ἀρχῆθεν
1002 3761 1078 3826 εἶναι
1100 3765 1184 3828 Θεὸν
1204 3766 1253 3828 καὶ
1273 3764 1338 3838 υἱὸν
1356 3772 1447 3845 Θεοῦ,
1463 3770 1579 3836 οῦτοςὸ

476 3863 640 3943 αθτολόγος
662 3861 727 3925 ἐστὶ
749 3861 829 3939 καὶὴ
846 3862 1014 3944 αι’ποσοφία
1036 3865 1084 3927 καὶ
1103 3865 1121 3944 ἡ
1141 3866 1349 3944 αῦκοολήθεια·
1371 3866 1406 3931 πὸ
1424 3872 1457 3932 a
1473 3868 1580 3949 θνητὸν

476 3965 566 4028 αὐτοῦ
581 3969 667 4043 σῦμο
682 3964 729 4026 καὶ
744 3962 797 4041 τὴν
811 3964 1000 4044 ἀνθρωπίνην
1015 3967 1049 4028 έν
1064 3965 1141 4050 αι’πηῖ
1161 3966 1275 4049 ψυχὴν,
1291 3972 1326 4054 τῇ
1346 3969 1419 4050 πρὸς
1435 3972 1531 4034 έκεῖνο
1545 3973 1580 4036 οῦ

475 4069 569 4145 μόνον
584 4066 721 4149 κοινωνία
735 4065 817 4127 ἀλλὸ
831 4065 879 4127 καὶ
900 4067 1007 4130 {aare
1023 4069 1071 4130 καὶ
1088 4068 1261 4148 ἀνακράσει,
1277 4073 1314 4133 τὸ
1332 4071 1461 4152 μέγιστά
1480 4081 1581 4152 φαμεν

476 4167 724 4247 προσειληφέναι,
741 4167 789 4229 καὶ
812 4169 859 4243 τῆς
882 4169 996 4230 ἐκείνου
1018 4170 1167 4246 θειότητος
1186 4174 1417 4251 κεκοινωνηκότα
1437 4175 1477 4240 εἰς
1498 4172 1582 4238 Θεὸν

475 4267 725 4346 μεταβεβηκέναι.
749 4266 820 4331 Lib.
836 4267 879 4331 iii.
896 4269 1001 4331 Come.
1025 4269 1146 4332 Celsum
1159 4290 1250 4349 o.4r.
1271 4294 1303 4356 p.
1317 4289 1391 4355 474.
1414 4274 1463 4336 ed.
1487 4274 1587 4339 Dela·

476 4387 565 4429 rnen.
596 4374 629 4430 et
654 4389 685 4450 p.
703 4386 772 4450 135.
803 4368 853 4430 ed.
877 4366 1037 4451 Speneeri.
1083 4371 1157 4434 Hoe
1186 4393 1272 4448 vero,
1302 4372 1384 4437 sieut
1408 4375 1472 4440 alia
1496 4377 1581 4461 apud

476 4466 611 4530 eundem
633 4466 820 4550 scriptorem
842 4468 920 4544 loen,
938 4469 1017 4533 satis
1039 4491 1195 4556 superque
1216 4474 1367 4550 ostendit,
1384 4475 1582 4542 Christianos

477 4564 516 4629 iis
538 4566 735 4650 temporibus
756 4567 789 4630 in
811 4568 987 4653 quaestiene
1009 4570 1049 4633 de
1071 4577 1207 4656 utruque
1226 4581 1343 4640 natura
1365 4575 1486 4640 Christi
1510 4577 1581 4640 dili·

477 4673 590 4750 genter
616 4673 759 4730 versates
782 4668 886 4731 fuisse.
933 4670 987 4732 Ad
1014 4670 1201 4736 Melitenam
1227 4676 1311 4758 quod
1334 4677 1462 4755 attinet
1487 4699 1582 4762 quem
