3809 5650
413 679 477 738 484
758 680 1112 745 ANNO'l'ATIONES

411 853 480 916 loco
504 853 675 917 Eusebium
698 858 764 917 τότε
791 857 811 918 i.
827 879 855 921 e.
882 879 920 921 eo
946 857 1062 922 saeculo
1084 881 1210 942 passum
1233 881 1302 924 esse
1332 861 1539 943 Thraseam,

412 956 542 1040 ipsaque
572 956 734 1040 Apollonii
762 960 924 1037 memoria,
954 982 1017 1023 non
1045 961 1156 1025 eodem
1186 968 1331 1047 tempere
1358 986 1430 1047 quo
1462 968 1540 1032 haee

411 1058 538 1143 scripsit
552 1059 703 1122 adversus
719 1060 936 1126 Montanistas
950 1063 1146 1148 Apollonius,
1163 1086 1234 1128 cum
1254 1065 1308 1147 illa
1322 1072 1539 1151 tempestate

411 1161 497 1224 nulla
511 1161 656 1225 extiterit
670 1164 857 1246 persecutio.

455 1266 571 1344 P.471.
582 1265 601 1328 l.
613 1265 663 1327 18.
678 1277 743 1346 πρὸς
753 1267 816 1351 τῶν]
833 1266 913 1332 Cum
924 1266 1010 1330 istud
1020 1288 1078 1351 pro
1091 1267 1171 1331 edito
1179 1269 1236 1332 ὑπὸ
1245 1274 1304 1332 τῶν
1312 1268 1346 1331 in
1356 1271 1537 1336 codicibus

411 1366 556 1429 omnibns
578 1367 643 1430 suis
666 1368 795 1431 Eusebii
817 1380 936 1452 praeter
954 1369 1023 1433 illos
1038 1370 1167 1454 Beyium
1193 1378 1226 1434 et
1246 1372 1416 1435 Parisiaos
1440 1374 1536 1438 inve-

410 1467 508 1530 nisset
529 1468 701 1545 Burtonus‚
723 1469 806 1532 idem
827 1492 909 1532 nune
932 1470 984 1532 ille
1010 1470 1043 1532 in
1060 1476 1186 1533 textum
1209 1471 1337 1554 recepit,
1359 1493 1462 1554 quem
1480 1497 1535 1538 se-

410 1577 502 1634 cutus
511 1593 592 1648 smn,
602 1571 818 1635 consentiente
829 1581 863 1636 et
876 1572 1072 1635 Heinicheno
1082 1572 1114 1634 in
1126 1572 1337 1657 Sapplcmcnte
1346 1574 1534 1653 Natarum,

410 1672 464 1756 qui
479 1673 542 1736 cod.
559 1673 756 1736 Dresdaaent
771 1675 884 1737 ceteris
898 1675 1030 1737 tandem
1045 1674 1146 1737 addit.

455 1775 537 1838 Ibid.
559 1775 578 1839 l.
595 1795 644 1838 20.
665 1787 703 1838 ἔπι
718 1784 746 1837 δὲ
761 1784 795 1839 ὡς
812 1782 840 1837 ἐκ
859 1784 1028 1854 παραδόσεως
1043 1777 1116 1859 διο]
1142 1775 1264 1839 Eadem
1285 1776 1424 1841 traditio
1448 1802 1530 1844 con-

409 1877 572 1941 tinebatur
587 1879 619 1940 in
637 1876 725 1940 Petri
743 1876 986 1952 Praedicatiene‚
1000 1875 1081 1939 libro
1097 1877 1223 1962 quidem
1239 1876 1447 1962 Apeerypho,
1464 1883 1529 1946 sed

408 1979 499 2044 valde
522 1980 663 2063 antiquo.
710 1978 761 2041 Ex
784 2001 821 2042 eo
843 1978 927 2042 enim
950 1978 1095 2042 Clemens
1122 1979 1369 2058 Alexandrinus,
1394 1981 1527 2047 Strom.

407 2080 461 2144 lib.
473 2082 515 2145 vi.
538 2082 637 2145 refert
661 2081 832 2143 Dominum
853 2081 970 2143 dixisse
990 2080 1155 2164 apostolis,
1170 2078 1246 2144 Ἐδν
1258 2083 1315 2160 μὲν
1333 2081 1386 2144 οὖν
1408 2107 1454 2149 τις
1470 2089 1527 2148 θε-

407 2183 486 2262 λήσῃ
502 2190 553 2245 τοῦ
567 2183 692 2262 Ἰσραὴλ
714 2182 899 2260 μετανοήσας
920 2185 969 2245 διδ
988 2186 1039 2244 τοῦ
1059 2184 1203 2260 ὀνόματός
1216 2208 1273 2260 μου
1292 2184 1448 2246 πιστεύειν
1470 2188 1526 2249 ἐπὶ

408 2283 461 2345 τὸν
476 2284 569 2355 Θεὸν,
586 2282 790 2361 ἆφεθήσονται
805 2283 882 2366 αὐτῷ
898 2286 928 2345 αἱ
944 2285 1092 2362 ἁμαρτίαι.
1139 2286 1227 2346 Μετὰ
1238 2285 1350 2346 δώδεκα
1366 2284 1418 2364 ἔτη
1432 2284 1525 2362 ἐξέλ-

408 2389 475 2446 θετε
491 2387 533 2449 εἷς
553 2384 605 2446 τὸν
626 2385 749 2462 κόσμον,
765 2383 806 2463 μή
826 2408 870 2450 τις
891 2388 969 2470 είπῃ,
985 2386 1037 2447 οὐκ
1058 2387 1237 2464 ἠκούσαμεν.
1282 2386 1320 2448 Si
1334 2387 1404 2469 qais
1419 2387 1527 2471 ι’ρίἰειτ·

405 2507 442 2548 ec
458 2485 573 2549 Israeli
581 2486 761 2569 petilentia
776 2486 950 2572 ἀντίπορον
964 2509 1068 2551 αοινιοτι
1082 2510 1178 2551 arwam
1197 2489 1233 2551 ia
1246 2489 1347 2552 Dema
1361 2487 1436 2552 cel-it
1450 2511 1522 2553 ere·

405 2588 481 2665 dere,
498 2589 687 2652 retrudentur
700 2590 728 2651 ei
736 2600 872 2673 peccata.
918 2592 989 2652 Post
1003 2589 1157 2653 duodecim
1173 2611 1268 2652 anans
1282 2588 1465 2673 eyredimt'at'
1484 2594 1523 2656 ιἰι

404 2691 561 2767 mandam,
577 2714 613 2754 αν
628 2692 801 2776 quisdicat,
817 2713 876 2753 τινα
891 2692 1074 2754 audicimus.
1120 2693 1202 2754 Haec
1217 2712 1315 2775 prava
1331 2690 1522 2775 interpunc-

404 2791 491 2856 tione
506 2793 538 2855 in
553 2793 648 2857 editis
661 2793 818 2869 laborant,
829 2814 899 2875 quae
915 2814 1042 2856 sensum
1053 2792 1208 2856 hactenus
1219 2791 1410 2856 obscuravit.
1434 2793 1460 2857 J
1460 2817 1521 2861 am

404 2901 523 2970 autem,
539 2895 565 2958 si
588 2895 656 2958 haec
678 2918 753 2958 vera
775 2896 849 2973 sint,
865 2896 891 2958 si
912 2895 1061 2959 Christus
1080 2896 1268 2959 mandatum
1288 2896 1413 2960 dederit
1436 2920 1521 2982 apo-

404 2997 494 3060 stolis
505 3005 541 3061 ut
554 3020 610 3081 per
621 2998 786 3061 duedecim
800 3019 900 3060 annos
914 2997 1142 3081 Hierosolymis
1152 3005 1371 3072 remanerent,
1396 3000 1519 3065 mirum

403 3122 467 3162 non
489 3101 559 3174 erit,
577 3122 647 3164 eum
666 3122 775 3163 omnes
795 3100 939 3184 discipuli
963 3107 1051 3163 metu
1069 3098 1265 3183 gravissimae
1285 3101 1520 3184 persecutionis

403 3224 437 3265 se
452 3203 685 3280 subduxissent,
702 3204 863 3288 apostolos
879 3224 988 3265 omnes
1001 3201 1232 3285 Hierosolymis
1246 3201 1409 3279 memisse,
1422 3225 1519 3269 man-

403 3305 471 3367 dati
494 3328 660 3382 memores,
678 3315 711 3369 et
733 3304 931 3390 protectione
955 3302 1062 3366 divina
1083 3303 1191 3366 fretos.
1213 3301 1297 3387 (Aa.
1314 3306 1422 3388 Apost.
1441 3327 1516 3391 cap.

402 3406 648 3479 viii.comm.1.)
668 3410 821 3470 Pssnson.
842 3406 975 3469 Lectica.
999 3405 1034 3466 in
1053 3406 1125 3467 Aa.
1147 3406 1255 3488 Apost.
1272 3405 1302 3486 δ.
1315 3404 1356 3467 xi.
1371 3428 1403 3489 p.
1422 3408 1475 3470 62.
1493 3432 1518 3474 a

403 3506 555 3569 Rnsmse.
572 3507 633 3570 huc
649 3508 773 3570 allatus.
820 3508 922 3581 Idem,
937 3504 1022 3589 quod
1040 3504 1238 3589 Apollonius,
1254 3506 1372 3570 referre
1387 3506 1516 3573 Bedam

401 3608 433 3669 in
449 3630 518 3692 cap.
530 3608 593 3671 xiii.
611 3613 678 3672 Aet.
695 3612 800 3693 Δροσί.
819 3608 942 3671 notavit
958 3607 1116 3684 Valesius,
1132 3609 1193 3671 etsi
1208 3608 1304 3671 aliam
1315 3630 1382 3672 rem
1397 3631 1514 3694 agens,

400 3710 441 3770 ad
458 3709 573 3773 Euseb.
590 3710 643 3774 lib.
654 3710 684 3774 ii.
701 3711 783 3772 Hie.
799 3732 867 3793 cap.
885 3712 932 3771 16.
956 3709 1201 3792 chrysostomus
1216 3708 1326 3772 itidem
1341 3710 1373 3772 in
1388 3710 1510 3777 Hamil.

402 3813 452 3891 69.
469 3812 503 3872 ιἰι
519 3813 552 3874 S.
564 3814 646 3876 Mai.
662 3813 729 3877 hanc
745 3814 934 3876 hebet-tit
948 3816 1033 3874 τοῦτο
1055 3813 1102 3874 καὶ
1123 3815 1152 3875 ol
1166 3813 1332 3875 ἀπόστολοι
1355 3813 1429 3892 πρὸς
1443 3815 1515 3882 τοὺς

400 3915 560 3978 Ἰουδαίους
571 3921 679 3993 πρῶτοι
695 3919 861 3997 ἐχώρησαν,
876 3916 923 3976 καὶ
938 3914 1035 3976 πολὺν
1047 3914 1080 3974 ἓν
1090 3909 1288 3991 Ἰερουσαλὴμ
1298 3914 1514 3993 διατρίψαντες

400 4018 520 4095 χρόνον,
539 4015 602 4077 εἶτα
622 4016 670 4077 ὑπ
691 4018 786 4079 αὐτῶν
811 4017 969 4080 ἔλαθέντες
984 4016 1058 4076 οὕτω
1079 4014 1283 4094 διεσπάρησαν
1302 4018 1344 4081 εἰς
1366 4018 1403 4077 τὰ
1425 4016 1511 4096 ἔθνη.

400 4122 477 4177 tem.
494 4116 523 4178 ii.
541 4139 571 4200 p.
584 4119 658 4200 438.
675 4120 726 4180 ed.
745 4117 863 4181 Savilii.

444 4215 480 4277 P.
492 4233 564 4296 472.
581 4217 601 4279 l.
615 4238 645 4300 3.
667 4230 707 4281 επὶ
718 4226 806 4295 νεκρὸν
820 4225 847 4278 δὲ
864 4215 936 4299 διο]
957 4217 1026 4278 Vid.
1040 4238 1136 4300 supra
1150 4224 1217 4280 not.
1234 4216 1266 4279 in
1282 4216 1390 4280 Psrmc
1407 4214 1512 4302 Frag-

399 4329 507 4381 menta
523 4340 593 4401 pag.
606 4340 658 4403 32.

443 4418 523 4481 lbid.
540 4419 559 4481 l.
572 4437 603 4503 5.
627 4432 674 4498 τὴν
687 4421 801 4503 πλάνην]
821 4419 892 4483 Etsi
915 4420 1064 4483 Valesius
1088 4421 1260 4496 codicibus,
1284 4427 1321 4484 ut
1339 4419 1511 4485 verisimile

398 4525 456 4592 cst,
473 4520 566 4584 nixus
581 4521 627 4585 ita
643 4523 796 4598 ediderat,
814 4545 914 4606 neque
930 4522 1014 4585 enim
1029 4530 1208 4606 agnoscunt
1221 4521 1400 4605 ἔχθιστάτην
1413 4523 1507 4586 codd.

396 4618 457 4680 mei
480 4621 571 4685 Bodl.
587 4631 620 4686 et
644 4624 783 4706 Norfolc.
799 4647 838 4687 ex
859 4624 904 4686 cd.
922 4632 1028 4687 tamen
1046 4625 1147 4709 sapt.
1165 4623 1330 4688 lectionem
1348 4624 1402 4702 τὴν
1425 4625 1508 4706 ἔχθι-

397 4717 508 4798 στάτην
531 4723 649 4803 πλάνην
672 4725 835 4789 Strothius
856 4727 1025 4791 revocavit.
1071 4726 1188 4790 Sedet
1210 4748 1231 4789 a
1253 4725 1424 4810 Νίσορίιοιο
1443 4746 1508 4788 vox
