3809 5650
435 698 501 760 312
760 694 1008 770 RELIQUIAE
1035 693 1210 756 SACRAE.

435 865 598 968 θεάτρου,
632 869 779 948 πίνακος
813 862 920 943 αὐτὸν
952 862 1174 964 προάγοντος
1206 864 1244 939 ἐν
1277 857 1307 967 ᾧ
1339 862 1538 962 ἐγέγραπτο

435 1000 645 1099 Ῥωμαϊστί·
668 999 771 1082 οὗτος
788 1000 889 1077 ἐστὶν
900 997 1085 1080 Ἀτταλος
1104 998 1123 1074 ὁ
1142 993 1370 1098 Χριστιανός·
1398 998 1539 1073 καὶτοῦ

437 1132 552 1233 δῆμον
568 1131 717 1238 σφόδρα
741 1138 973 1237 σφριγῶντας
998 1135 1053 1211 ἐπ’
1079 1133 1184 1237 αὐτῷ,
1203 1129 1328 1228 μαθὼν
1353 1132 1373 1207 ὁ
1396 1127 1539 1229 ἡγεμὼν

438 1268 494 1348 ὅτι
511 1269 687 1366 Ῥωμαῖος
704 1270 813 1364 ἐστὶν,
833 1267 1018 1345 ἐκέλευσεν
1043 1264 1151 1344 αὐτὸν
1176 1267 1428 1367 ἀναληφθῆναι
1449 1260 1539 1359 μετὰ

439 1405 497 1482 καὶ
516 1409 588 1481 τῶν
607 1409 746 1481 λοιπῶν
768 1408 841 1480 τῶν
860 1404 897 1480 ἐν
915 1435 961 1505 τῃ
984 1406 1101 1504 εἱρκτῇ
1127 1399 1252 1478 ὄντων·
1279 1401 1359 1500 περὶ
1381 1393 1431 1475 ὧν
1455 1395 1565 1482 ἐπέ-5

439 1549 562 1619 στειλε
580 1546 631 1644 τῷ
651 1541 820 1639 Καίσαρι,
840 1540 897 1616 καὶ
915 1537 1094 1638 περιέμενε
1112 1534 1178 1632 τὴν
1196 1533 1384 1639 ἀπόφασιν
1398 1532 1463 1633 τὴν
1478 1535 1537 1611 ἀπ’

440 1673 581 1753 ἐκείνου.

497 1807 555 1902 ιβ.
588 1811 638 1888 Ὁ
666 1807 704 1888 δέ
729 1809 902 1907 διαμέσου
929 1805 1050 1908 καιρὸς
1083 1807 1146 1884 οὐκ
1173 1802 1284 1906 ἀργὸς
1314 1805 1431 1886 αίντοῖς
1462 1802 1542 1882 οὑδέ

441 1942 601 2045 ἄκαρπος
619 1944 763 2044 ἐγίνετο,
782 1940 882 2019 ἀλλὰ
899 1938 958 2019 διὰ
976 1944 1039 2036 τῆς
1058 1941 1237 2036 ὑπομονῆς
1255 1938 1383 2031 αὐτῶν,
1395 1934 1436 2015 τὸ
1451 1937 1537 2033 ἀμέ-

441 2109 572 2179 τρητον
590 2074 688 2157 ἕλεος
707 2075 915 2178 ἀνεφαίνετο
933 2079 1108 2174 Χριστοῦ.
1136 2071 1194 2149 διὰ
1217 2070 1289 2172 γὰρ
1306 2078 1378 2149 τῶν
1401 2070 1542 2173 ζώντων
1554 2105 1593 2141 10

442 2209 693 2313 ἐζωοποιοῦντο
711 2207 756 2287 τὰ
774 2207 893 2310 νεκροί·
921 2211 981 2286 καὶ
999 2207 1174 2309 μάρτυρες
1192 2213 1264 2289 τοῖς
1280 2206 1331 2305 μὴ
1352 2212 1422 2304 (for.
1438 2217 1541 2311 μήπω)

441 2340 621 2445 μάρτυσιν
639 2344 854 2446 ἐχαρίζοντο·
872 2347 930 2422 καὶ
949 2344 1120 2443 ἐνεγίνετο
1138 2341 1262 2440 πολλὴ
1282 2341 1376 2444 χαρὰ
1394 2347 1543 2443 τῇπαρ-

443 2476 535 2582 θένιρ
549 2481 656 2579 μητρὶ
671 2475 731 2559 οὓς
745 2480 793 2559 ὡς
807 2476 948 2580 νεκροὺς
962 2477 1146 2583 ἐξέτρωσε,
1155 2476 1300 2557 τούτους
1310 2475 1442 2578 ζῶντας
1455 2479 1544 2553 ἁπο-

444 2609 695 2714 λαμβανούσῃ.
719 2612 761 2688 δι’
782 2613 920 2689 ἐκείνων
938 2611 1009 2713 γὰρ
1029 2617 1061 2689 oi
1079 2611 1224 2693 πλείους
1246 2616 1317 2687 τῶν
1341 2609 1545 2711 ἠρνημένων

443 2747 703 2848 ἀνεμητροῦντο
725 2751 783 2823 καὶ
802 2747 1053 2826 ἁνεκυίσκοντο
1072 2750 1130 2825 καὶ
1156 2743 1454 2848 ἁνεζωπυροῦντο·
1487 2747 1544 2823 καὶ
1560 2783 1592 2840 ¹5

445 2878 643 2977 ἐμάνθανον
673 2881 876 2980 ὁμολογεῖν·
901 2886 959 2958 καὶ
984 2879 1108 2980 ζῶντες
1131 2881 1199 2979 ἤδη
1224 2883 1282 2958 καὶ
1307 2880 1544 2977 τετονωμένοι,

443 3009 657 3115 προσῄεσαν
685 3020 736 3118 τῷ
768 3011 915 3111 βήματι·
948 3015 1245 3115 ἐγγλυκαίνοντος
1274 3022 1358 3093 οτοῦ
1385 3014 1448 3093 τὸν
1480 3013 1546 3112 μέν

444 3240 548 3316 inqua
567 3240 675 3297 Latino
694 3261 825 3298 sermone
848 3242 968 3319 inscrip-
1017 3242 1077 3317 jam
1113 3242 1240 3299 ecclesiae
1275 3243 1413 3308 membra,
1446 3242 1546 3300 vireu.

445 3330 509 3377 tum
547 3331 628 3377 erat:
674 3320 734 3377 Hic
769 3331 814 3378 est
849 3320 971 3379 Attalus
1021 3322 1094 3378 tium
1111 3341 1165 3396 ope
1179 3332 1267 3398 atque
1282 3322 1391 3380 auxilio
1405 3322 1441 3380 ad
1456 3323 1545 3379 vitam

446 3398 651 3456 Christianus:
695 3398 804 3477 populo
833 3399 971 3458 adversus
1021 3413 1154 3459 revocata
1169 3411 1254 3458 sunt:
1282 3414 1312 3459 et
1326 3413 1468 3479 martyres
1481 3422 1545 3478 gra-
1558 3430 1599 3468 20

445 3477 530 3536 illum
581 3478 783 3536 vehementius
839 3480 970 3545 incitato,
1022 3480 1123 3539 tificati
1145 3494 1214 3539 sunt
1235 3482 1271 3540 iis
1285 3481 1334 3558 qui
1350 3482 1436 3540 fidem
1456 3501 1546 3556 nega-

447 3558 558 3614 Praeses
595 3568 747 3635 postquam
784 3560 875 3616 civem
909 3559 969 3616 Ro·
1022 3572 1140 3618 verant:
1164 3562 1333 3638 ingentique
1357 3561 1464 3639 gaudio
1485 3581 1545 3617 ma·

446 3655 564 3698 manum
586 3656 652 3694 eum
675 3657 737 3695 esse
758 3639 908 3716 comperit,
925 3660 972 3697 re.
1022 3649 1068 3697 ter
1103 3640 1261 3717 eademque
1301 3641 1390 3718 Virgo
1428 3640 1547 3699 ecclesia

446 3716 514 3775 duci
535 3715 566 3772 iu
592 3716 753 3774 custodiam
778 3738 843 3775 cum
868 3720 972 3777 ceteris
1023 3720 1170 3778 cumulata
1184 3732 1237 3788 est,
1253 3741 1318 3779 cum
1333 3741 1383 3778 eos
1397 3741 1470 3797 quos
1482 3731 1547 3778 tau-

443 3796 538 3873 jubet.
582 3796 656 3853 Inde
668 3796 760 3855 literis
777 3797 814 3855 ad
829 3797 971 3856 Caesarem
1023 3819 1108 3875 quam
1127 3801 1270 3859 extinctos
1289 3802 1392 3859 abortu
1414 3802 1546 3877 ejecerat,
1560 3827 1595 3884 25

447 3876 533 3941 datis,
559 3876 596 3934 de
621 3877 666 3934 his
691 3878 825 3935 omnibus
850 3878 900 3953 qui
927 3879 972 3935 in·
1024 3880 1105 3937 vivos
1133 3880 1192 3954 jam
1227 3901 1260 3938 ac
1292 3880 1435 3957 spirantes
1465 3900 1548 3937 recu.

447 3956 520 4015 clusi
566 3958 749 4022 tenebantur,
799 3959 972 4016 sententiam
1024 3970 1147 4037 peraret.
1181 3959 1299 4017 Etenim
1315 3979 1367 4037 per
1384 3960 1449 4018 illos
1468 3980 1549 4018 sanc-

446 4036 511 4113 ejus
525 4037 721 4114 exspectabat.
1025 4039 1150 4097 tissimos
1172 4051 1322 4118 martyres,
1337 4039 1366 4096 hi
1388 4040 1438 4116 qui
1463 4039 1548 4097 iidem

465 4171 467 4176 .
492 4135 538 4173 12.
556 4116 714 4175 Enimvero
733 4117 820 4193 hujus
834 4118 974 4196 temporis
1025 4128 1208 4195 negaverant,
1227 4140 1327 4178 rursus
1345 4120 1375 4176 in
1396 4130 1480 4178 utero
1499 4119 1549 4177 de-

447 4215 537 4261 mora,
567 4216 747 4273 nequaquam
781 4198 893 4255 inutilis
921 4218 972 4255 ne·
1025 4197 1216 4264 lineabantur,
1261 4220 1361 4258 rursus
1404 4200 1598 4281 concipie-30

448 4294 505 4351 que
528 4276 710 4334 infructuosa
728 4276 787 4335 illis
806 4277 883 4335 fuit:
914 4278 974 4336 Sed
1023 4278 1139 4342 bantur,
1172 4289 1202 4336 et
1236 4280 1313 4337 vitali
1343 4279 1438 4338 calore
1466 4299 1548 4355 repa·

449 4374 501 4431 per
535 4356 663 4432 ipsorum
700 4355 883 4415 tolerantiam
918 4359 972 4415 im·
1023 4370 1087 4414 rato
1109 4378 1210 4416 rursus
1232 4360 1317 4417 fidem
1338 4358 1469 4417 confiteri
1491 4358 1548 4416 dis·

448 4452 547 4493 meusa
566 4435 675 4493 Christi
694 4437 890 4496 misericordia
909 4449 973 4495 tan.
1024 4438 1136 4495 cebant.
1180 4441 1313 4516 Cumque
1330 4440 1390 4515 jam
1409 4439 1548 4496 advitam

449 4511 514 4571 dem
550 4514 658 4573 illuxit.
701 4517 821 4594 Quippe
859 4531 974 4576 mortua
1024 4520 1149 4576 revocati
1164 4520 1349 4595 roboratique
1362 4529 1469 4585 essent,
1486 4518 1550 4576 Deo

877 4722 891 4750 0
904 4712 974 4761 Erec.
987 4712 1071 4759 xxxiii.
1088 4728 1123 4760 rr.
