3809 5650
484 667 548 730 ιω
815 665 1057 747 RELIQUIAE
1080 665 1253 729 ssosAE.

481 836 547 916 τὸν
563 836 704 915 Ἰσαάκ·
735 839 828 915 οὕτω
860 840 960 917 said
987 834 1119 937 Κύριος
1144 837 1300 938 σφαγεὶς
1317 835 1460 913 ἔσωσεν
1475 834 1588 932 ἡμᾶς,

483 975 541 1049 καὶ
560 972 672 1051 δεθεὶς
688 969 808 1065 ἔλυσε,
828 973 886 1050 καὶ
904 974 1021 1054 θνθεὶς
1040 972 1282 1072 ε’λντρῶσατο.
1309 984 1365 1047 Kai
1379 982 1441 1063 μετ’
1452 981 1555 1065 ὀλίγα·

532 1101 611 1183 Ἦν
625 1102 727 1207 γάρὸ
744 1103 875 1206 Κύριος
889 1106 909 1183 ὁ
921 1103 1032 1201 ἀμνὸς
1044 1107 1092 1187 ὡς
1110 1102 1217 1206 κριὸς,
1232 1101 1295 1183 οόν
1312 1099 1402 1182 εἶδεν
1410 1099 1590 1203 Ἀβραὰμ

482 1237 718 1343 κατεχόμενον
744 1242 782 1318 ἐν
810 1244 913 1344 φυτῷ
938 1238 1070 1335 Σαβέκ,
1093 1237 1193 1317 ἀλλά
1217 1237 1260 1318 τὸ
1275 1235 1391 1344 φυτὸν
1408 1235 1589 1342 ἀπέφαινε

481 1373 545 1455 τὸν
563 1374 732 1476 σταυρὸν,
760 1376 818 1452 καὶ
847 1379 867 1452 ὁ
895 1373 1004 1457 τόπος
1022 1377 1150 1456 ἐκεῖνος
1168 1369 1233 1471 τὴν
1249 1367 1501 1473 Ἰερουσαλὴμ,
1524 1370 1588 1448 καὶ
1619 1390 1636 1447 5

482 1509 502 1586 ὁ
516 1504 628 1607 ἀρνὸς
642 1527 712 1600 (for.
728 1529 834 1599 ὀκριὸς,
848 1525 1033 1603 viduatam)
1049 1506 1112 1587 τὸν
1129 1505 1263 1608 Κύρων
1276 1500 1588 1601 ἐμπεποδισμένον

481 1648 530 1726 εἷς
548 1640 714 1747 σφαγήν.
759 1658 807 1715 Ex
822 1658 922 1716 eadem
936 1661 1057 1717 Catane.

482 1777 627 1835 Dominus
655 1776 766 1835 occisus
793 1798 846 1835 nos
873 1777 1005 1844 salvavit,
1057 1777 1124 1833 ham
1139 1775 1291 1834 detentum
1314 1775 1343 1831 in
1364 1773 1463 1851 plante
1476 1768 1585 1830 sabec.

481 1867 512 1915 et
531 1857 646 1915 vinctus
668 1856 801 1916 absolvit.
826 1867 856 1914 et
875 1857 1005 1914 immola-
1057 1856 1135 1913 Nam
1151 1854 1250 1934 planta
1268 1853 1438 1931 designabat
1454 1870 1585 1918 crucem,

481 1948 530 1994 tus
544 1937 675 1995 redemit.
712 1944 748 1997 Et
760 1952 934 2012 postpauca:
1056 1948 1086 1993 et
1114 1936 1195 1993 locus
1224 1933 1274 1992 ille
1305 1932 1523 2010 lerosolymam.
1551 1943 1638 1999 et10

522 2017 663 2073 Dominus
697 2016 774 2074 enim
810 2026 873 2072 erat
902 2034 1004 2092 agnus,
1055 2017 1130 2074 aries
1159 2014 1228 2088 (sic)
1260 2013 1419 2073 Dominum
1447 2010 1484 2069 ed
1506 2011 1586 2070 occi-

481 2096 557 2155 sicut
584 2097 668 2161 eries,
695 2114 780 2171 quem
810 2094 884 2151 vidit
908 2096 1002 2153 Abra·
1055 2096 1164 2153 sionem
1179 2093 1358 2171 colligatum.

934 2247 1141 2297 -φ-

999 2387 1061 2450 IV.

536 2494 592 2577 Τὸ
607 2495 860 2602 ἀκατεχόμενος
878 2506 951 2578 τῶν
965 2497 1121 2601 κεράτων
1136 2502 1156 2578 ὁ
1173 2498 1286 2600 Σύρος
1304 2504 1364 2577 καὶ
1376 2500 1397 2578 ὁ
1410 2500 1585 2600 Ἑβραῖος

480 2631 695 2733 κρεμάμενος
715 2636 841 2740 φησίν·
863 2637 911 2717 ὡς
929 2634 1160 2740 σαφέστερον
1173 2642 1307 2713 τνποῦν
1325 2631 1388 2714 τὸν
1406 2632 1580 2735 σταυρόν·

480 2764 581 2845 ἀλλά
599 2769 657 2846 καὶ
676 2764 728 2865 τὸ,
748 2767 854 2872 κριὸς,
873 2776 979 2848 τοῦτο
997 2772 1149 2871 ἀκριβοῖ·
1179 2770 1221 2850 οὐ
1239 2767 1311 2873 γὰρ
1329 2765 1436 2865 εἶπεν,
1454 2768 1581 2867 ἀμνὸς,
1598 2803 1634 2863 ¹5

481 2899 557 2984 νεὸς
573 2905 622 2985 ὡς
641 2904 661 2981 ὁ
679 2900 819 2993 Ἰσαάκ,
839 2902 941 2982 ἀλλά
959 2901 1066 3006 κριὸς,
1085 2906 1171 2986 aiei
1193 2903 1324 3006 Κύριος
1337 2905 1482 2986 τέλειος.
1504 2900 1582 2982 ὥσ-

478 3068 546 3137 περ
574 3034 611 3115 δὲ
639 3036 754 3142 φυτὸν
780 3037 909 3134 Σαβέκ,
927 3039 1020 3116 τοῦτ’
1038 3036 1139 3118 ἔστιν
1157 3039 1330 3146 ἀφάτεως,
1348 3037 1497 3118 ἐκάλεσε
1516 3037 1583 3118 τὸν

485 3167 503 3197 ff
728 3171 739 3195 ἦ
833 3175 850 3204 α
973 3175 985 3203 Χ
1013 3175 1021 3198 D
1137 3172 1147 3198 ἱ
1215 3176 1224 3200 D
1298 3180 1314 3196 fl
1488 3174 1505 3203 θ

479 3204 582 3271 αγιον
607 3205 776 3271 στανρον,
807 3208 899 3252 ουτω
928 3207 987 3250 κω
1025 3171 1179 3274 Ιεζεκιηλ
1206 3208 1243 3253 εν
1265 3208 1317 3280 τιρ
1339 3172 1434 3252 τέλει
1461 3177 1581 3274 θνδωρ

479 3307 644 3411 ἀφέσεως
662 3306 813 3386 ε’κάλεσε
831 3306 874 3386 τὸ
887 3310 1061 3388 ε’κτνττοῦν
1079 3306 1121 3388 τὸ
1140 3305 1244 3411 ἀγιον
1262 3307 1465 3405 βάπτισμα.
1499 3307 1581 3387 Ado

478 3435 550 3538 γὰρ
585 3439 745 3537 συνέστη
789 3440 834 3517 τά
872 3442 1006 3544 ἄφεσιν
1043 3441 1306 3545 ἁμαρτημάτων
1342 3441 1579 3546 παρεχόμενα,
1592 3490 1633 3529 20

477 3567 594 3651 πάθος
622 3568 680 3647 διὰ
707 3572 882 3672 Χριστὸν,
911 3580 969 3651 καὶ
996 3574 1201 3675 βάτπισμα.
1247 3593 1294 3650 Ex
1321 3594 1440 3651 Catenis
1464 3593 1578 3652 duabus

478 3702 601 3761 MSStis
622 3704 779 3774 Vaticanis,
801 3706 850 3764 sed
872 3719 974 3767 extent
995 3711 1057 3769 fere
1073 3712 1171 3768 omnia
1193 3710 1221 3768 in
1238 3710 1398 3789 Nicephori
1422 3711 1527 3768 Cateno
1549 3715 1577 3768 in

479 3810 672 3866 octoteuchum
688 3810 795 3889 Lipsiae
808 3832 923 3871 excusa.

517 3936 605 4003 Illud,
629 3939 730 3995 herens
755 3943 887 4008 cornibus,
910 3943 1001 4021 Syrus
1052 3945 1134 4002 cabat
1165 3956 1292 4003 sanctam
1322 3964 1446 4009 crucem,
1475 3943 1516 4001 ita
1545 3953 1577 4001 et

475 4030 506 4078 st
549 4017 693 4077 Hebraeus
731 4023 851 4094 pendens
892 4024 999 4101 posuit,
1052 4023 1191 4082 Ezechiel
1213 4025 1267 4082 sub
1295 4025 1380 4083 tinem
1403 4041 1503 4098 aquam
1531 4027 1574 4080 di·
1588 4049 1626 4107 25

475 4116 534 4174 quo
558 4097 664 4177 clarius
685 4120 756 4157 crux
778 4113 1000 4181 repraesentare-
1052 4107 1182 4161 missionis
1223 4106 1343 4163 vocabet
1385 4103 1474 4168 illam,
1509 4123 1576 4180 quae

475 4188 534 4244 tur,
557 4179 608 4236 sed
633 4192 663 4237 et
683 4182 714 4238 in
740 4181 791 4239 iilo
811 4187 892 4252 aries,
915 4203 998 4240 accu-
1051 4196 1181 4241 sanctum
1217 4185 1392 4262 baptismum
1426 4182 1575 4261 exprimit.

475 4267 556 4314 ratus
590 4270 654 4324 est;
690 4281 747 4318 non
784 4265 860 4321 enim
896 4283 998 4336 <ignum
1052 4264 1127 4321 Duae
1155 4264 1232 4321 enim
1260 4285 1306 4323 res
1333 4265 1474 4327 existunt,
1509 4283 1575 4339 quae

475 4334 561 4399 dixit,
578 4336 714 4410 juvenem
738 4341 814 4399 sicut
837 4343 927 4412 Isaac,
948 4344 999 4401 sed
1050 4354 1232 4421 peccatorum
1275 4345 1385 4402 donant
1429 4342 1575 4402 remissio·

474 4418 599 4479 arietem,
614 4428 648 4473 nt
668 4417 837 4486 Dominum,
853 4423 996 4480 adultum.
1050 4443 1126 4481 nem.
1160 4424 1270 4481 Christi
1296 4444 1381 4484 causa
1402 4422 1572 4501 martyrium
1583 4448 1626 4505 30

475 4492 728 4563 Quemadmodum
751 4511 847 4557 autem
870 4502 996 4579 plantam
1048 4517 1078 4561 et
1094 4504 1264 4581 baptismus.

474 4574 566 4639 ῑσβάκ,
591 4574 651 4631 hoec
671 4588 724 4643 est,
745 4577 929 4647 dimissionis,
947 4601 996 4638 vo-

626 4711 639 4740 e
658 4701 842 4764 Gca.xxii.13.
974 4710 988 4748 (1
1007 4708 1069 4757 ibid.
1203 4721 1216 4750 θ
1234 4712 1308 4761 Ezek.
1321 4712 1388 4760 xlvii.
1397 4726 1421 4773 3.
