3809 5650
427 679 492 746 188
799 682 1154 750 ANNOTATIONES

425 851 606 916 linationem
630 853 779 937 opinetur
805 853 843 917 el.
873 854 1062 932 Heiniehen,
1091 854 1222 920 Eusebii
1247 876 1387 940 nuperus
1416 853 1532 932 editor,

427 951 530 1037 magis
538 953 726 1018 vertendum
738 953 853 1018 Latine
868 955 976 1033 fuerit,
986 955 1171 1020 οατοοοῖθτα
1180 954 1334 1020 beantibus
1344 954 1531 1030 οοαοοθααθο,

425 1074 484 1116 nee
505 1053 706 1118 scribendum
728 1078 799 1120 eum
815 1055 955 1133 anesi0,
977 1055 1160 1122 νοννιοαῖθαν
1182 1057 1368 1133 οοοοοθιοθο,
1383 1055 1444 1134 vel,
1459 1077 1532 1120 eum

425 1154 543 1218 Rufino
557 1163 664 1220 vetere
679 1157 864 1242 interprete,
880 1157 1018 1221 clmenti
1030 1159 1105 1223 eatis
1119 1168 1146 1222 et
1159 1159 1317 1223 mitissimo
1330 1157 1472 1242 alloquio.

462 1256 582 1341 P.179.
592 1257 667 1320 l.1(›.
680 1259 718 1325 ὡς
726 1259 816 1322 τέκνα
823 1259 919 1340 πατὴρ
928 1261 1131 1341 φιλόστοργος
1140 1258 1337 1346 παρακαλῶν]
1351 1259 1533 1324 &Basilius

427 1354 474 1420 M.
484 1357 518 1421 in
526 1359 721 1442 Eptelaad
729 1361 896 1445 θραοοροο
911 1361 1029 1424 Gallice
1037 1371 1066 1425 et
1074 1361 1182 1424 Italiae
1191 1382 1280 1425 num.
1292 1379 1365 1445 243.
1379 1360 1464 1424 olim.
1478 1378 1531 1444 70.

423 1465 547 1535 notata,
563 1463 697 1540 Οἴδαμεν
710 1465 778 1542 γὰρ,
795 1463 840 1525 ὅτι
859 1464 911 1525 οὐκ
926 1460 966 1526 ἄν
985 1488 1057 1527 ποτε
1078 1460 1271 1526 ἔπιλάθοισθε
1292 1463 1384 1541 ἡμῶν,
1399 1463 1434 1526 οὐ
1452 1467 1529 1540 μᾶλ-

423 1567 482 1624 λον
495 1587 532 1643 γε
546 1560 565 1641 ἢ
578 1564 597 1641 ἡ
610 1563 703 1643 μητὴρ
718 1570 777 1626 τῶν
790 1565 923 1645 ἐκγόνων
936 1568 990 1643 τῆς
1004 1566 1119 1630 κοιλίας
1134 1564 1231 1641 αὐτῆς.
1255 1584 1287 1648 p.
1299 1582 1375 1648 374.
1393 1563 1430 1626 B.
1446 1571 1527 1626 tom.

422 1661 467 1726 iii.
482 1664 532 1727 ed.
548 1664 745 1730 Benedictin.

467 1765 506 1828 P.
527 1767 596 1829 180.
618 1765 637 1830 l.
653 1782 687 1850 5.
711 1763 778 1849 οὖν]
808 1766 840 1827 Α
867 1766 1019 1850 Stephani
1042 1767 1088 1831 ed.
1114 1767 1217 1830 abest.
1250 1765 1382 1829 Smorn.
1433 1764 1529 1829 Nune

421 1866 513 1930 addit
535 1868 699 1931 Burtonus
720 1867 785 1931 οοθ.
799 1868 874 1952 Ery.
894 1874 928 1931 et
948 1869 1053 1932 Ροοθο.
1079 1877 1247 1951 utrumque.
1293 1866 1404 1930 Verba
1424 1867 1525 1932 vertit

421 1968 556 2054 Rufinus
572 1969 633 2032 hoe
655 1969 760 2046 modo,
777 1968 925 2044 Beatam,
939 1969 1050 2052 inquit,
1065 1969 1209 2033 deerimus
1226 1969 1403 2033 dedi-emm
1418 1969 1528 2032 Demi·

420 2070 523 2134 nicam
543 2071 636 2148 θῖνα,
658 2072 693 2135 in
714 2094 775 2156 ραα
797 2071 921 2156 θρίτοαο
942 2071 1097 2155 apestolam
1116 2081 1254 2135 nestram.
1300 2072 1375 2134 Isne
1397 2071 1527 2156 legebat

420 2173 568 2250 μακαρίαν
587 2193 646 2255 pro
665 2174 775 2253 ὁγίονῖ
797 2172 847 2234 De
868 2172 919 2235 die
940 2178 1050 2236 eutem
1066 2171 1234 2236 Dominioo
1248 2171 1320 2237 vide
1341 2194 1411 2255 quae
1427 2192 1527 2257 supra

420 2271 530 2335 notavi
545 2273 588 2336 nd
604 2273 808 2349 Mmmonnm,
824 2295 855 2356 p.
872 2293 943 2355 129.

465 2371 550 2437 Ibid.
564 2374 584 2436 l.
598 2376 628 2436 6.
644 2374 829 2457 ἀνέγνωμεν]
850 2375 925 2438 Hoe
939 2374 1044 2458 reeepi
1059 2395 1099 2437 ex
1114 2372 1247 2438 MSStis
1256 2373 1348 2437 Bodl.
1358 2396 1414 2438 eeu
1425 2373 1525 2438 savit.

421 2479 455 2536 et
469 2474 610 2558 Norfhle.
624 2497 684 2560 pro
705 2477 925 2556 ἀνεγνώκαμεν,
941 2473 1144 2539 firmantibus
1164 2476 1292 2540 Gestari
1310 2476 1405 2539 Lertt.
1428 2480 1528 2559 etque

419 2575 602 2660 Νῖοορλοτο.
640 2576 761 2657 Quibus
782 2598 865 2640 nune
887 2585 963 2640 sunt
982 2576 1117 2639 addendi
1137 2576 1221 2639 οοθθ.
1238 2575 1420 2653 Fbrentiei,
1441 2583 1528 2640 teste

419 2677 576 2756 Burteno,
591 2679 644 2764 qui
659 2678 827 2742 lectionem
847 2679 962 2762 ipsein
982 2684 1108 2741 textum
1124 2699 1216 2741 suum
1235 2678 1366 2762 reeepit.
1405 2678 1528 2742 Adhuo

418 2778 552 2860 ἔγνωμεν
571 2779 734 2845 hebebant
755 2779 839 2844 οοθθ.
862 2781 949 2844 Μαι.
970 2778 1056 2843 Med.
1078 2778 1188 2843 Fnket.
1206 2784 1290 2842 teste
1311 2778 1451 2856 anesi0,
1468 2780 1528 2844 sed

417 2879 574 2945 referente
594 2880 740 2945 Burtono
754 2882 818 2945 ced.
834 2883 920 2945 Mae.
940 2880 1039 2944 habet
1062 2880 1246 2961 ἀνέγνωμεν,
1258 2880 1316 2943 soli
1331 2881 1394 2944 eod.
1411 2881 1528 2965 Beatus

417 2982 565 3045 Pariani
578 2993 605 3046 et
622 2984 722 3047 Venet.
739 2986 960 3065 ἀνεγνώκαμεν.
998 2982 1112 3066 Μανρο
1129 2987 1239 3045 autem
1256 2982 1420 3046 Jenesiam'
1431 3005 1527 3048 ανον-

410 3082 516 3166 pteris
529 3084 576 3146 αθ.
592 3085 695 3169 Sept
711 3086 753 3148 ed
768 3085 845 3148 edit.
864 3083 1092 3168 Rendingienae
1107 3084 1226 3146 enleem
1241 3084 1406 3165 ἁνέγνοκα.

461 3184 544 3248 Ibid.
567 3185 587 3247 l.
605 3203 635 3269 7.
664 3185 703 3264 ἣν
733 3184 855 3271 ἕξομεν]
887 3184 924 3264 ἣν
954 3186 1065 3267 ἔχομεν
1098 3184 1266 3269 otnant.
1293 3186 1388 3250 Leott.
1410 3184 1448 3265 ἣν
1477 3188 1527 3254 καὶ

416 3284 522 3363 ἕξομεν
535 3287 666 3370 Niceph.
690 3288 822 3349 Senem.

460 3386 545 3449 Ibid.
567 3386 605 3466 ἣν
621 3389 726 3466 ἕξομεν
746 3389 796 3450 ἀεί
815 3412 888 3450 ποτε
909 3387 1166 3466 ἀναγινώσκοντες
1186 3390 1402 3458 νουθετεῖσθαι,
1420 3387 1459 3452 ὣς
1474 3389 1526 3451 καὶ

414 3487 469 3565 τὴν
488 3487 649 3572 προτέραν]
674 3488 757 3551 (lum
780 3488 891 3571 Steph.
909 3486 1099 3569 Lemoynius
1118 3487 1239 3549 videret
1255 3486 1430 3549 Eusebium
1444 3488 1524 3551 alibi

413 3611 511 3653 unnm
522 3596 648 3654 tentum
659 3589 831 3653 Clementis
842 3587 1009 3672 epistolam
1020 3609 1204 3671 agnoscere,
1215 3588 1341 3651 unicam
1353 3588 1452 3673 igitur
1461 3589 1524 3653 hoe

412 3690 483 3753 loeo
504 3691 672 3754 memorari
691 3692 763 3774 jure
786 3689 944 3753 censebat.
993 3688 1089 3751 Hunc
1111 3689 1215 3753 locum
1239 3696 1358 3764 temen,
1380 3689 1440 3765 nit,
1462 3690 1524 3754 viri

413 3792 589 3856 doctissimi
621 3805 747 3877 urgent,
774 3802 810 3855 ut
841 3791 921 3853 duas
946 3789 1101 3853 Clementi
1132 3788 1283 3873 epistolas
1312 3790 1522 3867 adscribent3

412 3892 488 3955 dum
514 3892 582 3977 ipse
608 3903 712 3978 putat,
738 3894 830 3957 nnius
849 3891 978 3955 omnino
1004 3888 1156 3973 epistolae,
1183 3888 1313 3952 exclusa
1339 3889 1439 3953 etiem
1466 3891 1524 3955 illa

412 3993 546 4072 Soteris,
561 3995 628 4057 fieri
649 3994 851 4068 mentionem,
869 4000 902 4055 et
922 3991 967 4054 sie
988 3990 1076 4073 legit,
1092 3991 1304 4070 ἀνεγνώκαμεν
1322 3991 1376 4066 τὴν
1397 3992 1520 4054 ἐπιστο-

409 4094 468 4171 λὴν
489 4095 527 4173 ἣν
550 4097 657 4173 ἕξομεν
679 4096 728 4156 del
748 4117 819 4156 ποτε
843 4093 1100 4172 ἀναγινώσκοντες
1117 4096 1334 4163 νουθετεῖσθαι,
1351 4093 1390 4157 ὥς
1412 4096 1462 4156 καὶ
1486 4095 1521 4156 τὸ

407 4197 555 4276 πρότερον
583 4198 653 4274 ἡμῖν
682 4198 730 4257 διὸ
761 4195 932 4272 Κλήμεντος
962 4197 1142 4272 γραφεῖσαν.
1189 4191 1333 4273 Leqe'meae
1362 4193 1524 4274 epistolam

408 4296 576 4380 [vostram]
603 4315 695 4377 quam
722 4315 836 4377 seraper
858 4293 981 4376 θρῖοοαο
1005 4292 1051 4354 αθ
1074 4292 1297 4355 imtrectebeem
1322 4301 1350 4355 et
1374 4292 1523 4357 οοθνῖῖαοο

406 4403 551 4470 mmmm,
565 4405 712 4477 tanqzmm
726 4394 772 4456 ad
788 4415 840 4455 nee
855 4416 915 4477 ρον
932 4393 1108 4456 Clementem
1129 4392 1200 4455 olim
1218 4394 1365 4476 οονῖρθανο
1379 4402 1407 4455 et
1427 4393 1521 4458 desti-

406 4502 521 4556 natam.
566 4495 704 4558 Addidit
728 4494 810 4558 enim
835 4493 882 4555 vir
904 4493 941 4555 el.
966 4515 1000 4555 se
1022 4513 1085 4554 non
1108 4491 1223 4567 videre,
1240 4513 1339 4575 quere
1360 4493 1523 4559 celebrem

406 4592 503 4656 istam
527 4593 694 4676 epistolam
715 4594 868 4656 Romanis
888 4593 1053 4657 tribuisset
1074 4592 1257 4675 Dionysius,
1277 4615 1373 4676 quem
1397 4595 1523 4680 ubique

404 4694 575 4758 eomtebet
596 4715 618 4756 a
632 4694 796 4757 Clemente
818 4700 995 4764 exaratam,
1012 4700 1045 4756 et
1065 4692 1147 4756 illins
1167 4692 1293 4757 nemine
1315 4692 1434 4776 ubique
1455 4697 1523 4783 legi
