3809 5650
428 654 471 718 68
764 656 1122 721 ANNOTATIONES
1139 659 1195 720 &a

428 843 531 907 neque
545 844 635 887 suam
650 824 717 908 ipse
732 824 791 888 sibi
806 846 988 888 mensuram
1008 824 1117 887 deesse
1131 822 1274 886 voluerit.
1320 821 1420 883 Filius
1442 820 1526 882 enim

428 930 478 988 est
492 945 640 988 mensura
657 926 774 1003 Patris,
791 926 844 1010 qui
859 932 964 989 totam
986 923 1095 988 Patris
1116 923 1374 997 immensitatem,
1388 920 1526 984 infinita·

428 1032 504 1097 tem,
523 1035 556 1089 et
571 1026 784 1090 substantiam
799 1027 830 1088 in
846 1049 880 1089 se
895 1026 991 1110 capit,
1008 1025 1150 1089 eontinet
1164 1047 1202 1087 ae
1216 1024 1313 1087 veluti
1334 1020 1526 1087 circumseri-

429 1124 486 1188 bit.
535 1126 691 1189 Missum.
707 1124 782 1189 ibid.
797 1127 936 1190 Ποινήν.
952 1149 982 1211 p.
1001 1147 1069 1189 111.
1087 1148 1115 1186 v.
1133 1129 1184 1206 56.

942 1327 1013 1397 XI.

474 1467 512 1531 Ρ.
524 1484 576 1553 59.
592 1470 613 1532 l.
627 1490 676 1554 23.
699 1471 718 1533 ἆ
734 1496 784 1534 σοι
799 1477 924 1553 χορηγεῖ
936 1472 991 1537 σὸς
1005 1471 1112 1555 πατὴρ]
1135 1470 1254 1533 Lotum
1268 1468 1409 1532 restituit
1418 1466 1528 1531 Billius

429 1593 469 1636 ex
486 1572 558 1635 Vet.
576 1571 695 1656 Interp.
711 1594 770 1656 pro
785 1571 805 1635 ἃ
820 1573 859 1636 σὺ
873 1580 1012 1655 χορηγεῖς
1026 1575 1074 1640 ὣς.
1114 1574 1154 1636 In
1169 1579 1294 1636 textum
1309 1573 1406 1635 verba
1420 1592 1528 1634 emen-

430 1671 509 1735 data
532 1673 645 1756 recepi,
661 1673 744 1737 sieut
768 1673 961 1737 Pearsonius
980 1674 1099 1737 fecerat
1118 1674 1151 1736 in
1168 1673 1321 1736 Vallata
1340 1672 1527 1757 Ipaatiaaia

431 1774 586 1838 Rieu

475 1874 558 1939 Ibid.
583 1881 684 1939 Σατᾶν
701 1878 764 1959 ἀεὶ]
792 1876 866 1939 Ηοο
884 1897 942 1959 pro
958 1882 1078 1940 Σατανᾶ
1094 1880 1121 1940 εἰ
1135 1884 1208 1961 post
1224 1875 1418 1959 Scaligerum
1433 1896 1525 1959 repo·

431 1975 496 2039 suit
508 1976 659 2039 Petavius
670 1976 703 2038 in
717 1976 859 2060 margine
872 1975 1041 2060 Epiphanii
1057 2000 1089 2060 p.
1103 1980 1174 2057 246.
1187 1984 1290 2040 metro
1305 1976 1352 2040 ita
1367 1975 1528 2059 exigente;

431 2076 574 2160 quamvis
594 2083 684 2139 vetus
708 2077 873 2159 Interpres
895 2079 942 2140 ἀεὶ
964 2077 1049 2140 haud
1071 2077 1194 2162 legerit.
1241 2077 1381 2141 Gnarum
1402 2076 1444 2139 ad
1463 2076 1528 2138 Ire

432 2195 545 2238 naeum.

476 2276 560 2340 Ibid.
578 2275 598 2338 l.
612 2294 663 2355 24.
683 2276 846 2361 δυνάμεως]
884 2280 963 2342 Post
978 2278 1060 2343 hane
1075 2300 1184 2342 voeem
1201 2278 1375 2362 irrepserat
1397 2274 1531 2359 ἐγχειρή-

431 2403 511 2457 ματα
536 2379 634 2442 veteri
663 2378 829 2463 interpreti
859 2381 1012 2464 ignotum,
1037 2382 1120 2465 quod
1147 2381 1314 2444 delendum
1340 2385 1532 2443 monuerunt

434 2479 572 2544 Grabius
587 2486 620 2543 et
637 2480 829 2559 Massuetus,
844 2483 990 2566 quodque
1006 2489 1079 2546 ante
1094 2482 1163 2544 illos
1177 2481 1315 2568 ejecerat
1330 2479 1531 2543 Pearsouius.

478 2580 562 2644 Ibid.
585 2579 728 2667 Ἀζαζὴλ]
761 2583 905 2667 Angelus
933 2583 1035 2646 malus
1063 2590 1122 2659 est,
1146 2584 1236 2667 cujus
1264 2581 1384 2645 mentio
1413 2581 1461 2655 lit,
1486 2579 1534 2644 ait

435 2680 582 2758 Grabius‚
599 2682 631 2743 in
655 2683 847 2766 Paraphrasi
870 2684 1041 2749 Ohaldaiea
1063 2683 1238 2747 Jonathani
1256 2683 1349 2767 vulgo
1371 2682 1534 2765 adscripta

434 2781 566 2847 adeon.
576 2783 616 2846 vi.
622 2804 652 2868 5.
676 2784 716 2847 In
731 2784 812 2849 libro
828 2784 950 2849 Enochi
966 2785 1105 2849 decimus
1120 2784 1230 2849 ordine
1242 2784 1325 2847 inter
1336 2805 1388 2846 xx.
1403 2782 1533 2865 angelos

434 2883 540 2968 lapsos
554 2893 758 2950 memoratur.
803 2888 853 2951 De
868 2888 928 2951 hoc
942 2888 1035 2973 plura
1050 2887 1247 2950 somniarunt
1262 2884 1409 2948 Rabbini.
1448 2883 1534 2968 Lege

435 2984 479 3047 sis
498 2986 684 3071 Agrippam,
701 2988 755 3052 lib.
771 2989 803 3052 ii.
820 2991 859 3052 de
882 2989 1004 3053 Occult.
1023 2988 1144 3052 Philos.
1189 2985 1399 3050 Reuehlinum
1420 2984 1472 3047 lib.
1489 2984 1531 3049 iii.

330 3139 332 3144 .
435 3083 485 3147 De
500 3089 585 3150 Arte
601 3089 803 3167 Gabalistiea‚
816 3097 850 3154 et
866 3089 989 3173 Moynii
1006 3088 1108 3152 Notas
1122 3089 1164 3151 ad
1181 3087 1339 3150 Barnaboe
1355 3086 1534 3170 Epistolam

435 3207 508 3270 pag.
531 3190 605 3265 648.
638 3196 671 3252 et
701 3212 787 3273 seqq.
834 3191 991 3252 Msssusr.
1025 3211 1065 3252 ex
1095 3187 1214 3252 Grabio
1244 3192 1278 3250 et
1308 3187 1533 3253 Feuardentio.

435 3286 557 3350 Existit
573 3310 686 3351 nomen
701 3289 845 3366 Ἀζαλῖἑλ
865 3290 897 3352 in
913 3290 986 3352 libri
1002 3289 1123 3352 Enoehi
1142 3295 1292 3372 excerpto
1306 3289 1391 3372 apud
1407 3287 1533 3372 Synael·

434 3387 510 3465 lum,
529 3388 753 3474 Olroewyrapla.
769 3414 800 3475 p.
816 3411 865 3454 12.
882 3392 958 3456 edit.
974 3392 1071 3455 Goar.

481 3488 565 3550 Ibid.
580 3487 601 3551 l.
617 3510 634 3552 2
635 3507 668 3573 5.
692 3491 827 3553 ἀντιθέου
851 3493 1046 3576 πανουργίας]
1080 3491 1271 3555 Pearsonius
1290 3490 1411 3554 Vindio.
1429 3490 1533 3574 Iqaat.

437 3588 490 3652 ubi
514 3611 621 3673 supra.
666 3599 685 3625 “
698 3592 833 3655 Divinus
856 3592 908 3656 ille
931 3614 1029 3656 senex
1052 3594 1198 3656 illamam
1223 3591 1401 3655 deseribere
1424 3591 1534 3666 voluit,

437 3698 456 3726 “
471 3697 624 3773 tanquam
639 3692 831 3756 Antichristi
847 3714 1086 3777 praecursorem,
1101 3694 1185 3776 quod
1206 3693 1258 3757 hie
1279 3693 1435 3776 signifieat
1455 3694 1535 3755 ἀντί-

437 3798 457 3829 “
473 3795 541 3857 θεας
566 3792 763 3873 πονουργία.”
808 3794 1029 3857 Tertullianus
1051 3794 1138 3859 Ade.
1162 3795 1397 3866 Valentinianos,
1417 3816 1488 3879 eap.
1503 3815 1534 3873 4.

436 3892 576 3955 Deduxit
593 3901 621 3955 et
634 3892 803 3957 Heracleon
822 3895 894 3958 iada
913 3896 1050 3959 tramites
1068 3895 1212 3979 qrwsdam
1227 3895 1472 3974 (Valentinianae
1487 3895 1534 3956 in-

436 3993 624 4074 stitutionis)
641 4004 669 4057 et
688 3997 843 4060 sesanam
861 4006 889 4059 οι
911 4018 1016 4081 magras
1036 3997 1176 4059 Marcus.
1223 3995 1272 4058 De
1294 3996 1405 4059 eodem
1422 3996 1534 4058 Marco

437 4095 563 4157 Auetor
587 4095 700 4158 Contra
730 4118 827 4160 omues
846 4098 984 4160 Hoeraa
1007 4119 1074 4180 cap.
1092 4099 1121 4158 6.
1140 4103 1173 4159 et
1197 4096 1392 4159 Theodoret.
1415 4095 1531 4158 Horret.

439 4193 595 4277 Ompend.
613 4194 688 4257 Fal.
705 4216 730 4259 1.
748 4197 776 4258 8.
