3809 5650
405 670 469 737 lae
781 671 1136 737 ANNOTATIONES

397 840 563 927 proverbia
587 840 757 904 &bracis
782 841 950 921 πανόρετον
971 843 1085 920 σοφίαν
1108 839 1268 924 appellare
1292 838 1412 903 solitos.
1458 842 1509 904 En

401 942 651 1007 vetustissimum
681 941 822 1005 omnium
856 941 1114 1006 Christianorum
1148 949 1277 1025 patrum
1311 940 1508 1007 Clementem

402 1044 595 1120 Romanum,
608 1043 698 1126 cujus
713 1043 810 1106 verba
824 1042 899 1106 licet
919 1042 1026 1105 videre
1048 1043 1082 1104 in
1105 1041 1220 1105 celebri
1243 1040 1388 1124 epistola,
1412 1065 1438 1105 c.
1451 1060 1505 1124 57.

401 1149 504 1212 Olbos
517 1149 575 1226 γὰρ
590 1144 676 1225 λέγει
689 1145 707 1223 ἡ
722 1142 887 1224 πανάρετος
902 1147 1007 1224 σοφία.
1029 1144 1108 1206 'lteri
1120 1143 1288 1224 προήσομαι
1305 1144 1361 1206 διο.
1378 1144 1433 1207 ubi
1453 1145 1506 1208 de-

400 1247 583 1311 scribuntur
604 1245 719 1330 capitis
743 1244 836 1329 primi
860 1243 1006 1307 Proceri.
1028 1265 1138 1307 versus
1154 1263 1205 1329 23.
1226 1252 1260 1308 et
1280 1266 1367 1329 seqq.
1413 1247 1506 1311 Alios

400 1349 580 1432 scriptores,
607 1370 679 1411 cum
704 1370 755 1411 res
785 1347 864 1411 satis
894 1347 981 1411 clara
1005 1347 1058 1425 sit,
1089 1347 1215 1412 omitto.
1261 1349 1365 1412 Porro
1394 1351 1506 1414 eodem

400 1450 526 1513 nomine
540 1449 725 1535 insignitum
740 1449 836 1513 fuisse
851 1449 967 1512 librum
982 1470 1106 1532 quoque
1122 1449 1369 1513 Ecclesiasticam
1387 1473 1505 1515 nuncu·

400 1561 521 1637 patum,
539 1553 687 1617 Valesius
707 1554 750 1617 ad
769 1553 873 1616 locum
893 1551 981 1615 illum
1002 1551 1133 1615 Eusebii
1153 1553 1304 1616 ostendit.
1351 1553 1401 1616 De
1423 1554 1505 1618 libro

399 1661 508 1718 autem
534 1655 628 1740 vulgo
654 1656 816 1739 Sapiauia
841 1654 1012 1718 mamis
1034 1652 1196 1737 appellato
1226 1653 1422 1731 Methodius,
1450 1654 1504 1737 qui

399 1755 497 1818 tertio
512 1762 694 1819 senescente
710 1754 825 1819 saeculo
843 1754 961 1833 floruit,
977 1754 1011 1817 in
1028 1754 1170 1818 Convicio
1189 1777 1246 1818 suo
1268 1755 1430 1839 Virpiaam
1444 1755 1505 1819 hoc

399 1856 514 1941 saepius
528 1878 605 1920 usus
625 1863 675 1920 est
695 1856 859 1921 vocabulo.
904 1855 981 1920 Vid.
997 1878 1029 1940 p.
1041 1858 1093 1938 69.
1110 1863 1144 1919 et
1160 1858 1212 1937 76.
1236 1857 1286 1920 ed.
1308 1856 1502 1921 Combefisii.

399 1957 445 2020 Et
465 1966 629 2022 antaeum
644 1957 750 2021 saculi
765 1957 894 2021 secundi
915 1957 1052 2042 scriptor
1065 1957 1098 2020 in
1114 1957 1309 2042 Fragmento
1330 1959 1434 2042 operis
1455 1959 1504 2022 sui

398 2058 437 2122 dc
454 2059 573 2122 Carinae
588 2059 621 2122 S.
635 2060 807 2143 Scriptura
827 2058 911 2122 infra
924 2058 1088 2137 collocato,
1104 2069 1132 2122 et
1147 2060 1319 2143 Sapientia,
1336 2059 1448 2143 inquit,
1465 2059 1504 2124 ab

397 2159 505 2222 οοιὶσίο
514 2159 683 2223 Salomonis
694 2160 729 2222 ia
739 2160 836 2243 ἱρείαο
843 2159 982 2224 maram
995 2161 1120 2245 scriptas.
1142 2160 1208 2223 Alii
1218 2161 1345 2244 quidem
1356 2168 1505 2226 auctores

399 2260 455 2323 sed
483 2260 652 2324 Methodio
675 2260 879 2345 posteriores,
901 2261 956 2345 qui
977 2261 1123 2326 similiter
1136 2260 1252 2324 librum
1274 2262 1354 2326 falso
1377 2263 1504 2328 nomine

398 2363 575 2448 signarunt,
596 2364 665 2447 jam
687 2386 708 2427 a
731 2363 857 2427 Valesio
879 2364 935 2427 ubi
957 2386 1067 2450 supra,
1082 2371 1115 2430 et
1136 2388 1157 2430 a
1181 2365 1342 2430 Cotelerio
1371 2367 1414 2430 ad
1434 2365 1504 2430 (lle-

397 2464 514 2529 mentis
528 2465 666 2529 Romani
680 2465 783 2529 locum
798 2465 929 2530 adducti
945 2473 1031 2531 sunt.

441 2565 747 2652 P.120.1.3.’1ap]
771 2569 881 2647 Ἰακὼβ
901 2569 1052 2633 mendose
1072 2569 1150 2633 MS.
1170 2568 1310 2652 Norsok.
1331 2567 1385 2632 ubi
1405 2569 1503 2633 etiarn

397 2665 491 2749 paulo
506 2665 589 2731 iufra
608 2667 769 2746 scribitur,
784 2669 831 2731 καὶ
851 2671 904 2735 τὰς
924 2671 1053 2750 ἐκλογὰς
1067 2671 1099 2732 δὲ
1123 2667 1317 2749 ἐποιησάμην,
1333 2691 1392 2753 pro
1412 2666 1448 2746 ἐξ
1460 2667 1504 2732 ὦν

398 2768 513 2836 καὶτὰς
528 2771 655 2851 ἐκλογὰς
670 2768 864 2849 ἐποιησάμην.

440 2870 523 2934 Ibid.
539 2871 560 2934 l.
571 2888 603 2956 5.
619 2869 764 2956 Ἔσδρας]
796 2872 888 2953 ἔσδρα
908 2871 983 2935 cod.
999 2871 1094 2935 Bodl.
1110 2878 1144 2935 et
1159 2893 1243 2935 nnnc
1253 2872 1411 2936 referente
1422 2871 1502 2935 Bur-

397 2978 474 3036 tono
486 2995 567 3036 unus
582 2995 599 3036 e
613 2973 808 3037 Florentiae.
833 2973 948 3038 Oavius
963 2995 1036 3037 eum
1051 2973 1084 3036 in
1103 2974 1182 3036 Vitis
1197 2975 1327 3037 Petram
1337 2974 1501 3057 Apostolic.

396 3095 427 3157 p.
444 3075 512 3159 183.
528 3081 598 3139 tum
613 3074 646 3137 in
660 3075 743 3138 Hic.
760 3076 825 3139 [Aa
837 3075 934 3159 capit.
946 3074 1116 3150 Maliaco
1131 3075 1240 3137 deesse
1251 3075 1284 3137 in
1299 3075 1359 3138 hoc
1370 3075 1503 3158 aliisque

397 3175 583 3239 saeoulorum
607 3176 808 3260 sequentium
830 3176 986 3260 catalogis
1011 3174 1123 3239 libram
1148 3176 1289 3239 Ealarae
1315 3176 1504 3254 arbitratur,

396 3277 481 3359 quia,
502 3278 552 3340 uti
573 3277 684 3341 Sixtus
707 3277 855 3340 Senensis
876 3283 995 3353 censet,
1016 3275 1161 3340 Biblioet.
1181 3278 1295 3340 Saacm
1314 3277 1367 3339 lib.
1380 3279 1409 3340 l.
1427 3299 1457 3361 p.
1470 3295 1502 3360 5.

395 3386 473 3441 tunc
495 3378 647 3461 temporis
669 3384 824 3461 tanquam
845 3376 1037 3439 indubitatae
1057 3376 1130 3439 fidei
1150 3388 1298 3460 receptus
1318 3398 1380 3440 non
1396 3378 1502 3455 fuerit,

394 3479 624 3543 additamentis
635 3478 713 3542 calci
724 3478 880 3562 appositis
894 3477 967 3541 libri
978 3477 1090 3560 reliqui
1102 3477 1176 3541 fidei
1189 3478 1279 3541 litem
1291 3478 1500 3542 moventibus.

396 3581 461 3645 Sed
474 3580 498 3642 J
500 3600 618 3643 oannes
634 3578 768 3644 Oosinus
782 3579 948 3662 episcopus
962 3577 1037 3642 olim
1058 3578 1289 3655 Dunelmensis,
1305 3578 1354 3641 vir
1372 3578 1413 3640 ob
1430 3579 1504 3643 doc-

395 3680 514 3744 trinam
530 3686 628 3763 atque
643 3678 841 3763 splendidam
854 3678 1104 3742 munificentiam
1120 3678 1213 3763 plane
1230 3678 1453 3757 memorabilis,
1469 3680 1503 3743 in

395 3781 479 3844 Hirr.
495 3779 681 3844 sabbaim
695 3780 754 3842 ΒΕ.
771 3779 943 3865 Scriptura
959 3780 1105 3855 Cononis,
1122 3782 1150 3863 ξ.
1166 3799 1221 3860 47.
1237 3802 1268 3863 p.
1282 3799 1334 3865 33.
1351 3787 1384 3844 et
1401 3784 1432 3861 t.
1448 3783 1502 3863 56.

396 3904 427 3966 p.
439 3899 493 3963 49,
519 3887 553 3943 et
576 3898 630 3964 50.
659 3880 742 3944 hanc
774 3880 858 3944 Sixti
887 3881 1104 3965 conjecturam
1137 3902 1299 3964 respuens,
1329 3889 1503 3965 antequam

397 3979 515 4044 Cavius
530 3979 667 4064 scripsit,
684 3980 846 4057 docuerat,
863 3979 1001 4044 Estleroe
1021 3978 1134 4043 libram
1154 3980 1285 4065 perinde
1299 3990 1397 4064 atque
1415 3979 1503 4042 illum

395 4081 554 4146 Nelemioe
568 4081 628 4145 sub
642 4082 764 4155 Esdroe,
780 4081 845 4146 sive
859 4082 959 4160 Errae,
976 4081 1102 4145 nomine
1118 4080 1192 4144 olim
1207 4086 1423 4163 συνεκδοχικῶς
1434 4102 1502 4143 esse

395 4184 601 4248 intellectum.
647 4184 737 4248 Idem
761 4191 794 4247 et
817 4184 855 4247 el.
880 4204 1007 4267 quoque
1033 4182 1198 4246 Frickium
1218 4183 1278 4246 sibi
1303 4182 1503 4266 colligentem

395 4286 486 4349 rideo
505 4286 538 4349 in
558 4285 695 4349 Dissert.
712 4286 762 4349 Da
779 4286 863 4349 Oura
877 4285 1024 4348 Ecclesia
1046 4285 1108 4348 Vct.
1124 4285 1207 4348 circa
1224 4286 1374 4348 Oscorum
1388 4299 1456 4366 cap.
1468 4282 1501 4345 ii.

397 4386 426 4467 t.
443 4386 500 4450 ult.
517 4409 547 4470 p.
561 4402 612 4468 72.
628 4387 810 4450 Mebtcmat.
834 4387 909 4449 Var.

441 4486 526 4549 lbid.
541 4486 563 4549 l.
580 4504 628 4568 17.
645 4487 834 4570 Melitonos]
851 4488 907 4565 μὲν
922 4486 1015 4549 addit
1032 4486 1202 4569 Christoplr.
1227 4486 1359 4548 Sunorn.

441 4587 526 4650 Ibid.
551 4590 589 4651 τὰ
611 4589 679 4668 περὶ
701 4593 754 4651 τοῦ
772 4587 890 4671 πάσχα]
915 4587 965 4652 De
989 4588 1039 4651 his
1061 4587 1151 4651 libris
1173 4588 1331 4651 adnotatu
1354 4587 1501 4669 quaedam

395 4710 492 4774 supra
507 4696 582 4751 sunt
597 4710 669 4773 pag.
689 4707 757 4753 ιιι.
1378 4709 1384 4727 ··
