3809 5650
583 686 632 750 IN
663 682 910 753 HEGESIPPI
943 685 1241 752 FRAGMENTA.
1402 685 1467 754 278

359 850 544 932 traditione,
569 878 641 919 eum
665 856 750 920 nullo
776 856 871 920 modo
898 856 1011 920 melius
1039 855 1191 940 distingui
1218 854 1342 940 possint
1370 852 1466 917 iidem

357 953 478 1036 gmdus
494 976 590 1039 quam
611 979 669 1041 per
690 957 909 1040 episcoporum
926 956 1166 1020 successionem.
1211 954 1350 1018 Tantum
1368 952 1466 1017 Tille-

358 1055 510 1119 montius.
549 1058 595 1122 Et
606 1058 701 1122 fidem
717 1058 854 1121 fortusse
868 1058 1023 1141 mojorem
1037 1057 1171 1121 fecerint
1186 1056 1259 1119 huic
1274 1054 1465 1140 expositioni

358 1156 465 1233 verba,
482 1157 508 1220 si
529 1159 625 1222 modo
644 1181 724 1223 senc
743 1158 820 1235 sint,
836 1181 907 1242 quae
923 1159 965 1221 ad
980 1158 1075 1223 finem
1091 1167 1205 1222 extant
1220 1158 1369 1242 Εριῖνοῖα
1383 1158 1463 1220 Gre-

356 1254 439 1341 gorii
455 1257 590 1343 Nysseni
604 1260 650 1323 nd
662 1260 858 1324 Emathiam
875 1262 931 1324 &c
947 1261 990 1325 ab
1006 1261 1100 1325 Isaac
1116 1258 1309 1324 Caecubono
1328 1258 1466 1343 primum

357 1355 463 1421 editae.
500 1357 737 1438 Ἀναμνήσθητε,
753 1360 858 1444 inquit
874 1361 1056 1445 Gregorius,
1072 1367 1132 1424 τῶν
1153 1363 1246 1441 ἁγίων
1261 1358 1405 1439 πατέρων,
1422 1358 1466 1424 οῖς

357 1463 440 1538 παρὰ
459 1465 512 1522 τοῦ
532 1463 677 1540 μακαρίου
694 1461 804 1540 πατρὸς
823 1464 905 1540 ὑμῶν
920 1464 1153 1544 ἐνεχειρίσθητε,
1168 1458 1210 1523 dv
1226 1462 1275 1524 καὶ
1292 1461 1376 1538 ἡμεῖς
1391 1461 1466 1522 κατδ

358 1563 443 1622 Θεοῦ
467 1560 557 1642 χάριν
583 1562 637 1638 τὴν
660 1561 802 1643 διαδοχὴν
823 1562 906 1644 ἔχειν
931 1564 1160 1642 κατηξιώθημεν,
1183 1559 1289 1638 καὶμὴ
1311 1559 1465 1638 μεταίρετε

357 1659 434 1739 ὅρια,
451 1660 470 1722 δ
485 1660 589 1723 ἔθεντο
609 1663 639 1724 οῖ
653 1661 777 1740 πάτερες
791 1663 884 1740 ἡμῶν,
898 1665 972 1741 μηδὲ
988 1663 1140 1742 ἀτιμάζετε
1155 1662 1208 1724 τδν
1228 1660 1397 1739 retempto
1412 1664 1464 1722 τοΰ

357 1758 565 1839 δπλουστέρου
575 1764 766 1842 κηρύγματος,
775 1764 848 1841 μηδὲ
858 1770 1008 1830 ποικιλαῖς
1017 1768 1249 1827 ΔΙΑΔΟΧΑΙΣ
1259 1761 1293 1823 τδ
1302 1759 1398 1823 πλέον
1406 1761 1463 1822 νεί-

355 1882 442 1937 ματε·
460 1864 542 1924 δλλδ
555 1868 704 1944 στοιχεῖτε
717 1865 756 1947 τῷ
773 1864 887 1946 ἀρχαίῳ
900 1867 1003 1927 κανόνι
1017 1868 1070 1942 τῆς
1083 1866 1222 1928 πίστεως.
1261 1859 1327 1923 Ubi
1342 1861 1463 1923 Caseu-

359 1956 480 2019 bonus:
499 1966 519 1994 “
532 1959 645 2023 Varios
660 1960 874 2024 successiones
889 1971 983 2025 vocat
998 1961 1172 2047 Gregorius
1186 1981 1258 2024 cam
1272 1958 1464 2035 doctrinam,

358 2063 378 2092 ‘⁴
393 2078 463 2142 quae
469 2081 526 2142 per
536 2061 696 2125 veriorum
706 2067 841 2125 aetatum
852 2063 1066 2127 successiones
1079 2070 1273 2138 mutaverat,
1283 2081 1385 2144 neque
1396 2080 1461 2123 ser·

358 2166 378 2193 “
393 2168 524 2224 voverat
539 2161 593 2239 τὴν
607 2167 770 2242 ταυτότητο
780 2168 832 2241 τῆς
846 2166 962 2244 πρώτης
973 2164 1132 2231 πίοτεως.”
1163 2161 1385 2227 Verisimiliter
1395 2160 1462 2244 qui·

356 2259 448 2334 dem;
473 2263 529 2325 sed
547 2271 666 2340 tumen,
686 2264 778 2328 venia
797 2265 839 2329 sit
862 2265 959 2342 dicto,
976 2267 1028 2330 vix
1049 2266 1193 2331 dubitem
1208 2286 1279 2350 ego,
1294 2263 1369 2348 quin
1384 2262 1462 2325 illud

356 2362 491 2444 apostoli
515 2364 557 2425 od
581 2362 738 2428 Hebraeos
759 2365 914 2451 Gregorio
931 2367 965 2430 in
985 2376 1124 2431 mentem
1144 2366 1277 2441 venerit,
1292 2372 1330 2429 ut
1351 2385 1462 2427 revera

356 2463 510 2527 scriberet
531 2469 665 2547 διδαχαῖς
684 2487 747 2528 non
768 2471 933 2550 διαδοχαῖς,
956 2473 1103 2550 Διδαχαῖς
1125 2474 1274 2533 ποικιλαῖς
1291 2466 1339 2529 καὶ
1362 2462 1463 2542 ξέναις

355 2563 395 2640 μὴ
409 2564 610 2643 περιφέρεσθε
632 2564 706 2628 Heb.
720 2566 786 2628 xiii.
798 2587 828 2648 9.
876 2567 1041 2651 Frequens
1056 2569 1140 2631 enim
1155 2575 1205 2631 est
1219 2568 1335 2630 hurum
1349 2588 1461 2629 vocum

354 2661 440 2725 inter
465 2684 499 2726 se
522 2664 725 2747 permutatio.
772 2665 825 2730 Ita
850 2668 993 2731 varietur
1018 2668 1122 2731 tribus
1144 2667 1222 2731 locis
1245 2667 1405 2750 scripture
1427 2666 1461 2730 iu

355 2762 517 2827 codicibus
540 2765 672 2829 Eusebii
696 2767 932 2853 manuscriptis,
960 2789 1074 2853 nempe
1100 2767 1153 2831 lib.
1170 2789 1199 2831 r.
1228 2766 1312 2831 Hor.
1336 2789 1363 2830 c.
1382 2770 1413 2831 6.
1428 2774 1462 2832 et

355 2888 384 2930 o.
401 2888 448 2929 11.
461 2874 495 2930 et
509 2867 564 2930 lib.
579 2867 630 2930 vii.
652 2890 680 2931 c.
696 2887 750 2953 32.
795 2870 891 2933 Adde
918 2870 1089 2954 Nicephori
1115 2869 1183 2933 CP.
1207 2867 1460 2946 Sticdometricm,

354 2966 388 3030 in
410 2989 473 3053 qua
496 2990 555 3053 pro
570 2969 688 3052 Διδαχὴ
701 2970 900 3033 Ἀποοτόλαν
916 2970 990 3034 MS.
1005 2969 1136 3033 exhibet
1152 2970 1302 3050 Διαδοχαὶ
1314 2966 1462 3032 'Accord-

354 3077 430 3146 λον,
447 3077 532 3135 teste
546 3073 569 3133 J
571 3093 675 3135 ocnne
690 3070 794 3147 Oroio,
813 3069 932 3134 Obscrc.
947 3072 982 3134 io
996 3072 1076 3134 Noc.
1097 3072 1175 3134 Τοςί.
1191 3092 1222 3154 p.
1232 3089 1263 3154 3.

399 3173 437 3235 P.
452 3192 524 3253 217.
540 3172 561 3236 l.
576 3190 605 3254 7.
627 3176 709 3252 παρὰ
720 3170 879 3250 Ἀνικήτον
899 3171 1068 3254 διαδέχεται
1087 3172 1203 3255 Σωτὴρ]
1226 3168 1460 3253 παρὰἈνικήτιρ

356 3273 486 3336 Grutcri
508 3273 602 3336 hott.
626 3272 761 3336 Smoru.
806 3271 977 3354 Σωτήριχος
999 3293 1058 3356 pro
1077 3271 1179 3349 Σωτὴρ
1199 3270 1317 3356 legitur
1337 3269 1370 3331 in
1386 3270 1459 3333 MS.

354 3375 493 3458 Norsolc.
515 3394 579 3436 nou
597 3379 725 3437 tontum
745 3371 807 3451 hic,
827 3374 882 3436 sed
905 3380 939 3437 et
960 3374 994 3436 in
1014 3374 1159 3437 Droursn
1176 3374 1343 3437 Coniurun
1360 3369 1461 3454 Frag-

353 3483 462 3539 mento
477 3496 574 3558 supra
588 3498 619 3559 p.
641 3475 709 3538 186.
727 3473 840 3537 itidem
859 3474 892 3537 in
913 3474 967 3537 lib.
984 3497 1013 3540 v.
1028 3475 1112 3539 Hier.
1127 3472 1234 3538 Euscb.
1251 3496 1320 3558 cap.
1338 3492 1389 3552 24.
1404 3471 1459 3535 ubi

353 3576 470 3641 litterae
486 3576 518 3639 S.
536 3574 652 3638 Ireuaei
672 3576 714 3638 ad
732 3574 893 3639 Victorem
909 3575 1089 3640 Romanum
1110 3575 1322 3640 adducuntur.
1370 3573 1460 3637 Idem

353 3699 478 3754 nomen,
505 3684 542 3742 ut
568 3699 666 3762 supra
690 3699 722 3762 p.
742 3696 814 3757 174.
839 3677 916 3755 dixi,
943 3679 1007 3741 duo
1031 3677 1076 3741 illi
1100 3675 1284 3761 chronologi
1303 3675 1459 3760 Georgius
1489 3736 1491 3740 .

355 3779 519 3862 Syncellus
544 3785 643 3863 etque
670 3778 868 3862 Nicephorns
891 3778 957 3843 GP.
982 3799 1106 3843 necnon
1131 3776 1311 3861 Eutychius
1335 3776 1368 3838 in
1392 3778 1458 3839 Ao·

352 3879 472 3943 ααῖῖδαι
487 3880 560 3944 huic
575 3880 724 3965 episeopo
738 3878 933 3943 indiderunt.

398 3980 478 4044 Ibid.
503 3982 524 4044 l.
548 4001 598 4065 23.
620 3980 676 4044 Ἐν
698 3983 813 4046 τούτοις
836 3982 1010 4061 ἓγνωρίζετο
1034 3976 1243 4061 Ἡγήσιππος]
1277 3976 1349 4039 Νοιι
1371 3983 1458 4040 recte

352 4104 423 4146 meo
439 4082 566 4165 quidem
586 4082 709 4165 judicio
732 4080 937 4166 Hegesippus
959 4079 1122 4144 confertur
1136 4078 1170 4142 in
1191 4085 1338 4161 temporo
1354 4078 1459 4161 Impe-

351 4182 470 4246 ratoris
486 4182 655 4246 Hadriani.
701 4183 770 4245 Neo
785 4182 873 4245 locus
892 4181 945 4245 ille
961 4179 1137 4266 Hegesippi
1153 4200 1246 4262 quem
1261 4177 1311 4241 hic
1326 4178 1459 4243 cdducit

352 4282 523 4361 Eusebius,
538 4284 572 4348 id
587 4283 714 4348 evincit.
761 4285 859 4348 Certe
881 4283 1086 4368 Hegesippus
1112 4282 1209 4344 libros
1232 4301 1306 4344 suos
1330 4279 1458 4363 scripsit

351 4382 541 4468 pontificatu
557 4383 736 4459 Eleutheri,
751 4391 789 4447 ut
803 4383 937 4467 ipsemet
951 4389 1093 4447 testetur
1107 4382 1191 4445 infra
1210 4404 1278 4466 cop.
1295 4400 1345 4448 22.
1363 4381 1457 4462 (vid.

351 4510 449 4571 supra
471 4510 502 4572 p.
520 4505 594 4569 217.
640 4486 793 4571 AEquclis
817 4486 916 4572 igitur
937 4485 1000 4551 suit
1026 4484 1154 4561 Irenaei,
1177 4484 1231 4570 qui
1256 4494 1289 4549 et
1311 4484 1378 4571 ipse
1398 4486 1457 4550 sub

353 4589 527 4654 Eleuthero
542 4588 697 4652 Romcnae
711 4587 801 4652 urbis
815 4588 966 4673 episcopo
981 4587 1119 4674 insignes
1137 4588 1206 4652 illos
1228 4589 1380 4651 adversus
1394 4587 1457 4651 hae·

351 4711 438 4755 reses
461 4690 560 4755 libros
582 4690 790 4755 elucubravit.
844 4690 1062 4775 Hieronymus
1084 4696 1193 4755 temen
1219 4689 1303 4753 huuc
1327 4689 1458 4754 Eusebii

395 4814 463 4856 vor..
478 4815 500 4856 1.
910 4813 931 4853 u
946 4812 969 4854 n
