3809 5650
603 874 942 973 AGRIPPA
977 877 1283 996 CASTOR,

507 1091 584 1162 QUI
607 1089 727 1146 ANTE
750 1089 931 1149 MEDIUM
954 1092 1165 1151 SAECULUM
1189 1092 1378 1153 FLORUIT

819 1193 1065 1253 SECUNDUM.

760 1371 1124 1414 ...4-

791 1538 841 1588 nu
858 1537 951 1590 usus
968 1539 1094 1602 seuseu

366 1678 383 1737 5
502 1665 553 1727 IN
577 1664 673 1741 QUO
697 1664 1096 1730 CONFUTABATUR
1119 1668 1385 1748 BASILIDEs,

577 1799 659 1862 Hoeo
671 1797 775 1862 scribit
789 1796 937 1861 Emebisu
951 1797 1040 1863 Hiss.
1056 1799 1109 1863 lib.
1126 1799 1168 1864 iv.
1185 1822 1253 1886 sap.
1269 1821 1300 1884 7.

394 1937 627 2031 ΕΚΦΑΙΝΩΝ
663 1964 687 2029 δ’
723 1966 776 2028 οὖν
809 1966 898 2028 αὐτοῦ
931 1964 1109 2047 (Basilidis)
1142 1969 1180 2029 τδ
1213 1968 1363 2048 ἁπόῤῥητα
1397 1971 1493 2049 φησὶν

394 2073 554 2158 (Agrippa
573 2073 703 2153 Castor)
720 2072 810 2136 αὐτὸν
826 2075 868 2138 είς
881 2075 938 2151 μὲν
952 2073 987 2135 τὸ
1002 2074 1181 2155 εὐαγγέλιον
1195 2075 1329 2156 τέσσαρα
1343 2077 1416 2157 πρὸς
1430 2084 1493 2144 τοῖς

395 2185 489 2245 εἴκοσι
503 2181 645 2259 συντάξαι
662 2182 782 2258 βιβλία·
798 2178 953 2261 προφήτας
973 2183 1006 2244 δὲ
1026 2183 1119 2265 ἑαυτῷ
1138 2181 1285 2260 ὀνομάσαι
1308 2188 1493 2262 Βαρκαββῶν

350 2316 385 2355 ιο
396 2293 443 2354 καὶ
462 2293 601 2371 Βαρκῶφ,
621 2291 670 2353 καὶ
689 2291 802 2356 ἄλλους
819 2288 1021 2370 ἆνυπθρκτους
1039 2294 1121 2357 τινὰς
1139 2293 1233 2375 ἑαυτῷ
1252 2293 1492 2372 συστησάμενον·

392 2399 565 2481 βαρβάρους
573 2425 607 2463 τε
617 2399 713 2464 αὐτοῖς
728 2401 770 2465 εἷς
785 2398 967 2477 κατάπληξιν
980 2404 1040 2462 τῶν
1055 2402 1092 2462 τδ
1106 2405 1229 2462 τοιαῦτα
1243 2401 1414 2479 τεθηπότων
1430 2403 1493 2465 ἐπι-

393 2511 520 2589 φημίσαι
542 2509 752 2588 προσηγορίας·
777 2505 926 2570 διδάσκειν
948 2532 983 2570 τε
1007 2509 1181 2588 ἁδιαφορεῖν
1200 2511 1402 2573 εἰδωλοθύτων
1420 2511 1492 2575 ἀπο·

393 2616 582 2698 γευομένους,
605 2617 654 2679 καὶ
678 2613 891 2693 ἐξομνυμένους
920 2614 1179 2696 ἂπαραφυλάκτως
1206 2617 1260 2694 τὴν
1289 2619 1390 2681 πίστιν
1419 2621 1493 2682 κατδ

393 2726 459 2791 τοὺς
473 2731 531 2788 τῶν
546 2730 681 2805 διωγμῶν
696 2724 820 2804 καιρούς·
845 2727 1057 2803 Πυθαγορικῶς
1078 2748 1110 2786 τε
1125 2728 1186 2789 τοῖς
1206 2727 1382 2803 προσιοῦσιν
1402 2724 1490 2809 αὐτῷ,

348 2848 382 2904 ¹5
393 2838 537 2912 πενταετῆ
546 2834 663 2911 σιωπὴν
670 2834 937 2912 παρακελεύεσθαι.
963 2832 1011 2894 καὶ
1023 2831 1109 2912 ἔτερα
1126 2835 1158 2895 δὲ
1170 2834 1283 2898 τούτοις
1297 2832 1493 2912 παραπλήσια

393 2943 469 3023 ἀμφὶ
497 2948 549 3005 τοῦ
578 2946 755 3005 Βασιλείδου
782 2940 945 3018 καταλέξας
971 2943 987 3003 ὁ
1014 2940 1173 3020 εἰρημένος,
1204 2941 1256 3003 οὐκ
1281 2942 1413 3020 ἀγεννῶς
1441 2945 1492 3021 τῆς

393 3054 574 3131 δηλωθείσης
589 3049 732 3131 αἱρέσεως
744 3052 786 3115 είς
800 3043 950 3129 προῦπτον
966 3050 1107 3130 ἐφώρασε
1120 3049 1174 3126 τὴν
1188 3049 1318 3128 πλάνην.

430 3234 556 3304 Dumque
574 3240 670 3286 cuncta
690 3231 747 3301 ejus
767 3230 917 3300 (Basilidis)
965 3238 1093 3352 preterea
1110 3232 1186 3285 illum
1204 3230 1306 3294 docere,
1320 3230 1392 3313 quod
1410 3231 1491 3287 indil-

393 3321 488 3357 arcana
511 3302 610 3371 profert
633 3302 661 3354 in
685 3301 781 3363 lucem,
803 3309 917 3381 quatuor
977 3317 1053 3353 erens
1077 3301 1113 3354 sit
1136 3300 1257 3354 victimas
1286 3300 1346 3353 Diis
1370 3304 1491 3382 immola·

347 3382 419 3432 ποετ
436 3373 529 3441 viginti
545 3371 627 3424 libros
642 3370 670 3422 in
688 3369 865 3439 Evangehum
882 3369 916 3423 ab
966 3377 1006 3422 tes
1037 3368 1186 3440 degustare,
1217 3378 1243 3423 et
1407 3389 1491 3426 onum

394 3443 439 3494 illo
459 3441 623 3508 conscriptos
642 3456 699 3491 esse
720 3448 857 3500 memorat,
876 3438 917 3507 ip·
965 3446 1084 3507 tempore
1108 3440 1216 3492 licenter
1241 3437 1321 3491 fiem
1350 3440 1490 3511 abnegare.

393 3510 645 3632 pffloepm
661 3507 917 3656 blffllltliss
966 3507 1491 3650 megpoepssoffisqpffi

394 3649 538 3700 nonnullos
567 3646 614 3716 qui
644 3662 783 3714 nunquam
813 3646 916 3698 extitis·
967 3646 1005 3698 nii
1033 3664 1095 3699 eum
1124 3645 1239 3699 indicere
1269 3647 1391 3701 affirmat.
1437 3648 1491 3702 His

347 3735 382 3793 25
394 3724 468 3768 sent:
485 3717 571 3786 iisque
593 3714 705 3768 barbare
725 3714 848 3784 quaedam
867 3731 916 3767 no-
966 3715 1077 3794 aliisque
1096 3716 1227 3768 similibus
1252 3714 1285 3768 de
1309 3716 1425 3770 Basilide
1450 3734 1491 3770 re·

393 3785 465 3837 mina
489 3785 656 3854 imposuisse,
673 3782 714 3863 'ad
736 3782 916 3865 percellendos
966 3785 1082 3863 oeusstis,
1102 3784 1279 3864 supradictus⁸
1297 3785 1409 3853 scn'ptor
1434 3783 1490 3838 hae-

393 3871 484 3906 eorum
503 3855 615 3915 animos,
634 3870 680 3922 qui
698 3851 853 3922 hujusmodi
874 3870 915 3905 re·
966 3869 1031 3905 resis
1051 3853 1133 3923 hujus
1152 3870 1253 3906 errores
1272 3870 1301 3905 ιιι
1321 3854 1409 3908 lucem
1427 3871 1489 3923 pro·

393 3939 453 3975 rum
477 3922 650 3976 admiratione
674 3922 824 3989 cupiuntur.
869 3921 916 3974 Ait
965 3920 1376 3990 tmctosvalidissimecoarguit.

751 4090 1115 4131 .---*-——

799 4232 848 4294 De
865 4231 964 4293 eodone
981 4232 1084 4313 Opere.

344 4386 383 4443 30
428 4368 456 4422 S.
473 4368 653 4438 Hieronymus
671 4368 699 4420 in
720 4365 779 4420 Lib.
799 4365 842 4418 De
862 4366 932 4418 Viris
953 4366 1053 4418 illustr.
1074 4364 1120 4418 ubi
1139 4382 1228 4434 supra,
1250 4366 1282 4418 iis
1306 4383 1367 4436 quae
1384 4367 1489 4437 scripsit

393 4468 534 4530 Eusebius,
553 4466 604 4520 hoc
622 4467 711 4521 addit:
732 4460 894 4518 Enumemt
906 4467 1049 4536 (Agrippa)
1068 4471 1098 4518 et
1121 4460 1218 4517 Deum
1245 4461 1402 4518 maximum
1427 4462 1488 4537 ejus

392 4564 541 4634 (Basilidis)
562 4558 705 4626 Abraxas,
726 4562 776 4637 qui
804 4562 886 4637 quusi
908 4581 1016 4618 sunum
1038 4562 1190 4620 continens
1219 4566 1280 4639 (lor.
1299 4569 1438 4640 continet),
1462 4565 1487 4623 si

389 4658 475 4733 juxta
489 4661 657 4720 Graecorum
672 4683 826 4723 numerum
839 4676 1025 4744 supputetur.
