3809 5650
438 676 503 739 314
763 678 1012 755 RELIQUIAE
1039 679 1216 742 SACRAE.

438 846 574 926 ἔννοιαν
601 845 721 952 φόβου
749 852 845 927 Θεοῦ
872 847 1033 951 σχόντες·
1063 849 1163 927 ἀλλὰ
1188 853 1247 927 καὶ
1272 849 1330 929 διὰ
1357 855 1420 948 τῆς
1447 854 1537 931 ἀνα·
1637 880 1645 892 ·

438 985 604 1086 στροφῆς
622 982 739 1060 αὐτῶν
756 988 1065 1088 βλασφημοῦντες
1089 981 1156 1082 τὴν
1179 982 1276 1062 ὁδόν·
1303 987 1489 1066 τουτέστιν
1507 994 1542 1066 οἱ

439 1119 507 1194 νίοὶ
533 1119 597 1213 τῆς
625 1117 818 1199 ἀπωλείας.
851 1122 884 1195 οἱ
912 1114 950 1195 δέ
977 1120 1099 1196 λοιποὶ
1129 1115 1261 1201 πάντες
1289 1124 1335 1222 τῇ
1364 1121 1543 1225 ἐκκλησίᾳ

437 1251 724 1353 προσετέθησαν·
757 1247 806 1330 ὧν
836 1255 895 1330 καὶ
926 1248 1198 1353 ἀνεταᾷτμένων,
1225 1252 1457 1358 Ἀλέξανδρός
1485 1288 1541 1340 τις

439 1383 546 1491 Φρὺξ
561 1384 626 1484 μέν
650 1384 692 1465 τὸ
717 1384 829 1487 γένος,
848 1383 968 1487 ἰατρὸς
992 1383 1030 1463 δέ
1054 1382 1120 1484 τὴν
1141 1384 1356 1486 ἐπιστήμην·
1384 1397 1540 1474 πολλοῖς
1550 1430 1569 1488 5

437 1517 553 1598 έτεσιν
571 1521 609 1598 ἐν
626 1525 703 1603 ταῖς
722 1520 898 1603 Γαλλίαις
917 1520 1119 1625 διατρίψας,
1137 1523 1197 1598 καὶ
1222 1522 1386 1620 γνωστὸς
1404 1520 1540 1627 σχεδὸν

436 1660 530 1733 πᾶσι
557 1653 616 1734 διὰ
644 1652 709 1753 τὴν
736 1651 827 1758 πρὸς
854 1654 917 1733 τὸν
950 1650 1046 1731 Θεὸν
1072 1650 1217 1754 ἀγάπην
1244 1657 1301 1731 καὶ
1332 1655 1540 1757 παρῤησίαν

436 1798 500 1869 τοῦ
518 1788 645 1890 λόγον·
673 1789 717 1890 ἦν
735 1789 807 1893 γὰρ
825 1793 882 1870 καὶ
901 1790 966 1869 οὐκ
984 1789 1129 1890 ἄμοιρος
1147 1789 1392 1867 ἀποστολικοῡ
1405 1791 1538 1892 χαρίσ-

436 1953 559 2020 ματος·
589 1923 779 2026 παρεστὼς
805 1929 856 2029 τῷ
883 1921 1034 2022 βήματι,
1066 1926 1124 2000 καὶ
1155 1923 1299 2020 νεύματι
1325 1924 1538 2027 προτρέπων

436 2055 564 2140 αὐτοὺς
580 2055 671 2160 πρὸς
689 2055 755 2155 τὴν
779 2057 988 2156 ὁμολογίαν,
1008 2055 1160 2161 φανερὸς
1177 2054 1222 2154 ἦν
1246 2062 1319 2139 τοῖς
1341 2056 1534 2160 περιεστή-
1549 2097 1589 2136 10

436 2187 520 2268 κόσι
548 2188 589 2268 τὸ
620 2194 723 2287 βῆμα
749 2186 874 2293 ὥσπερ
900 2193 1064 2269 ὠδίνωνῖ.
1103 2189 1474 2291 ἀγανακτήσαντεςδέ
1503 2197 1536 2270 οἱ

437 2323 541 2426 ὄχλοι
559 2325 617 2401 ε’πὶ
634 2328 686 2428 τῷ
703 2320 785 2406 τοὺς
803 2322 978 2427 πρότερον
991 2325 1205 2428 ἡρνημένους
1220 2326 1320 2409 αὖθις
1335 2327 1534 2425 ὁμολογεῖν,

435 2456 664 2557 κατεβόησαν
682 2466 746 2537 τοῦ
765 2459 1023 2565 Ἀλεξάνδρου,
1043 2462 1091 2543 ὡς
1109 2460 1241 2539 έκείνον
1258 2468 1363 2538 τοῦτο
1387 2467 1531 2539 ποιοῦν·

435 2625 508 2676 τος.
545 2594 603 2670 καὶ
629 2591 892 2692 ἐπιστήσαντος
919 2603 983 2673 τοῦ
1011 2594 1183 2697 ἡγεμόνος
1209 2597 1268 2673 καὶ
1296 2590 1536 2678 ἀνετόσαντος

435 2723 544 2804 αὐτὸν
571 2724 610 2809 ὅς
637 2759 691 2810 τις
718 2727 782 2826 εἴη·
809 2735 874 2806 τοῦ
898 2725 936 2806 δέ
955 2726 1142 2832 φήσαντος
1168 2727 1223 2806 ὅτι
1245 2723 1474 2831 Χριστιανός,
1497 2730 1583 2820 ἐνι5

436 2863 527 2967 ὀργῇ
552 2861 749 2965 γενόμενος,
775 2861 975 2965 κατέκρινεν
1002 2861 1111 2941 αὐτὸν
1137 2861 1227 2965 πρὸς
1254 2864 1369 2965 θηρία·
1403 2865 1461 2941 καὶ
1489 2868 1535 2967 τῇ

434 2998 584 3102 έπιούοη
610 3000 758 3095 εἰσῆλθε
786 2996 878 3093 μετὰ
901 2999 959 3077 καὶ
985 2993 1178 3075 Ἀττάλου.
1206 2998 1265 3074 καὶ
1289 2995 1360 3098 γὰρ
1384 2998 1443 3074 καὶ
1471 2992 1535 3075 τὸν

434 3243 536 3282 sensus
564 3222 677 3280 timoris
712 3222 767 3279 Dei
803 3222 960 3298 impressus
1010 3220 1122 3279 cunctis
1160 3220 1212 3297 qui
1250 3220 1379 3277 tribunal
1418 3221 1533 3278 circun-

435 3322 562 3379 unquam
582 3302 727 3360 insederat
739 3328 747 3373 3
775 3299 827 3358 filii
849 3300 960 3358 scilieet
1010 3299 1127 3366 dabant,
1145 3310 1283 3377 tanquam
1325 3300 1469 3358 arturiene
1489 3299 1533 3357 vi-

435 3380 616 3461 perditionis‚
653 3382 704 3457 qui
740 3401 793 3439 sua
830 3380 958 3458 ipsorum
1010 3379 1142 3437 debetur.
1197 3379 1241 3437 At
1272 3320 1377 3456 vuYgus
1411 3378 1584 3440 molestezo

433 3460 652 3520 conversatione
675 3460 845 3539 religionem
872 3478 959 3535 quam
1009 3459 1106 3517 ferens
1137 3458 1216 3535 quod
1246 3460 1298 3535 qui
1330 3470 1415 3517 antea
1447 3458 1533 3517 fidem

434 3540 645 3619 profitebantur
659 3540 878 3598 infamaverunt.
900 3538 959 3596 Ve·
1010 3549 1196 3616 negaverant,
1228 3538 1348 3596 eandem
1385 3540 1422 3596 de
1456 3539 1533 3598 inte·

434 3640 499 3677 rum
543 3620 632 3676 ceteri
671 3639 771 3677 omnes
811 3618 959 3695 aggregati
1008 3638 1061 3695 gro
1070 3618 1431 3686 confiterentur,adversus
1440 3617 1533 3675 Alex.

433 3709 503 3757 sunt
521 3696 658 3757 ecclesiae.
701 3699 748 3756 De
768 3699 957 3776 quibuscum
1009 3698 1131 3755 andrum
1166 3709 1304 3775 tanquam
1342 3698 1431 3774 hujus
1464 3697 1534 3756 faci-

433 3779 556 3856 quaestio
589 3779 753 3846 haberetur,
789 3776 958 3836 Alexander
1008 3778 1087 3835 noris
1106 3789 1253 3836 auctorem
1275 3778 1453 3837 conclamare
1475 3798 1532 3836 ooe-
1544 3798 1581 3857 25

432 3858 550 3937 quidam
589 3861 706 3918 natione
742 3859 852 3937 Phryx,
890 3876 957 3932 pro·
1007 3856 1060 3933 pit.
1125 3858 1242 3915 Instans
1287 3855 1367 3915 illico
1410 3858 1532 3928 Praeses,

432 3938 558 3998 sessione
601 3940 738 4005 medicus,
773 3940 824 4017 qui
858 3937 958 4017 plures
1007 3936 1194 4015 interrogavit
1221 3937 1367 3995 hominem
1400 3938 1532 4014 quisnam

429 4019 490 4095 jam
523 4039 614 4078 annos
639 4031 769 4078 moratus
797 4019 893 4077 fuerat
926 4017 957 4074 in
1007 4030 1091 4077 esset.
1134 4018 1195 4089 Qui
1230 4037 1296 4075 cum
1333 4017 1531 4076 Christianum

434 4098 559 4157 Galliis:
613 4100 657 4157 vir
691 4100 825 4157 omuibus
862 4098 955 4156 notis·
1007 4116 1037 4155 se
1069 4117 1131 4157 esse
1158 4097 1287 4165 dixisset,
1319 4098 1411 4156 iratus
1438 4096 1532 4173 judex

432 4178 523 4236 simus
547 4181 584 4238 ob
608 4199 734 4237 amorem
758 4179 816 4237 Dei
838 4187 869 4235 et
893 4177 957 4236 exi·
1006 4198 1073 4236 eum
1088 4177 1125 4236 ad
1136 4178 1242 4236 bestias
1252 4177 1409 4235 damnavit.
1447 4180 1530 4235 Post·
1541 4197 1582 4253 30

432 4257 570 4315 miamin
593 4256 956 4336 proedioendafideliber·
1007 4258 1080 4317 ridie
1115 4257 1206 4335 igitur
1237 4277 1296 4314 una
1326 4278 1392 4315 eum
1428 4257 1532 4316 Attalo

432 4347 523 4395 tatem
541 4339 663 4417 (quippe
678 4336 843 4415 apostolice
856 4337 956 4414 grntiae
1007 4337 1153 4416 ingressus
1186 4349 1239 4397 est.
1283 4338 1359 4395 Nam
1393 4348 1424 4395 et
1453 4338 1532 4396 hunc

432 4415 552 4475 minime
578 4437 682 4496 expers
712 4420 789 4494 erat)
818 4415 957 4475 tribunali
1008 4418 1129 4484 Proeses,
1155 4416 1310 4495 gratificari
1334 4416 1444 4497 populo
1468 4427 1530 4475 stu·

432 4493 583 4564 adsistens,
618 4516 682 4555 cum
718 4496 784 4554 illos
818 4496 854 4555 ad
889 4496 957 4555 fidei
1007 4496 1088 4567 dens,
1119 4497 1220 4555 bestiis
1254 4517 1369 4556 rursum
1403 4494 1532 4554 tradide-

432 4575 641 4633 confessionem
652 4576 772 4635 nutibus
781 4576 956 4641 hortaretur.
1006 4588 1060 4636 rat.
1103 4577 1200 4636 Ambo
1220 4577 1319 4655 itaque
1344 4597 1410 4635 cum
1435 4575 1532 4633 omnia
1539 4596 1556 4653 3
1561 4596 1579 4653 5

888 4739 902 4776 (Ι
915 4728 970 4777 Gnl.
982 4730 1014 4777 iv.
1030 4744 1065 4794 19.
