3809 5650
395 676 461 737 224
766 669 1118 736 ANNOTATlONES

395 840 594 915 vestimenta,
621 846 655 903 et
684 838 886 922 supellectile,
912 838 1037 922 quoties
1066 837 1178 920 polluti
1208 844 1324 913 essent,
1349 837 1429 900 adeo
1459 843 1495 900 ut

394 940 676 1020 Ἥμεροβαπτιστής
694 938 777 1000 idem
796 938 848 1013 sit,
865 937 918 1021 qui
934 937 1087 1001 Rabbinis
1106 948 1163 1007 nt*
1185 907 1282 1008 law)
1298 946 1441 1012 vocatur,
1458 959 1498 1000 eo

397 1042 448 1105 die
462 1041 644 1125 tingendus,
654 1061 717 1123 quo
732 1039 850 1102 scilieet
862 1038 974 1102 luisset
987 1039 1134 1124 pollutus.
1166 1040 1229 1103 Sed
1242 1040 1356 1103 viderit
1365 1039 1412 1102 vir
1423 1040 1497 1102 doc·

395 1143 546 1218 tissimus,
562 1164 605 1205 an
616 1140 782 1204 verisimile
793 1141 845 1213 sit,
858 1148 895 1204 nt
906 1140 985 1225 legis
998 1142 1152 1205 Mosaicoe
1167 1142 1389 1205 observatores
1399 1162 1495 1224 prop·

396 1251 485 1307 terea
502 1251 589 1307 secta
611 1243 718 1326 aliqua
737 1241 1005 1318 existimarentur,
1022 1255 1079 1306 aut
1099 1243 1180 1306 tales
1203 1264 1272 1305 esse
1294 1264 1314 1304 a
1336 1262 1496 1325 quoquam

395 1343 603 1428 fingerentur,
619 1345 705 1418 dum,
722 1350 758 1406 ut
780 1343 930 1427 opinatur
950 1342 1012 1419 illc,
1028 1344 1115 1406 nulla
1131 1366 1166 1406 re
1187 1367 1207 1407 a
1229 1344 1354 1408 eaemns
1372 1342 1395 1404 J
1398 1342 1497 1405 udaeis

397 1445 630 1527 discrepabant.
676 1445 734 1507 Ait
750 1444 877 1528 quidem
897 1445 1093 1527 Epiphanius
1109 1445 1196 1507 Hoer.
1213 1466 1265 1507 xx.
1281 1466 1367 1507 num.
1382 1465 1413 1530 3.
1429 1443 1497 1506 nul-

396 1545 444 1608 los
466 1546 661 1629 temporibus
684 1546 748 1609 suis
770 1546 962 1630 superfuisse
985 1546 1296 1630 Hemerobaptistas,
1314 1547 1398 1608 unde
1419 1545 1497 1607 illud

397 1654 569 1724 constaret,
585 1668 657 1710 eum
672 1647 780 1731 priora
800 1647 943 1710 hausisse
958 1669 998 1710 ex
1015 1646 1104 1711 libris
1123 1655 1273 1722 tantnm;
1297 1669 1405 1711 verum
1427 1646 1497 1730 plns

397 1747 492 1810 semel
508 1754 541 1810 ct
556 1747 631 1810 alibi
647 1748 766 1810 diserte
779 1747 831 1810 ille
845 1746 953 1822 refert,
970 1747 1050 1810 istos
1070 1747 1237 1810 haereticos
1253 1747 1404 1823 docuisse,
1421 1768 1494 1831 pen·

397 1849 472 1912 dere
487 1849 588 1932 ipsam
603 1857 756 1912 aeternam
772 1848 907 1912 salutem
923 1871 963 1911 ex
978 1849 1193 1913 ablutionibus
1207 1849 1273 1912 suis
1288 1849 1496 1933 quotidianis3

397 1951 541 2014 similit-er
555 1972 594 2013 ac
609 1972 733 2034 semper
747 1957 930 2013 statuerunt
952 1950 1023 2013 ludi
1044 1950 1225 2026 orientales,
1239 1972 1331 2035 aquae
1346 1950 1375 2014 vi
1391 1951 1497 2014 divina

397 2051 537 2115 animum
561 2051 700 2135 pnrgari,
722 2057 755 2114 et
777 2051 933 2135 hodieque
956 2060 1031 2114 sunt
1052 2052 1341 2136 hemerobaptistae.
1388 2054 1435 2116 Et
1457 2074 1497 2116 ex

399 2173 446 2225 eo,
463 2153 547 2234 quod
570 2159 693 2215 vetares
717 2151 1010 2235 Hemerobaptistoe
1032 2175 1152 2216 morem
1175 2176 1267 2217 suum
1288 2161 1386 2238 atque
1408 2154 1497 2219 insti-

399 2254 505 2312 tutum
527 2249 659 2311 nimium
690 2250 889 2325 extollerent,
919 2250 1040 2313 factum
1063 2273 1131 2314 esse
1147 2252 1270 2336 opinor,
1293 2264 1331 2315 ut
1352 2274 1373 2315 a
1395 2273 1496 2335 popu-

399 2349 518 2414 laribus
542 2351 616 2427 suis,
633 2351 686 2435 qui
709 2351 779 2434 ipsi,
803 2358 886 2414 teste
909 2351 1116 2425 Tertulliano,
1133 2353 1170 2416 de
1192 2354 1278 2416 Orat.
1294 2375 1321 2416 c.
1338 2375 1385 2431 14.
1401 2360 1435 2416 et
1457 2353 1498 2416 de

399 2453 558 2536 Baptiarw
579 2474 606 2515 c.
635 2467 679 2535 15.
704 2452 847 2515 membra
869 2475 927 2516 sna
948 2453 1091 2536 quotidie
1114 2454 1269 2531 lavarent,
1291 2463 1379 2518 secta
1401 2455 1497 2518 habe-

398 2560 519 2617 rentur.
564 2553 677 2628 Porro,
695 2560 731 2617 ut
746 2556 769 2616 J
772 2554 896 2617 ustinus
913 2555 1041 2638 Martyr
1059 2555 1091 2618 in
1106 2556 1237 2640 Diolopo
1253 2578 1320 2619 cum
1342 2556 1498 2640 Tryphone

400 2654 566 2739 Baptistas
588 2677 651 2717 nna
671 2676 742 2717 cum
765 2655 834 2719 aliis
849 2655 873 2717 J
875 2657 996 2719 udaieis
1015 2656 1109 2721 sectis
1127 2657 1395 2731 commemoravit,
1411 2679 1497 2720 num.

401 2758 451 2821 80.
468 2757 514 2819 ita
535 2756 836 2842 Hemerobaptistas
852 2758 1026 2822 nominavit
1043 2760 1166 2823 Auctor
1183 2761 1306 2822 Con-stit.
1322 2762 1427 2844 Apcct.
1443 2758 1497 2821 lib.

400 2859 440 2923 vi.
458 2882 486 2923 c.
503 2861 532 2922 6.
578 2860 629 2921 Ut
643 2860 685 2921 ab
701 2859 750 2922 his
764 2860 936 2944 gentilibus
951 2860 1016 2924 suis
1028 2859 1188 2925 Ebionitoe
1203 2863 1365 2946 proprium
1379 2883 1499 2925 morem

400 2962 594 3045 quotidianae
616 2961 822 3038 lustrationis,
847 2985 941 3045 quem
965 2971 1142 3027 memorant
1168 2972 1325 3037 auctores,
1341 2964 1499 3048 accepisse

399 3062 578 3125 rideantur.
622 3062 731 3125 Adisis
752 3084 822 3147 quae
845 3063 991 3126 attulisse
1012 3086 1095 3127 nunc
1118 3064 1208 3128 video
1230 3065 1268 3127 cl.
1285 3064 1499 3127 Mosheminm

400 3162 440 3224 de
463 3162 754 3246 Hemerobaptistis
776 3162 808 3224 in
833 3164 946 3227 Corum.
968 3164 1018 3226 De
1040 3162 1141 3227 mdccc
1163 3164 1407 3228 Christianorum
1430 3173 1499 3227 acte

403 3262 629 3325 Ommatium
645 3265 694 3325 M.
712 3264 836 3349 Proleg.
853 3285 878 3326 c.
894 3283 921 3326 2.
939 3265 969 3344 ξ.
985 3264 1027 3325 ix.
1043 3285 1073 3347 p.
1085 3284 1137 3347 43.

446 3365 482 3425 P.
497 3382 568 3444 207.
584 3364 605 3425 l.
619 3384 648 3445 9.
675 3365 891 3447 Μασβωθαῖοι]
915 3364 954 3425 ln
973 3364 1077 3427 tribus
1096 3366 1213 3430 nostris
1235 3366 1395 3429 codicibus
1412 3368 1498 3429 Maz.

400 3464 489 3525 Med.
505 3471 539 3525 et
563 3462 645 3525 Fuk.
661 3463 778 3546 legitur
793 3467 982 3542 Μασβῶθεοι
1005 3473 1139 3529 accentu
1162 3467 1193 3528 in
1216 3464 1498 3549 antepenultimam

399 3562 552 3645 syllabam
568 3566 696 3644 rejecto.
736 3564 776 3624 ln
792 3564 928 3627 indiculo
945 3565 1132 3648 Hieronymi
1150 3567 1318 3630 Marbonei
1333 3565 1498 3637 dicuntum

399 3663 485 3745 apud
507 3662 661 3724 Isidorum
678 3685 751 3725 vcro
776 3665 954 3728 Morbonei.
1000 3667 1149 3730 (letarum
1172 3667 1204 3728 hi
1229 3663 1413 3728 Masbothei
1437 3663 1498 3726 dis-

401 3762 565 3847 tinguendi
581 3772 656 3825 sunt
675 3764 717 3825 ab
733 3764 793 3828 illis
808 3787 941 3848 quorum
962 3767 1058 3851 paulo
1077 3775 1153 3830 ante
1174 3766 1317 3828 meminit
1338 3764 1496 3848 Hegesip·

401 3887 469 3950 pus.
518 3864 563 3927 lli
589 3865 671 3927 enim
696 3875 788 3929 crant
811 3889 850 3930 ex
873 3875 995 3952 septem
1026 3867 1122 3931 sectis
1144 3866 1274 3930 Judai'ci
1298 3867 1405 3951 populi
1429 3888 1499 3949 quae

402 3967 486 4030 eirca
508 3965 630 4030 Christi
653 3974 798 4051 tempora
819 3976 940 4032 exortae
961 3978 1044 4033 sunt.
1092 3970 1143 4032 Illi
1159 3991 1233 4032 vero
1247 3991 1286 4032 cx
1302 3978 1424 4052 septem
1439 3968 1500 4030 illis

401 4067 426 4131 J
427 4070 589 4132 ndaeorum
610 4070 705 4134 sectis
723 4072 889 4155 propagati
909 4079 993 4147 sunt,
1010 4071 1140 4155 perinde
1155 4093 1192 4134 ac
1209 4070 1391 4146 Simoniani,
1408 4069 1500 4132 Dosi-

402 4171 510 4235 theani
531 4180 629 4256 atque
644 4173 809 4236 Gortheni.
826 4173 903 4253 (vid.
920 4195 950 4256 p.
966 4175 1052 4252 216.)
1100 4172 1184 4235 Mihi
1205 4172 1331 4256 quidem
1352 4172 1499 4234 mendum

402 4273 531 4337 subesse
546 4274 671 4338 videtur
690 4274 722 4336 in
743 4274 899 4338 alterutro
921 4274 1097 4358 Hegesippi
1112 4275 1190 4336 loco.
1237 4274 1334 4357 Apud
1351 4272 1500 4334 Rufinum

404 4376 589 4438 Masbuthei
618 4376 767 4438 dicuntur
791 4375 834 4438 illi
865 4376 948 4439 inter
974 4366 1131 4438 Judalcas
1157 4381 1260 4437 sectas
1287 4382 1402 4458 quarto
1431 4372 1500 4435 loco

401 4476 569 4540 numerati.
614 4476 681 4538 Alii
698 4498 771 4539 vero
786 4498 826 4538 ex
841 4475 902 4538 illis
917 4476 1065 4559 prognati
1082 4475 1177 4538 sectis
1197 4475 1346 4538 dicuntur
1368 4472 1500 4535 Masbu-

403 4576 521 4639 theani.
549 4576 602 4637 Sic
617 4576 700 4637 enim
715 4576 865 4639 scribitur
880 4576 911 4638 in
928 4577 1051 4660 optimo
1066 4576 1174 4638 codice
1192 4573 1378 4638 l'arisiensis
1394 4572 1501 4634 Eccle-

403 4676 467 4740 siae.
514 4679 527 4754 (
537 4676 631 4759 Valeo
652 4677 870 4749 Masbutheni,
887 4685 921 4740 et
939 4680 1017 4741 MS.
1036 4675 1111 4741 coll.
1127 4677 1238 4760 Mapd.
1258 4677 1349 4740 Orco.
1369 4674 1498 4736 Masbu-
