3809 5650
445 689 494 754 IN
516 691 656 756 EPIST.
682 692 899 758 VIENNEN.
925 695 982 758 ET
1007 692 1271 759 LUGDUNEN.
1350 694 1411 756 841

316 854 350 918 S.
361 855 475 920 Felicis
489 859 531 921 nd
546 859 665 923 calcem
677 860 840 926 Lectuntii
855 862 895 925 de
908 862 1065 926 mortibus
1078 861 1320 925 Persecutorum
1337 859 1413 923 edit.

316 955 419 1019 Oxon.
436 967 470 1023 et
489 960 521 1022 in
542 960 694 1025 Passieno
716 962 863 1037 Theraei,
881 963 989 1037 Probi,
1007 971 1040 1027 et
1057 962 1230 1026 Andronici
1252 962 1338 1047 apud
1352 961 1414 1026 Bn-

315 1059 439 1122 ronium
455 1061 496 1124 cd
511 1082 583 1125 ann.
602 1083 673 1144 290.
694 1085 724 1127 n.
742 1081 772 1140 s,
790 1078 818 1145 7,
835 1085 865 1147 9.
890 1064 947 1126 W.
966 1064 1094 1130 Lowrn.
1142 1064 1196 1129 Ad
1211 1063 1346 1148 quaesite
1361 1063 1415 1127 illc

316 1161 401 1243 quod
416 1163 543 1239 attinet,
558 1164 653 1227 moris
664 1164 736 1241 luit,
749 1173 786 1229 ut
797 1167 837 1229 de
848 1166 995 1230 omnibus
1010 1167 1094 1230 hisco
1105 1167 1201 1230 rebus
1210 1166 1311 1252 judex
1326 1188 1415 1229 reum
1463 1251 1466 1257 Ι

316 1260 539 1349 interrogaret.
586 1267 666 1330 Mox
682 1270 854 1348 ἐρωτώμενα
874 1290 933 1353 pro
954 1271 1166 1350 ἐπερωτώμενα
1181 1269 1258 1333 MS.
1273 1268 1414 1353 Norsolc.

361 1365 399 1427 P.
414 1384 490 1450 303.
506 1366 528 1428 l.
544 1385 575 1450 5.
591 1369 740 1453 οὐρανίου]
757 1372 933 1450 ἐπουρανίου
946 1370 992 1434 cd.
1010 1370 1110 1455 Slcpd.
1128 1370 1258 1434 Smom.
1304 1370 1368 1435 Sed
1382 1370 1416 1434 in

316 1467 481 1551 exemplari
496 1468 697 1554 Scaligerano
710 1472 852 1534 editionis
866 1471 912 1536 od.
925 1472 1028 1553 Stepl.
1040 1473 1121 1558 qood
1132 1473 1167 1535 ic
1178 1472 1328 1537 Biblioth.
1346 1472 1416 1536 Lei-

317 1568 405 1632 densl
422 1579 512 1647 estol,
527 1593 585 1655 per
599 1572 713 1635 lineum
729 1573 840 1636 subter
854 1574 983 1637 ductum
998 1574 1082 1638 idem
1097 1574 1296 1658 reprobatur.
1335 1573 1416 1638 Post

317 1673 411 1748 πηγῆς
426 1673 477 1748 τῆς
491 1672 614 1737 addunt
628 1674 703 1737 MS.
714 1673 853 1757 Norsolc.
870 1681 904 1739 et
920 1674 1126 1760 Nicephorus.
1140 1676 1187 1760 καὶ
1200 1682 1276 1739 ente
1291 1676 1416 1757 στερῤὸς

320 1769 486 1856 Ollislcph.
503 1774 594 1838 Lectt.

363 1875 447 1938 Ibid.
468 1878 488 1940 l.
510 1881 540 1941 6.
562 1880 594 1941 ἐκ
616 1882 667 1957 τῆς
689 1880 807 1964 νηδύος]
833 1879 958 1944 Alludit
979 1881 1022 1944 nd
1048 1902 1116 1965 cap.
1140 1880 1191 1942 vii.
1214 1901 1255 1943 ex
1279 1878 1416 1943 Joennis

318 1978 490 2061 evangelio,
511 1980 544 2043 in
566 2004 628 2065 quo
650 1982 766 2068 legitur
786 1982 936 2046 Flumina
957 1983 993 2046 de
1014 1992 1114 2046 contre
1134 1982 1196 2067 ejus
1208 1984 1308 2066 fluent
1329 2003 1418 2066 aqum

318 2079 407 2142 ciooe.
431 2082 591 2147 Vunnsws.

363 2183 446 2248 Ibid.
469 2183 489 2248 l.
513 2207 544 2266 9.
569 2186 833 2271 συνεσπασμένον]
865 2188 1057 2252 destructum
1078 2196 1105 2250 et
1126 2187 1286 2250 inmercum
1309 2185 1416 2249 malim

317 2293 451 2363 vertere,
468 2309 562 2371 quom
576 2289 754 2353 distractum
769 2299 796 2352 ct
809 2289 970 2385 divulsum,
987 2295 1024 2352 ut
1039 2288 1130 2353 initio
1145 2295 1310 2352 verteram.
1342 2288 1417 2351 Hoc

318 2389 402 2451 enim
423 2398 508 2453 esset
534 2392 765 2471 διεσπασμένον.
811 2393 1022 2456 Contrectum
1049 2399 1157 2455 nutem
1183 2389 1325 2474 intelligo
1349 2411 1417 2473 prae

318 2491 536 2573 magnitudine
551 2499 792 2557 tormentorum.
837 2493 920 2557 Nom
937 2493 1038 2577 quiin
1057 2494 1164 2555 eculeo
1184 2492 1418 2575 torquebuntur

318 2591 544 2667 vehementius,
560 2601 656 2677 caput
672 2594 835 2658 incurvare
850 2594 1056 2679 cogebantur,
1073 2599 1110 2655 ut
1125 2592 1219 2655 docet
1234 2592 1308 2654 Am.
1327 2592 1416 2655 Mur-

319 2691 459 2770 cellinus,
474 2715 545 2756 eum
560 2694 616 2769 nit,
634 2695 681 2758 cel
692 2694 744 2758 sud
758 2695 853 2758 eculeo
868 2705 959 2779 capnt
973 2695 1121 2765 incurvos,
1137 2702 1191 2756 aut
1211 2693 1274 2756 icto
1294 2694 1418 2776 earnifi-

319 2794 363 2858 cie
386 2796 465 2858 torci
488 2795 659 2861 mletrocit.
707 2797 819 2883 Inepte
844 2795 1150 2881 christophorsonus
1176 2803 1359 2859 contractum
1383 2795 1418 2859 in

319 2919 411 2982 νυμον
432 2920 538 2982 colpos
557 2899 787 2985 interpretetus
802 2905 862 2964 est.
887 2901 1047 2961 Vsnnsrns.
1093 2896 1226 2961 Confert
1248 2896 1286 2961 cl.
1302 2896 1416 2960 Heini-

319 3000 411 3076 chen,
439 3001 569 3065 Eusebii
592 3003 698 3067 editor
718 3023 866 3087 nuperus,
887 2999 1115 3086 Xenophontis
1135 2997 1237 3062 Aocb.
1266 3020 1292 3061 1.
1313 3017 1344 3084 5.
1370 3020 1418 3062 10.

320 3104 373 3168 τὰς
388 3103 707 3186 διφθέραν-συνῆγον
724 3106 772 3168 καὶ
787 3108 958 3180 συνεσπῶν,
973 3103 994 3165 i.
1010 3123 1037 3165 θ.
1052 3110 1273 3165 commonent.

365 3204 447 3267 Ibid.
468 3205 489 3268 l.
515 3209 563 3269 16.
584 3213 643 3270 τῶν
667 3206 824 3290 σωμάτων]
853 3204 1061 3269 Scribendum
1085 3202 1211 3266 videtur
1235 3201 1418 3282 τραυμάτων,

320 3313 356 3369 ut
372 3305 449 3391 legit
464 3307 607 3372 Rufinus.
631 3308 794 3371 Vsnnnns.
839 3306 976 3392 Recepit
988 3306 1021 3370 in
1037 3304 1210 3370 Eusebium
1226 3324 1318 3367 suum
1333 3302 1419 3366 Zim-

319 3428 532 3473 mormannus.

364 3511 402 3573 P.
418 3531 492 3595 304.
507 3511 527 3574 l.
555 3533 583 3575 1.
605 3514 695 3577 ὁπότε
714 3513 796 3601 οὐδὲ]
820 3514 911 3577 ὅποτε
934 3517 1009 3594 γοῦν
1032 3510 1100 3575 οὐδὲ
1125 3509 1251 3575 Gndelt'
1271 3509 1364 3573 Lecti.
1385 3514 1420 3573 ct

321 3609 433 3695 Μανρο
454 3613 635 3698 exemplario
655 3614 825 3677 «lonniaci.
849 3613 982 3678 Srscrrr.
1026 3612 1132 3678 Addit
1154 3633 1238 3676 nunc
1257 3611 1420 3677 Burtonus

319 3712 383 3775 eod.
399 3713 508 3777 Paris.
531 3735 554 3778 r.
570 3737 725 3800 meumque
739 3716 776 3779 de
790 3715 988 3779 Fbrmtinis.

365 3814 447 3879 Ibid.
463 3816 483 3880 l.
498 3836 530 3896 4.
545 3817 694 3902 ἀνέκυψε]
712 3817 752 3881 In
772 3819 820 3881 ed.
837 3818 876 3881 R.
893 3817 1005 3901 steph.
1020 3814 1205 3897 ἀνεκάλυψε.
1252 3815 1292 3877 In
1313 3812 1420 3877 codice

322 3915 478 3981 Medicaeo
500 3927 534 3983 ct
555 3920 639 3985 Μαι.
657 3920 739 3984 Fuk.
756 3928 789 3984 et
812 3920 884 3983 Snv.
900 3927 935 3984 et
958 3919 1044 4003 apud
1067 3916 1281 4001 Nicephorum
1305 3914 1421 3999 legitur

321 4019 466 4101 ἀνέκυψε,
481 4043 551 4104 quae
566 4021 772 4104 proculdubio
786 4042 862 4084 vern
876 4020 971 4104 hujus
990 4018 1051 4083 loci
1072 4017 1230 4102 scriptura
1250 4022 1309 4079 est.
1356 4016 1421 4100 Op-

322 4120 452 4204 ponitur
465 4122 549 4185 onim
563 4122 696 4203 ἀνέκυψε
713 4123 761 4185 καὶ
776 4123 935 4203 ἀνωρθώθη
949 4120 1011 4183 illis
1025 4141 1097 4204 quae
1117 4140 1213 4203 supra
1232 4118 1359 4182 dixerat
1378 4119 1419 4183 de

322 4228 393 4286 toto
407 4246 539 4308 corpore
555 4223 664 4288 Sancti
685 4223 810 4287 diaconi
830 4230 996 4287 contrecto
1016 4230 1114 4305 utque
1134 4219 1308 4285 incurvato.
1353 4219 1421 4284 Ite·

321 4345 382 4408 que
397 4325 448 4389 hic
463 4324 549 4389 locus
563 4326 756 4411 superiorem
779 4325 1008 4410 expositionem
1031 4332 1174 4388 nostram
1192 4323 1285 4408 plene
1304 4322 1404 4386 confir

325 4435 405 4491 mat.
422 4427 585 4492 Vnnrsrns.
624 4426 899 4513 Habentssdnlrodes
912 4427 1005 4490 Lectt.
1017 4447 1141 4511 quoque
1158 4427 1256 4488 Vocet.
1268 4429 1302 4488 et
1318 4423 1417 4487 Oloris·

320 4529 398 4614 toph.
418 4538 451 4594 et
470 4531 534 4595 eod.
555 4530 693 4615 Norfole.
716 4530 792 4594 Mc.
814 4528 898 4593 ὅσοι.
919 4535 1018 4613 atque
1039 4529 1154 4611 Μανρο
1175 4525 1356 4611 secumdum
1375 4525 1420 4589 ed.

321 4631 513 4716 Stephquod
525 4633 559 4695 in
568 4633 739 4696 Bodleiano
750 4641 840 4696 estat
876 4630 1012 4695 Et'duos
1022 4626 1422 4711 tantumnodicesllociwu

320 4739 355 4797 et
369 4735 477 4798 Parc.
501 4755 525 4797 1.
541 4736 716 4817 ἀνεκσλνψε
729 4733 878 4799 exhibere
893 4733 1017 4798 notavit
1031 4730 1202 4795 Burtonus.
