3809 5650
765 660 1072 732 PRAEFATIO.
1331 661 1445 729 xxxix

399 886 619 955 cernerem,
653 859 694 938 in
726 859 878 967 quibus
912 858 1009 937 vitae
1041 884 1184 939 eorum
1217 884 1264 937 ac
1296 855 1447 964 scripta

400 994 529 1076 veluti
559 991 701 1102 primis
727 991 848 1073 lineis
877 991 1205 1100 designarentur,
1240 1019 1447 1072 commen-

400 1128 546 1210 tariola
565 1129 757 1237 quaedam
783 1128 912 1237 adjeci
935 1157 986 1209 ex
1013 1126 1055 1208 S.
1073 1127 1321 1235 Hieronymi
1342 1125 1447 1207 libro

399 1263 654 1371 deprompta,
666 1291 792 1370 quem
807 1265 871 1343 De
893 1261 1002 1342 Viris
1015 1263 1253 1343 Illustridus
1268 1262 1446 1371 scripsit;

400 1398 462 1478 vir
493 1424 668 1505 magnus
697 1413 740 1479 et
769 1398 865 1506 ipse,
891 1396 1034 1506 judice
1072 1393 1286 1504 scaligero,
1320 1414 1447 1504 atque

401 1529 584 1612 illustris
633 1532 800 1613 Etenim
822 1545 1000 1627 casum,
1020 1556 1115 1637 quae
1136 1528 1280 1610 utilem
1298 1529 1445 1610 harum

400 1664 614 1745 literarum
648 1666 839 1746 notitiam
874 1665 959 1744 sint
989 1665 1235 1772 praestitura,
1268 1693 1314 1744 ac
1347 1693 1448 1773 prae-

401 1810 513 1880 terea
531 1799 615 1879 fide
629 1826 702 1879 sua
717 1813 760 1879 et
779 1800 1037 1893 auctoritate,
1050 1799 1265 1906 gratiaque
1283 1799 1447 1907 propria

398 1932 674 2040 antiquitatis,
691 1931 917 2041 legentium
935 1933 1122 2013 animum
1138 1931 1306 2012 firment
1321 1944 1447 2040 atque

399 2064 620 2147 oblectent.

456 2199 650 2306 Denique
669 2197 833 2280 confido
852 2199 950 2294 fore,
966 2199 1042 2278 etsi
1060 2199 1257 2308 indignus
1272 2199 1360 2291 sim,
1373 2201 1445 2308 qui

398 2334 443 2414 in
464 2332 644 2414 ecclesiae
656 2361 797 2440 gazam
814 2332 1141 2414 minutissimum
1156 2358 1211 2414 aes
1226 2335 1446 2432 conferam,

399 2482 450 2550 ut
467 2467 534 2548 hic
553 2466 854 2576 qualiscunque
873 2467 989 2549 labor
1012 2496 1129 2549 meus
1155 2467 1268 2548 haud
1287 2467 1446 2549 inutilis

398 2604 454 2685 sit
482 2604 560 2711 piis
584 2616 711 2709 atque
740 2602 918 2683 cordatis
953 2602 1044 2708 veri·
1073 2603 1445 2711 investigatoribus,

399 2734 516 2818 Illud
540 2753 651 2820 certe
679 2766 704 2819 a
730 2738 832 2835 Dec,
852 2766 935 2847 qua
964 2749 1027 2819 est
1055 2738 1345 2836 misericordia,
1364 2741 1447 2819 sin-

398 2902 490 2972 cere
519 2888 562 2955 et
590 2873 712 2955 enixe
740 2903 893 2982 precor,
915 2886 964 2953 ut
989 2872 1145 2955 Christi
1165 2874 1344 2965 ecclesia,
1364 2904 1447 2956 ces-

398 3009 585 3090 santibus
604 3008 761 3116 ubique
784 3008 880 3088 odio
905 3022 1032 3115 atque
1052 3008 1276 3104 discordiis,
1303 3037 1446 3118 pacem

399 3155 445 3223 et
464 3142 677 3224 caritatem
697 3172 721 3224 a
742 3142 900 3252 Spiritu
923 3142 1076 3225 Sancto
1096 3157 1383 3250 consequatur.
