3809 5650
735 706 900 772 Anlsro
924 703 1158 770 PELLAEUS.
1435 703 1478 769 97

450 922 560 987 Celsus
575 922 704 1007 quidam
724 922 757 985 in
773 922 965 1006 Praefatioao
977 942 1034 985 sua
1054 920 1203 985 Varaiom's
1216 918 1396 1004 Daporda'tae

705 1031 793 1115 napa
809 1031 919 1116 Operis
932 1030 1139 1094 Aristoniani.

415 1156 494 1214 lllud
533 1157 700 1235 praeclarum
741 1169 828 1234 atque
865 1156 1052 1216 memorabile
1088 1155 1315 1234 gloriosumque,
1355 1154 1474 1214 Jasonis

375 1251 494 1308 Hebraei
518 1253 675 1310 Christiani
704 1264 733 1312 et
764 1252 877 1331 Papisci
906 1251 1101 1310 Alexandrini
1128 1252 1227 1310 Judaei
1254 1251 1474 1330 disceptationis

348 1347 523 1415 succurrit:
546 1348 660 1407 Judaici
683 1348 777 1407 cordis
798 1348 974 1407 obstinatam
998 1347 1137 1406 duritiem
1162 1348 1288 1406 Hebraea
1311 1348 1472 1407 monitione

374 1462 407 1499 ac
420 1442 478 1500 leni
494 1444 690 1522 increpatione
709 1444 871 1513 mollitam;
892 1443 1042 1501 victricem
1061 1444 1090 1500 in
1115 1443 1231 1522 Papisci
1251 1443 1337 1502 corde
1354 1443 1473 1503 Jasouis

374 1538 410 1596 de
433 1539 559 1618 Spiritus
581 1541 679 1599 Sancti
699 1539 847 1600 infusione
868 1539 1039 1597 doctrinam.
1083 1539 1151 1610 Qua
1173 1540 1313 1619 Papiscus
1333 1540 1369 1598 ad
1387 1539 1474 1600 iutel-

374 1635 482 1693 lectum
507 1637 637 1695 veritatis
659 1636 810 1700 admissus,
836 1646 866 1694 et
894 1635 931 1693 ad
959 1635 1093 1693 timorem
1116 1637 1238 1694 Domini
1262 1638 1326 1717 ipso
1348 1640 1475 1697 Domino

374 1731 529 1791 miserante
552 1734 703 1799 formatus,
729 1744 759 1791 et
783 1733 814 1789 in
841 1732 944 1790 Jcsum
968 1730 1118 1789 Christum
1138 1732 1249 1791 Filium
1270 1735 1329 1792 Dei
1348 1735 1472 1795 credidit

330 1838 404 1886 roet
418 1840 452 1886 ut
466 1829 645 1905 signaculum
660 1840 796 1896 sumeret,
811 1827 984 1905 deprecatus
996 1827 1133 1887 Jasoncm
1148 1829 1318 1908 postulavit.
1362 1831 1472 1892 Probat

374 1923 429 1981 hoc
449 1924 593 2002 scriptura
612 1923 847 1983 Concertationis
867 1922 1008 2000 ipsorum,
1031 1942 1095 1999 quae
1120 1924 1320 1984 collidentium
1343 1927 1420 1986 inter
1443 1948 1474 1988 se

375 2018 485 2094 Papisci
500 2019 679 2083 adversantis
694 2019 820 2087 veritati,
836 2029 866 2077 et
880 2018 998 2077 Jasouis
1014 2020 1169 2078 asserentis
1183 2031 1213 2079 et
1224 2021 1399 2082 vindicantis
1413 2023 1473 2084 dis.

375 2116 547 2193 positionem
563 2127 593 2175 et
614 2116 827 2195 plenitudinem
848 2114 968 2181 Christi,
985 2115 1081 2173 Graeci
1095 2117 1236 2176 sermonis
1252 2138 1339 2197 opere
1360 2121 1474 2199 signata

374 2221 429 2269 est.
480 2216 561 2272 Extat
582 2218 640 2290 ipss
658 2217 781 2274 Praet'atio
798 2215 833 2271 ad
852 2215 950 2270 calcem
971 2215 1082 2286 θροηηι
1103 2216 1133 2271 S.
1149 2215 1276 2290 Cypriani
1293 2236 1355 2291 pag.
1368 2237 1412 2292 3¹·
1431 2220 1473 2278 ed.

332 2325 341 2362 r
350 2304 448 2384 5Felli.
