3809 5650
301 745 303 748 -
412 703 477 764 350
773 700 1154 763 ANNOTATIONES

412 869 543 933 athletae
566 876 670 932 sortes
692 891 710 932 e
734 869 816 933 cista
838 870 1026 934 educebant.
1073 868 1196 949 Quibus
1218 867 1258 930 A.
1282 869 1474 943 obvenisset,
1499 871 1521 933 il

411 970 496 1035 inter
515 993 549 1034 se
564 969 847 1035 committebantur
867 971 970 1055 primo
990 971 1058 1034 loco
1077 970 1258 1055 pugnaturi.
1305 971 1451 1054 Eratque
1466 972 1519 1035 hic

410 1079 525 1151 πρῶτος
550 1075 666 1151 κλῆρος.
711 1070 864 1136 Similiter
884 1072 937 1156 qui
958 1073 1084 1137 literam
1105 1073 1142 1136 B.
1158 1071 1353 1147 eduxissent,
1377 1074 1518 1137 secundo

410 1171 478 1234 loco
492 1172 578 1236 inter
592 1194 627 1235 se
641 1172 821 1236 certabant.
869 1175 924 1237 Ita
939 1186 1056 1239 sorsat
1071 1196 1152 1237 urna
1171 1194 1262 1236 suum
1278 1173 1390 1257 cuique
1404 1175 1517 1239 adver·

410 1273 528 1337 sarium
554 1275 754 1359 adsignabat.
803 1277 836 1338 ls
860 1275 912 1357 qui
939 1275 1155 1339 adversarium
1180 1296 1272 1337 suum
1296 1274 1425 1351 vicerat,
1452 1298 1518 1338 non

410 1376 520 1439 statim
535 1376 758 1439 coronabatur.
804 1375 867 1438 Sed
882 1395 954 1440 cum
975 1377 1045 1441 aliis
1062 1377 1114 1461 qui
1134 1375 1333 1439 adversarios
1348 1376 1425 1440 item
1442 1398 1518 1439 suos

408 1477 559 1551 vicerant,
583 1476 699 1540 iterum
723 1484 922 1561 puguaturus
943 1480 1202 1562 componebatur,
1222 1479 1322 1541 donec
1346 1499 1428 1541 unus
1450 1500 1517 1554 om-

409 1577 496 1641 nium
521 1577 623 1640 victor
650 1586 838 1662 superesset.
886 1579 989 1658 Quam
1015 1580 1048 1642 in
1073 1601 1141 1642 rem
1167 1578 1311 1662 pluribus
1336 1600 1417 1662 opus
1443 1588 1517 1643 erat

408 1679 639 1742 sortitionibus.
693 1679 780 1742 Hinc
811 1686 861 1744 est
890 1682 975 1765 quod
1006 1681 1037 1744 in
1067 1679 1273 1765 inscriptione
1305 1679 1516 1757 Famesiana,

408 1802 504 1866 quam
518 1781 616 1844 refert
633 1781 792 1844 Gruterus
808 1804 880 1866 pag.
892 1801 966 1865 3¹4·
1005 1782 1213 1865 Asclepiades
1228 1781 1358 1865 quidam
1374 1781 1516 1845 Pancra-

407 1882 517 1957 tiasta,
542 1882 574 1946 in
598 1881 706 1946 multis
729 1882 956 1946 certaminibus
978 1883 1143 1947 victoriam
1165 1883 1310 1946 retulisse
1332 1881 1458 1957 dicitur,
1479 1882 1515 1947 ro*

407 1985 546 2062 δεύτερον
569 1984 617 2045 καὶ
641 1985 738 2062 τρίτον
751 1986 826 2062 μετὰ
847 1990 964 2064 πρῶτον
981 1983 1000 2062 ἢ
1020 1987 1158 2064 δεύτερον
1179 1988 1289 2064 κλῆρον
1309 1984 1425 2061 στήσας
1445 1988 1515 2051 τοὺς

407 2082 641 2164 ἀνταγωνιστάς.
688 2085 729 2146 Id
750 2093 810 2160 est,
829 2097 899 2168 post
916 2087 1055 2170 priosum
1079 2096 1134 2150 arti
1152 2095 1221 2170 post
1244 2085 1404 2149 madum
1425 2087 1514 2149 sorti-

406 2185 522 2257 tionem,
543 2183 670 2246 secundo
694 2185 847 2249 soltertia
868 2189 1020 2270 saporatis
1042 2188 1238 2251 adversariis.
1285 2187 1323 2250 ld
1347 2185 1431 2252 enim
1453 2209 1513 2250 usu

406 2285 562 2360 veniebat,
587 2285 724 2348 obeam
750 2286 906 2351 rationem
929 2311 1025 2372 quam
1050 2289 1128 2365 dixi,
1152 2288 1277 2374 quoties
1303 2289 1395 2371 plura
1419 2297 1513 2352 erant

406 2385 496 2469 paria
517 2385 721 2450 athletarum.
767 2387 891 2472 Quippe
913 2390 1046 2455 victores
1069 2391 1152 2454 inter
1169 2413 1203 2454 se
1227 2390 1511 2474 componebantur,

406 2495 439 2551 et
457 2487 596 2550 secunda
618 2487 703 2551 inter
724 2511 778 2553 eos
803 2491 901 2554 fiebat
922 2492 1060 2567 sortitio,
1079 2514 1117 2555 ac
1138 2513 1247 2554 mrsus
1270 2490 1389 2565 tertia3
1412 2492 1513 2555 donec

405 2587 539 2652 victoria
552 2589 594 2652 ad
609 2611 708 2652 unum
722 2590 878 2656 rediisset.
924 2593 970 2655 Et
988 2593 1048 2656 hoc
1069 2602 1127 2667 est,
1145 2591 1230 2674 quod
1245 2591 1277 2654 in
1297 2590 1358 2652 hac
1378 2590 1513 2673 epistola

405 2691 523 2756 dicitur
537 2695 585 2755 διδ
600 2695 750 2756 πλειόνων
765 2693 892 2774 κλήρων.
921 2695 976 2757 Ad
992 2695 1073 2757 hanc
1088 2692 1282 2756 athletarum
1298 2698 1416 2755 sortem
1432 2691 1512 2754 refe-

404 2795 504 2859 renda
530 2805 606 2859 sunt
631 2816 679 2870 ea,
707 2817 777 2878 quae
807 2796 906 2860 habes
932 2796 964 2860 in
996 2794 1150 2881 principio
1179 2793 1275 2878 hujus
1300 2792 1443 2877 epistolae
1470 2793 1511 2857 de

404 2895 586 2981 Epagatho,
613 2897 769 2977 ἀνελήφθη
793 2899 841 2961 καὶ
865 2899 954 2964 αὐτὸς
977 2901 1018 2963 εἰς
1043 2897 1097 2961 τὸν
1123 2901 1233 2975 κλῆρον
1259 2901 1318 2958 τῶν
1342 2904 1508 2975 μαρτύρων.

405 2998 568 3063 Vxxrsrus.
617 3000 704 3063 Ante
741 3002 843 3081 ἆγῶνα
877 2999 1001 3063 addunt
1037 3000 1169 3081 ἔσχατον
1205 2997 1375 3080 Christoplr.
1413 2998 1508 3061 Leott.

405 3098 538 3162 Sraorn.

448 3202 487 3263 P.
505 3220 579 3284 310.
600 3200 621 3263 l.
639 3220 663 3262 1.
690 3204 742 3268 τὰς
766 3203 913 3280 διεξόδους
938 3207 997 3265 τῶν
1020 3202 1187 3285 μαστίγων]
1221 3201 1385 3265 Musoulus
1411 3202 1509 3265 vertit

404 3303 570 3366 verberum
584 3301 753 3366 illationes.
798 3303 1106 3387 Christophorsonus
1123 3303 1337 3388 trajectiones.
1375 3302 1508 3366 Dictum

403 3403 529 3466 videtur
544 3424 602 3486 pro
616 3407 670 3468 τὰς
684 3406 719 3465 ἓν
738 3410 803 3470 ταῖς
817 3408 957 3482 διεξόδοις
977 3404 1133 3485 μάστιγας,
1151 3404 1183 3467 id
1198 3412 1254 3479 est,
1271 3404 1404 3468 verbera
1418 3403 1509 3468 illata

403 3504 480 3565 dum
495 3502 739 3566 traducerentur
753 3503 786 3566 in
801 3527 926 3588 pompa.
973 3505 1076 3567 Moris
1090 3513 1198 3569 autem
1213 3514 1293 3581 erat,
1310 3514 1347 3569 ut
1365 3506 1507 3570 bestiarii

402 3612 575 3687 antequam
605 3612 784 3688 pugnarent
810 3628 882 3669 cum
908 3606 1019 3669 bestiis
1047 3606 1155 3691 flagris
1184 3608 1440 3683 verberarentur,
1469 3614 1508 3671 ut

402 3708 496 3769 docet
517 3705 731 3769 Tertullianus
751 3704 784 3768 in
805 3706 858 3770 lib.
872 3709 900 3770 I.
917 3707 960 3770 ad
976 3707 1130 3771 Nationes
1145 3730 1214 3792 cap.
1231 3710 1276 3772 18.
1292 3715 1326 3772 et
1347 3708 1379 3771 in
1394 3708 1449 3771 lib.
1465 3709 1506 3771 ad

402 3807 568 3892 Martyres
583 3829 650 3890 cap.
660 3826 692 3891 5.
737 3808 790 3871 Sic
804 3807 836 3871 in
853 3808 1005 3872 Passione
1021 3808 1079 3872 SS.
1096 3810 1265 3892 Perpetuae
1280 3815 1313 3873 et
1329 3808 1507 3873 Felicitatis

400 3909 555 3993 scriptum
584 3909 733 3994 legimus:
770 3911 827 3973 Ad
853 3911 906 3974 ltoc
925 3910 1059 3995 popolus
1090 3920 1282 3994 exasperatus
1300 3910 1435 3994 flagellis
1460 3932 1507 3975 eoa

401 4013 507 4075 vecari
520 4035 582 4096 pro
603 4013 708 4076 ordino
729 4023 904 4076 emmeram
916 4011 1095 4096 postulavit.
1142 4011 1209 4076 Ubi
1228 4012 1298 4074 vide
1319 4034 1389 4094 quae
1412 4020 1506 4077 notat

402 4114 506 4179 Lucas
529 4114 726 4178 Holstenius.
772 4114 888 4197 ltaque
910 4136 948 4176 eo
971 4114 1040 4177 loco
1065 4112 1211 4190 διεξόδους
1230 4122 1321 4177 verto
1345 4121 1506 4179 transcur-

400 4216 503 4280 siones
527 4216 708 4300 flagrorum.
754 4214 903 4278 Omnium
927 4214 1012 4278 enim
1037 4224 1223 4278 venatorum
1246 4214 1346 4299 flagra
1371 4238 1429 4299 per
1452 4238 1505 4279 or-

399 4317 505 4380 dinem
521 4317 722 4400 excipiebant
737 4315 890 4390 bestiarii,
905 4324 942 4379 ut
957 4338 995 4378 ex
1012 4316 1107 4380 Actis
1122 4315 1182 4379 illis
1197 4324 1231 4379 et
1246 4338 1284 4379 ex
1307 4316 1506 4380 Tertulliano

398 4418 557 4489 discimus,
572 4418 625 4502 qui
637 4426 670 4481 et
683 4416 919 4481 transcurrendi
935 4417 1032 4480 verbo
1044 4417 1077 4480 in
1088 4439 1126 4480 ea
1142 4439 1176 4479 re
1186 4417 1298 4481 utitur.
1323 4416 1489 4481 Vxnrsms.

444 4519 527 4581 lbid.
550 4518 569 4580 l.
584 4542 616 4595 4.
643 4520 691 4581 καὶ
715 4520 764 4581 ἐπὶ
790 4518 875 4603 πᾶσι]
900 4519 1005 4582 Abest
1030 4522 1078 4583 καὶ
1104 4521 1146 4583 ab
1171 4518 1217 4583 od.
1237 4518 1339 4603 Scapt.
1366 4517 1500 4582 Sraora.

398 4619 443 4683 Et
469 4642 489 4681 a
520 4628 642 4703 septem
674 4619 813 4692 lassus,
849 4620 1006 4685 referente
1035 4621 1192 4696 Burtono,
1218 4620 1271 4703 qui
1312 4618 1503 4704 particulam

395 4743 416 4783 a
432 4717 563 4782 Valesio
576 4718 721 4783 additam
736 4720 900 4804 expunxit.
