3809 5650
396 700 462 759 254
769 687 1121 755 ANNOTATIONES

441 861 601 945 P.213.1.
619 880 666 942 17.
689 859 812 943 κρίνειε]
838 860 878 923 In
893 860 1001 923 codice
1017 859 1102 924 Mor.
1120 861 1209 924 Med.
1222 881 1261 924 ao
1276 859 1360 925 Fuk.
1376 883 1497 925 necnon

396 966 482 1052 apud
506 963 720 1047 Nicephorum
742 961 858 1045 legitur
881 963 998 1041 κρίνειε.
1044 963 1161 1025 Sedet
1183 962 1284 1026 codex
1309 963 1429 1048 Regius
1451 964 1498 1027 ita

397 1067 515 1129 diserte
535 1064 688 1146 scriptum
703 1061 812 1124 habet.
858 1062 962 1140 Quare
982 1063 1131 1126 mendum
1150 1072 1201 1127 cst
1220 1065 1496 1149 typographicum,

399 1171 525 1248 (κρινεῖ)
547 1164 631 1247 qnod
652 1162 684 1225 in
705 1163 786 1226 Reb.
803 1162 958 1245 Stephani
979 1163 1149 1227 editionem
1169 1164 1306 1250 irrepsit.
1330 1165 1495 1229 Varenus.

398 1267 482 1330 Illud
502 1267 609 1345 κρίνειε
628 1265 662 1327 in
679 1271 803 1328 textum
818 1264 931 1347 recepi,
947 1265 1033 1347 quod
1048 1264 1175 1348 quidem
1191 1287 1272 1328 uuus
1287 1266 1404 1329 saltem
1418 1288 1496 1351 prae-

398 1376 464 1432 stat
484 1389 523 1430 ex
543 1366 666 1429 duobus
688 1365 848 1429 codicibus
863 1365 951 1439 meis,
973 1364 1024 1428 hic
1043 1375 1094 1430 est
1108 1364 1206 1429 Socii.
1222 1388 1278 1429 seu
1296 1366 1388 1431 Bodl.
1434 1367 1496 1431 Sed

397 1469 530 1532 forsitan
546 1490 586 1530 ex
606 1466 764 1530 industria
782 1467 815 1529 id
834 1466 982 1530 mutabat
1000 1466 1033 1528 in
1055 1473 1148 1547 κρινεῖ
1166 1466 1347 1551 Stephanus
1366 1475 1497 1552 propter

397 1591 532 1653 sequens
555 1569 685 1631 verbum
711 1568 870 1631 dirodoino.
917 1566 1010 1630 Nunc
1029 1567 1122 1632 addit
1143 1568 1317 1645 Burtonus,
1339 1568 1394 1652 qui
1416 1569 1496 1632 hauc

397 1671 575 1745 lectionem,
590 1675 686 1753 prout
709 1690 769 1752 ego
791 1668 938 1744 feceram,
955 1669 1083 1751 recepit,
1104 1669 1188 1732 codd.
1205 1670 1307 1733 Paris.
1327 1690 1355 1732 1.
1371 1677 1406 1734 et
1428 1669 1496 1733 Fla

397 1774 550 1836 reatinam
563 1781 731 1854 atramque.
777 1769 882 1854 Supra
896 1768 1040 1852 τυγχάνοι
1054 1772 1129 1834 Mn.
1142 1770 1281 1854 Norfolc.

442 1872 480 1935 P.
501 1892 572 1951 214.
589 1871 609 1933 l.
624 1892 653 1951 7.
669 1876 721 1933 τοῦ
747 1871 871 1956 Κυρίου]
894 1877 947 1933 τοῦ
974 1877 1107 1951 Χριστοῦ
1128 1873 1203 1935 MS.
1220 1871 1358 1954 Norfhfc.
1381 1872 1449 1937 τοὺς
1471 1875 1492 1934 δ’

398 1973 604 2038 ἀπολυθέντας
622 1994 679 2057 per
693 1970 854 2035 elisionem
869 1993 966 2055 supra
982 1973 1109 2056 Niccplr.

442 2073 525 2136 Ibid.
542 2073 563 2136 l.
580 2071 874 2154 10.Ἐρχονταιοῦν
890 2071 963 2157 bre]
983 2072 1035 2134 Ab
1050 2072 1122 2149 illie,
1139 2072 1203 2136 εἶτα
1217 2076 1249 2136 δὲ
1265 2075 1313 2137 καὶ
1327 2076 1380 2140 τὰς
1395 2079 1496 2156 χεῖρας

400 2175 456 2236 bro.
472 2173 505 2235 in
521 2173 717 2255 Fragmenta
735 2173 877 2255 proxime
894 2181 972 2236 ante
986 2173 1085 2236 allato
1106 2195 1138 2257 p.
1156 2192 1228 2257 213.
1248 2172 1269 2236 l.
1286 2195 1317 2257 9.
1332 2194 1432 2256 nsque
1454 2172 1496 2235 ad

398 2276 466 2358 ejus
481 2274 587 2348 finem,
597 2274 694 2337 verba
708 2275 778 2358 ipsa
791 2275 965 2360 Hegesippi
980 2275 1122 2338 nonnihil
1137 2282 1261 2339 mutata
1275 2275 1494 2359 proferuntur,

399 2375 431 2436 id
448 2373 534 2457 quod
549 2381 616 2436 tam
631 2373 734 2435 forma
753 2375 907 2437 orationis
927 2375 1049 2438 directa
1063 2375 1096 2436 in
1111 2374 1269 2438 infinitam
1283 2397 1384 2448 verse,
1401 2396 1498 2459 quam

399 2474 494 2557 hujus
522 2473 707 2556 posterioris
736 2474 907 2558 fragmenti
936 2475 1062 2538 initium
1087 2477 1238 2554 ostendit,
1265 2476 1315 2541 cui
1345 2475 1498 2560 praemisit

401 2573 558 2637 Eusebius
584 2574 680 2637 verba
710 2597 779 2658 quae
808 2575 859 2638 hic
889 2584 1084 2659 sequuntur:
1111 2579 1127 2638 ὁ
1150 2577 1175 2639 δ’
1198 2576 1285 2644 αὐτὸς
1306 2575 1498 2658 συγγραφεὺς

403 2675 633 2760 (Hegesippus)
651 2676 699 2738 καὶ
718 2676 835 2754 ἑτέρους
849 2677 908 2738 ἀπὸ
923 2677 1029 2756 γένους
1049 2677 1115 2743 ἑνὸς
1135 2684 1194 2741 τῶν
1214 2678 1391 2759 φερομένων
1412 2680 1499 2741 ἁδελ-

401 2784 467 2860 φῶν
481 2782 534 2842 τοῦ
548 2782 691 2858 Σωτῆρος,
707 2775 730 2863 ᾧ
747 2780 842 2857 ὄνομα
855 2775 977 2851 'fovbdc¹
995 2779 1089 2859 φησὶν
1104 2782 1147 2846 είς
1160 2781 1214 2858 τὴν
1229 2781 1320 2859 αὐτὴν
1340 2782 1497 2860 ἐπιβιῶναι

401 2882 565 2957 βασιλείαν
588 2878 600 2949 ί
603 2879 668 2942 soil.
685 2878 825 2964 Trajani,
841 2880 883 2942 od
904 2879 995 2964 cujus
1015 2902 1114 2964 usque
1137 2903 1269 2965 regnum
1292 2882 1420 2945 duravit
1442 2881 1499 2965 Sy·

400 3002 493 3043 moon
508 2981 621 3043 horum
636 2979 685 3042 vel
700 2979 853 3063 patruelis
868 2980 916 3043 vel
936 2981 1156 3063 consobrinus)
1171 2986 1247 3060 μετὰ
1260 2982 1314 3060 τὴν
1328 2983 1382 3060 ἤδη
1397 2984 1500 3063 πρότε-

401 3107 456 3161 ρον
481 3083 690 3160 ἱστορηθεῖσαν
713 3080 809 3143 αὐτῶν
832 3083 906 3160 ὑπὲρ
930 3085 982 3158 τῆς
1005 3083 1046 3147 είς
1069 3082 1122 3143 τὸν
1148 3082 1279 3162 Χριστὸν
1301 3084 1429 3147 πίστεως
1453 3081 1500 3145 ἐπὶ

403 3188 588 3259 Δομετιανοῦ
610 3182 781 3262 μαρηιρίαν.
803 3181 914 3263 γράφει
939 3184 973 3244 δὲ
996 3184 1095 3247 οὕτως·
1115 3180 1339 3245 'EPXONTAI
1364 3179 1417 3246 οὖν
1442 3184 1498 3244 bro.

402 3282 491 3345 Alios
509 3291 659 3365 proterea
683 3292 797 3365 nepotes
818 3283 910 3345 nnius
933 3304 969 3344 ea
993 3282 1123 3344 Domini
1136 3280 1304 3364 fratribus,
1327 3282 1377 3345 σοι’
1397 3302 1501 3345 nomen

401 3393 467 3444 crat
489 3382 595 3457 Judae,
617 3382 662 3444 ad
682 3382 735 3444 Ιιοσ
759 3405 848 3466 seqare
873 3382 1005 3463 Trajcni
1028 3383 1189 3466 imperium
1209 3383 1305 3446 citam
1321 3383 1502 3467 prodieris&

403 3482 482 3543 idem
496 3483 625 3563 scriptor
639 3482 739 3564 refert,
755 3503 822 3543 σιιοι
835 3482 906 3564 jam
920 3492 1011 3544 anteo
1029 3481 1082 3544 cab
1097 3482 1334 3558 Domitianam
1355 3484 1500 3554 desimus,

406 3579 520 3642 errici
537 3580 634 3661 fidem
660 3590 824 3642 ιοαιίαιιιον
845 3583 978 3666 professi
997 3583 1140 3666 fenerat.
1186 3582 1241 3645 Sic
1261 3592 1361 3646 αιιιονι
1387 3580 1500 3658 ambit,

405 3679 601 3755 ADSUNT,
621 3680 730 3763 inquit,
749 3680 792 3743 illi
814 3683 868 3745 bre.
913 3683 1039 3747 Auctor
1059 3691 1167 3747 autem
1193 3684 1328 3747 duarum
1353 3684 1502 3770 epistola·

403 3803 474 3843 rum
495 3782 537 3844 ad
561 3780 742 3843 Strothium
763 3790 839 3845 ante
861 3783 955 3867 hujus
970 3784 1155 3860 Eusebium,
1171 3792 1208 3848 ut
1223 3785 1298 3862 dixi,
1314 3785 1501 3868 positarum,

403 3883 501 3945 verbe
515 3881 680 3964 sequentia
697 3883 868 3966 sumpsisse
887 3892 995 3948 censet
1019 3885 1238 3970 Hegesippum
1258 3886 1300 3949 ab
1322 3886 1503 3970 antiquiore

404 3984 510 4067 aliquo
540 3982 694 4066 scriptore
721 3984 775 4066 qui
801 3983 932 4068 Trajani
956 3986 1152 4070 temporibus
1175 3986 1331 4058 vixisset;
1355 3995 1501 4070 propter-

403 4106 504 4167 eaque
530 4084 703 4146 Eusebium
729 4085 944 4168 supprimendi
973 4086 1037 4148 veri
1063 4087 1203 4150 auctoris
1226 4088 1362 4150 nominis
1384 4088 1504 4152 acriter

403 4191 534 4247 accusat
556 4206 585 4267 p.
603 4183 668 4255 liii;
691 4184 746 4245 sed
762 4184 830 4246 sine
845 4207 941 4248 causa
956 4186 1073 4262 forsan,
1090 4187 1130 4250 de
1150 4188 1244 4250 rebus
1266 4187 1349 4250 enim
1364 4187 1503 4270 jamdiu

404 4284 576 4368 praeteritis
590 4284 685 4347 modo
700 4284 786 4346 haud
801 4284 955 4349 inusitato
970 4287 1172 4371 Hegesippus
1186 4288 1237 4350 hic
1252 4288 1372 4352 scribit.

449 4384 533 4446 Ibid.
559 4382 579 4444 l.
607 4404 651 4444 ιι.
685 4384 784 4463 πάσης
812 4388 982 4471 ἐκκλησίας]
1020 4388 1139 4452 Reddit
1166 4388 1325 4466 Valesius,
1354 4392 1504 4452 ιιιιίοοτςιο

403 4484 531 4547 ecclesia
556 4483 738 4566 praesident,
766 4485 850 4566 qnod
874 4487 914 4549 de
939 4487 1079 4550 ecclesiis
1104 4488 1190 4552 intra
1217 4489 1398 4553 Palaestinae
1423 4490 1503 4553 fines

404 4582 474 4645 sitis
485 4582 599 4665 exponi
615 4583 720 4647 debet.
768 4586 943 4671 Habetque
958 4588 1114 4652 Eusebius
1128 4590 1168 4652 de
1183 4590 1295 4653 eadem
1309 4612 1353 4667 re,
1365 4589 1501 4671 ἡγήσασ-

404 4687 454 4744 θαι
473 4687 532 4743 τῶν
551 4684 716 4760 ἐκκλησιῶν
730 4685 874 4768 superius
888 4687 909 4749 l.
921 4690 951 4751 6.
968 4710 1040 4773 pag.
1055 4690 1159 4771 hujus.
1194 4690 1385 4774 Niccpfom
1404 4712 1500 4772 prox·
