3809 5650
440 715 778 783 INFRAGMEN'I'.
803 714 987 780 lNOERTl
1012 714 1285 781 SomPToan.
1352 714 1409 775 401

316 897 335 925 “
352 909 470 951 verum.
513 887 671 968 Quoniam
685 907 760 950 vero
774 885 870 950 certis
883 884 1009 949 indiciis
1022 906 1061 948 ac
1075 905 1174 969 prope
1189 884 1293 949 verbis
1306 884 1414 969 Papiae

313 997 335 1027 “
353 988 585 1073 Hierapolituni
607 988 732 1052 dicendi
755 988 971 1051 characterem
995 986 1242 1072 deprehendisse
1262 987 1414 1058 videmur,

313 1088 448 1173 “ipsius
473 1089 599 1153 nomine
625 1089 726 1153 multo
755 1087 967 1153 confidentius
996 1086 1103 1151 recudi
1129 1087 1292 1164 voluimus,
1320 1108 1415 1171 quarn

315 1199 336 1229 ‘⁶
352 1212 452 1274 usque
466 1191 571 1255 adhuc
586 1191 645 1254 sub
660 1190 730 1254 Gaii
744 1189 871 1254 nomine
885 1190 1007 1253 iactum
1023 1197 1082 1253 est.
1131 1188 1222 1251 Illius
1241 1188 1324 1252 enim
1343 1187 1416 1251 sim·

315 1299 335 1329 “
351 1290 485 1376 plicitas,
511 1313 549 1357 ac
578 1313 681 1356 aevum
706 1298 854 1376 apparet,
879 1290 1008 1375 quando
1031 1289 1158 1352 Horma
1185 1291 1345 1353 Pastorem
1370 1291 1417 1354 uit

314 1402 333 1430 ‘⁶
349 1394 522 1477 nuperrimo
550 1392 615 1455 suis
639 1390 818 1477 tenporibus
835 1393 938 1475 scisse
963 1392 1175 1476 comptum.
1219 1390 1330 1476 Neque
1354 1393 1417 1456 hae·

314 1503 335 1533 “
350 1495 522 1559 reticorum
537 1515 608 1577 quae
627 1493 659 1556 in
678 1493 743 1557 fine
762 1493 900 1557 babetur
921 1492 1043 1557 mentio
1065 1491 1108 1556 sb
1130 1491 1285 1575 ejusmodi
1308 1493 1414 1577 Scrip-

316 1596 428 1659 “toris
449 1602 548 1659 aetute
570 1602 620 1658 est
641 1594 756 1659 alienu.
802 1593 866 1658 Sed
889 1593 922 1656 in
943 1614 982 1657 eo
1004 1592 1186 1677 fragmento
1209 1594 1324 1658 desunt
1346 1616 1417 1679 quae

316 1704 335 1732 “
351 1704 446 1759 autor
465 1695 644 1760 tradiderat
664 1695 704 1758 de
719 1693 900 1780 Evangeliis
918 1715 940 1757 a
956 1692 1116 1757 Matthaeo
1136 1698 1170 1756 et
1186 1692 1299 1756 Murco
1321 1695 1417 1778 scrip-

315 1803 337 1834 “
352 1796 410 1859 tis:
434 1795 481 1860 ita
495 1816 570 1858 vero
589 1794 734 1879 contigit,
750 1801 787 1857 nt
803 1795 962 1858 Eusebius
981 1796 1093 1859 eadem
1113 1802 1266 1872 servaret,
1286 1805 1417 1879 praeter-

315 1896 455 1959 “missis
477 1896 604 1971 ceteris,
627 1896 711 1959 unde
733 1895 897 1960 exorditur
918 1894 1090 1981 fragmenti
1114 1897 1268 1960 narratio.
1322 1897 1417 1961 Hanc

317 1997 463 2081 “itaque
487 2020 528 2062 ex
554 1997 694 2061 Eusebio
720 1996 955 2081 complevimus,
983 1997 1062 2060 nihil
1088 2018 1217 2082 prorsus
1241 1997 1418 2062 adimentes

315 2109 338 2138 “
357 2100 473 2164 Latino
488 2099 616 2183 scripto,
632 2120 672 2162 ne
690 2098 807 2162 menda
826 2097 954 2182 quidem
968 2098 1156 2183 gravissima
1169 2099 1364 2184 interpretis,
1379 2121 1418 2163 uc

316 2210 339 2240 “
355 2201 485 2265 librarii.
531 2200 671 2285 Dignum
690 2198 806 2284 quippe
820 2197 922 2262 risum
943 2207 994 2263 ost
1016 2199 1170 2283 ejusmodi
1192 2201 1416 2285 fragmentum,

315 2310 337 2340 “
353 2303 438 2387 quod
452 2302 503 2366 hic
518 2303 699 2378 referretur,
712 2299 888 2385 proesertim
903 2301 978 2384 quia
990 2300 1163 2385 Sapientiae
1174 2302 1254 2366 liber
1263 2324 1303 2367 ex
1318 2303 1418 2367 omni·

318 2412 339 2442 “
355 2405 414 2467 bus
425 2403 540 2467 veteris
551 2401 761 2467 Instrumenti
772 2401 833 2465 fuit
845 2403 1143 2468 commemoratus.’'
1173 2406 1297 2487 (Verba
1308 2406 1419 2490 Papiae

317 2503 402 2586 apud
419 2501 535 2564 Euseb.
548 2503 595 2564 H.
607 2502 647 2564 Ε.
660 2500 710 2565 hic
721 2500 952 2566 exscribuntur.
981 2504 1104 2584 Μάρκος
1114 2508 1339 2583 pzv-—ts
1352 2507 1418 2584 vltis

319 2627 391 2665 voro
401 2601 536 2667 ἕκαστος.
547 2601 712 2686 vidsuprs
722 2622 753 2685 p.
767 2603 833 2687 13.)
846 2611 864 2639 ‘⁴
873 2603 951 2683 Quae
961 2614 1136 2686 sequuntur
1144 2626 1184 2667 ex
1193 2606 1418 2672 codiceAmbr.

320 2709 342 2740 “
357 2709 432 2765 sunt
452 2701 540 2764 edita
562 2701 595 2764 in
614 2703 722 2786 Antip.
743 2702 848 2765 Medii
865 2704 957 2781 AEci,
978 2712 1002 2768 t.
1023 2725 1092 2769 111.
1107 2706 1167 2768 col.
1184 2707 1418 2790 854.-quibus

318 2812 339 2841 “
354 2812 462 2870 tumen
476 2801 632 2881 interfuit,
647 2809 682 2867 et
695 2802 743 2868 ita
764 2802 888 2888 posuit”
905 2805 962 2868 irc.
1008 2807 1090 2870 Hoeo
1110 2806 1159 2870 vir
1178 2806 1217 2870 cl.
1233 2807 1265 2871 in
1281 2806 1417 2873 Dissert.

320 2906 359 2971 iv.
378 2908 406 2987 ξ.
424 2926 473 2969 10.
496 2926 528 2989 p.
539 2909 613 2987 467.
651 2905 700 2969 At
726 2904 819 2967 nimis
842 2913 987 2971 vetustus
1010 2907 1147 2992 scriptor
1170 2915 1220 2972 est
1239 2909 1368 2992 Papius,
1391 2909 1419 2974 is

320 3007 374 3091 qui
396 3027 469 3071 oum
490 3004 610 3070 Christi
631 3004 792 3091 discipmlis
817 3006 1002 3091 liliabusquo
1026 3008 1165 3093 Philippi
1188 3016 1332 3073 versatus
1356 3018 1417 3086 ost,

321 3131 417 3194 quam
439 3115 476 3173 ut
496 3105 690 3171 mentionem
711 3106 821 3171 iecisse
842 3114 1010 3173 censeatur
1031 3110 1071 3173 de
1094 3109 1175 3173 libro
1197 3110 1372 3194 composito
1397 3134 1419 3175 a

320 3212 422 3276 fratre
441 3210 491 3274 Pii
507 3208 644 3293 episcopi
660 3208 837 3273 Romanam
849 3208 954 3272 medio
966 3210 1081 3275 saeculo
1093 3211 1230 3275 secundo
1242 3211 1347 3275 sedem
1363 3213 1417 3276 ed·

320 3315 382 3377 buc
397 3313 545 3377 tenentis.
584 3312 647 3375 Sed
663 3312 731 3375 haec
750 3311 913 3374 hactenus.
958 3314 999 3375 ln
1023 3311 1126 3398 prima
1145 3313 1285 3378 editione
1303 3314 1418 3377 harum

320 3414 538 3498 Reliquiarum
563 3412 638 3476 olim
659 3412 739 3488 dixi,
764 3412 825 3476 hoc
849 3412 1078 3496 Fragmentum
1101 3415 1142 3478 de
1165 3414 1293 3479 (lunone
1317 3415 1417 3480 distu-

318 3516 392 3580 lisse
403 3538 454 3579 me
476 3515 508 3578 in
522 3514 660 3578 medium
674 3514 842 3590 adducere,
858 3525 1028 3600 propterea
1042 3517 1128 3601 quod
1142 3515 1314 3581 novissima
1334 3515 1416 3601 ejus·

319 3618 392 3681 dem
406 3617 505 3681 editio
520 3616 659 3680 nondum
674 3618 717 3680 ad
735 3638 849 3681 manus
863 3617 1057 3701 pervenisset
1071 3639 1159 3682 mess
1167 3641 1177 3693 3
1199 3618 1328 3683 tandem
1345 3641 1418 3683 vero

320 3717 538 3782 transmissam
554 3740 594 3782 ex
610 3719 785 3783 Germania
802 3719 879 3783 mihi
898 3719 994 3783 inisse
1008 3719 1144 3803 opellam
1158 3740 1179 3783 a
1193 3719 1260 3782 viro
1280 3721 1418 3804 quodam

321 3819 417 3884 nobili
439 3841 570 3904 peregre
591 3827 802 3905 agenteque
823 3828 899 3885 ante
915 3820 1016 3891 Lincii
1037 3821 1201 3904 prodierat
1220 3840 1305 3883 anno
1325 3823 1415 3884 1802.

319 3943 393 3984 curn
407 3919 684 3985 commentatione
700 3921 861 3986 Francisci
878 3920 1076 3985 Freindaller
1090 3919 1243 3984 Canonici
1259 3926 1293 3983 et
1308 3919 1418 3983 Theol.

321 4021 512 4086 Professoris
527 4021 620 4085 Publ.
666 4021 701 4085 Is
715 4022 842 4105 quidem
857 4022 976 4086 nnllam
989 4041 1125 4106 usquam
1145 4019 1326 4085 Stosohiani
1346 4019 1419 4083 libri

319 4124 360 4188 de
374 4121 506 4187 Conone
520 4123 853 4187 commemorationem
863 4122 950 4199 iecit,
961 4128 1135 4207 contraque
1146 4142 1242 4207 quum
1252 4127 1420 4185 censuerat

322 4223 497 4301 Stoschius,
520 4223 599 4288 caio
627 4224 813 4308 presbytero
844 4225 1075 4310 Fragmentum
1103 4222 1325 4288 vindicandum
1351 4243 1419 4286 esse

318 4326 445 4402 statuit,
467 4324 512 4389 ibi
532 4331 640 4390 tamen
663 4323 695 4387 in
712 4327 743 4407 ξ.
758 4325 787 4390 8.
812 4323 872 4390 hoc
894 4325 955 4389 sibi
977 4326 1144 4411 opposuit;
1173 4325 1263 4389 “Est
1285 4345 1359 4388 vcro
1379 4323 1419 4387 si·

320 4436 342 4467 “
358 4427 522 4491 millimum
537 4425 747 4490 collationem
763 4426 831 4491 Gaii
847 4448 918 4490 cum
934 4427 1049 4491 Proclo
1063 4428 1174 4492 Graece
1188 4447 1258 4490 esse
1276 4425 1419 4490 habitam

322 4537 342 4566 “
356 4528 640 4613 conscriptumque.
685 4528 795 4592 Talem
810 4527 926 4613 quippe
941 4550 1012 4593 eam
1031 4528 1136 4614 legire
1151 4527 1320 4605 Eusebius,
1335 4527 1420 4592 Pbo-

320 4638 340 4667 ‘⁴
357 4629 430 4701 tius,
453 4651 491 4692 ac
515 4629 744 4704 Theodoretus,
768 4627 822 4713 qui
848 4628 901 4691 lib.
924 4627 968 4692 iii.
992 4628 1172 4693 fabularum
1197 4627 1419 4691 haereticarum

320 4739 340 4769 “
356 4733 490 4795 candem
513 4734 587 4794 surb
610 4730 787 4810 Πάτροκλον
809 4728 978 4812 inscripsit.
1022 4728 1130 4804 Addo,
1153 4727 1238 4812 quod
1259 4726 1418 4803 Valesius,

364 4854 431 4893 vor..
448 4856 468 4893 r.
844 4849 863 4913 3
881 4852 899 4891 r
