3809 5650
398 631 441 691 32
727 684 731 690 .
752 620 1109 689 ANNOTATIONES

395 793 554 879 objectio?
598 792 710 876 Neque
738 791 823 856 enim
847 792 889 856 nd
913 791 1120 866 millennium,
1143 789 1201 854 sed
1225 789 1268 853 ad
1297 787 1442 854 diversas
1467 788 1505 855 in

393 896 498 960 altera
512 895 579 958 vita
593 894 771 958 mansiones
785 894 967 978 probandas
984 893 1048 956 ista
1068 891 1172 969 affert,
1187 897 1246 955 aut
1265 911 1308 954 ex
1326 890 1504 956 traditione

396 996 654 1081 presbyterorum
669 995 766 1058 refert
782 995 933 1057 Irenaeus.
980 993 1119 1057 Gnnmus
1134 992 1177 1055 ad
1191 992 1358 1054 Ircaoeam.

442 1097 524 1161 Ibid.
538 1097 559 1159 l.
570 1113 604 1180 5.
615 1096 794 1181 sexaginta]
816 1094 869 1159 lta
879 1094 1073 1159 auctoritate
1088 1092 1323 1177 evangeliorum
1339 1091 1502 1169 Matthaei,

393 1220 519 1262 necnon
542 1198 719 1274 Anastusii,
745 1205 843 1281 atque
868 1197 939 1260 cod.
963 1196 1059 1261 Voss.
1080 1195 1172 1280 posui
1192 1216 1252 1279 pro
1274 1193 1501 1278 quadraginta.

344 1378 348 1389 Ι
399 1302 552 1378 (isumus,
569 1299 646 1363 ibid.

442 1402 526 1466 Ibid.
554 1402 576 1463 l.
606 1421 656 1484 15.
689 1401 831 1464 Verbum
860 1400 928 1484 ejus
957 1399 1005 1464 ait
1036 1400 1109 1486 luc]
1141 1398 1183 1461 Ni
1212 1396 1316 1475 fallor,
1343 1396 1502 1482 respicere

397 1503 523 1566 videtur
546 1504 687 1566 Irenaeus
710 1503 752 1566 ad
778 1501 960 1587 parabolas,
980 1501 1028 1565 vel
1055 1500 1194 1585 quinque
1221 1499 1429 1576 talentorum,
1452 1499 1501 1563 vel

392 1604 506 1668 ,decem
519 1604 695 1678 minarnm;
720 1603 769 1667 sin
786 1604 899 1679 minus,
915 1604 959 1666 ad
977 1602 1105 1687 aliquod
1125 1601 1245 1667 Christi
1265 1601 1399 1678 dictum,
1414 1600 1501 1684 quod

397 1728 437 1769 ex
452 1706 726 1790 Presbyterum,
742 1727 821 1790 quos
836 1727 908 1768 mox
924 1705 1013 1782 citat,
1025 1704 1198 1768 traditione
1212 1703 1381 1787 acceperit.
1413 1703 1501 1766 Mss-

396 1830 481 1873 σοαπ.
508 1810 549 1871 In
559 1808 620 1872 hac
630 1807 806 1892 posteriore
817 1806 978 1870 sententia
990 1806 1157 1869 Massueto
1172 1804 1310 1869 Grabius
1319 1804 1500 1889 praeiverat,

393 1911 484 1976 hand
506 1913 642 1995 probato
666 1910 891 1986 Feuardentio‚
912 1909 967 1993 qui
987 1910 1070 1973 Mat.
1086 1930 1139 1971 xx.
1155 1926 1207 1991 23.
1223 1915 1257 1970 et
1276 1905 1500 1980 verisimiliter,

397 2015 430 2076 ni
453 2013 554 2091 fallor,
581 2013 707 2076 dixerat
735 2011 892 2095 spectari3
930 2011 1000 2074 loco
1025 2009 1080 2073 illo
1102 2009 1147 2073 sic
1171 2031 1205 2072 se
1229 2008 1378 2083 habente,
1405 2006 1440 2069 τὸ
1466 2008 1501 2070 δὲ

399 2114 519 2176 καθίσαι
533 2114 567 2175 ἐκ
581 2113 684 2189 δεξίων
699 2137 755 2190 μου
771 2113 818 2174 καὶ
833 2114 865 2188 ἐξ
881 2112 1037 2190 εὐωνύμων
1050 2137 1117 2190 μου,
1134 2111 1186 2173 οὐκ
1202 2110 1285 2173 ἔστιν
1300 2108 1374 2188 ἐμὸν
1387 2111 1502 2183 δοῦναι,

399 2214 471 2277 ἁλλ’
486 2215 529 2279 οἶς
542 2214 718 2292 ἡτοίμασται
731 2212 789 2274 ὑπὸ
802 2217 854 2275 τοῦ
865 2215 975 2292 πατρός
984 2239 1050 2291 μου.
1078 2211 1128 2275 De
1140 2211 1254 2294 quibus
1264 2210 1312 2274 ita
1323 2209 1478 2292 Origenes
1489 2233 1499 2281 3

398 2315 417 2394 ἡ
431 2315 589 2394 τηλικαύτη
604 2316 699 2393 δωρεὰ
711 2311 797 2396 χθρις
813 2313 877 2375 ἐστὶ
892 2317 944 2375 τοῦ
958 2314 1007 2376 ἐπὶ
1021 2317 1096 2376 πᾶσι
1115 2317 1207 2384 Θεοῦ,
1225 2310 1430 2390 συμπνέοντος
1452 2309 1502 2372 καὶ

399 2420 614 2497 συνεργοῦντος
629 2415 676 2476 καὶ
691 2415 839 2494 ίὸρυόυτος
859 2416 893 2477 ἓν
914 2417 949 2499 τῇ
973 2415 1092 2498 τοιαύτη
1112 2415 1244 2498 ὑπεροχῇ
1259 2412 1310 2477 ote
1332 2409 1412 2473 οἶδεν
1434 2411 1501 2473 ἐπι·

394 2516 540 2594 πηδείους.
586 2515 697 2578 θουιυι.
716 2515 752 2578 ia
773 2515 855 2579 Mat.
877 2515 939 2578 xvi.
960 2536 992 2598 p.
1012 2535 1049 2596 4¹
1054 2531 1085 2598 5.
1102 2515 1153 2578 ed.
1170 2513 1294 2591 Huetii,
1309 2535 1341 2596 p.
1358 2526 1432 2596 717.
1447 2510 1498 2574 ed.

399 2616 571 2681 Delaman.

400 2716 402 2720 ⁴
444 2718 481 2781 P.
510 2738 558 2782 11.
584 2718 605 2781 l.
631 2737 683 2782 21.
706 2718 749 2781 ad
777 2717 907 2802 Filium]
931 2716 1053 2781 Deerat
1078 2715 1262 2802 praepositio
1287 2715 1333 2779 ad
1353 2714 1388 2779 in
1413 2714 1500 2778 aaa.

401 2819 524 2898 Irenaei,
539 2820 595 2884 scd
618 2819 741 2884 Grabio
763 2828 921 2895 monente,
938 2819 984 2884 ad
997 2818 1114 2883 Filium
1135 2818 1304 2904 legendum
1325 2825 1386 2895 est,
1406 2815 1502 2881 sicuti

399 2943 474 2986 mox
489 2922 642 3005 sequitur,
659 2922 705 2985 ad
717 2924 853 2987 Patrem.

416 3019 418 3022 ’
443 3022 529 3085 Ibid.
551 3022 571 3086 l.
597 3042 647 3103 24.
671 3024 780 3108 omnes]
804 3023 1010 3088 Auctoritate
1041 3022 1116 3086 Coa.
1140 3020 1220 3085 Voss.
1243 3027 1288 3085 et.
1299 3019 1398 3105 ipsius
1418 3017 1502 3082 sacri

399 3129 509 3186 textus
524 3144 620 3186 υυιυινε
633 3124 752 3187 addidi.
797 3125 945 3200 Ganmus,
962 3123 1037 3186 idid.

444 3224 529 3286 Ibid.
544 3224 566 3286 l.
583 3227 633 3290 26.
651 3224 864 3308 obliviscetur]
884 3224 1088 3288 Obliviscitur
1107 3224 1141 3287 in
1154 3224 1229 3287 MS.
1254 3223 1332 3287 Voss.
1349 3223 1501 3297 (innatus,

393 3320 521 3384 ibidem.

444 3423 482 3485 P.
501 3440 551 3487 12.
565 3422 587 3485 l.
604 3424 634 3487 8.
650 3426 697 3487 καὶ
711 3431 804 3488 ταῦτα
818 3423 842 3488 δ’
854 3424 925 3505 ἡμῖν
940 3427 992 3489 οὐκ
1007 3429 1048 3493 είς
1062 3426 1095 3488 τὸ
1111 3427 1263 3508 ἄχρηστον
1278 3425 1418 3508 είρήσθω]
1437 3423 1502 3488 Ηίο

399 3543 528 3585 monere
537 3523 662 3589 videtur
672 3525 838 3603 Eusebius,
846 3533 993 3610 oportere
1002 3549 1060 3591 nos
1069 3526 1501 3611 meminisse‚lateriPapiam

399 3645 434 3686 se
448 3644 506 3687 suo
521 3624 627 3689 omnia
641 3626 682 3691 ab
698 3627 915 3710 apostolorum
931 3628 1103 3713 discipulis,
1115 3650 1178 3691 non
1189 3630 1230 3692 ab
1245 3629 1322 3713 ipsis
1337 3627 1500 3713 apostolis,

399 3724 567 3811 accepisse.
612 3728 660 3791 At
683 3728 836 3807 conseras,
859 3752 930 3814 quae
953 3752 1050 3814 supra
1074 3730 1116 3793 ad
1140 3732 1371 3816 Fragmentum
1396 3750 1423 3792 1.
1445 3729 1502 3791 ad-

400 3833 515 3891 notata
530 3827 604 3891 sint.

444 3928 527 3993 Ibid.
551 3929 572 3991 l.
596 3950 643 4010 14.
678 3930 813 4012 διήγησιν
841 3932 1060 4013 παρειληφέναι
1083 3935 1253 4011 θαυμασίαν
1281 3932 1339 3995 ὑπὸ
1364 3938 1424 3996 τῶν
1448 3935 1502 3994 τοῦ

399 4033 551 4094 Φιλίππου
572 4030 755 4113 θυγατέρων]
797 4033 907 4096 Habet
931 4033 990 4095 ἀπὸ
1011 4055 1069 4116 pro
1092 4034 1149 4096 ὑπὸ
1172 4033 1244 4098 Cod.
1265 4035 1339 4097 MS.
1359 4033 1500 4117 Norffolo.

272 4161 274 4166 ·
391 4130 464 4194 -Sed
486 4131 630 4196 similiter
652 4133 762 4195 scribit
786 4134 927 4195 Irentrus
945 4133 1031 4216 apud
1048 4133 1165 4197 Euseb.
1181 4135 1236 4199 lib.
1252 4135 1291 4198 iv.
1307 4135 1390 4198 Hac.
1408 4157 1434 4198 ο.
1451 4153 1500 4214 14.

398 4232 470 4308 μίαν
485 4232 534 4294 καὶ
554 4235 648 4310 μόνην
672 4235 780 4311 ταύτην
800 4233 945 4311 ἀλήθειαν
972 4236 1096 4312 κηρύξας
1120 4235 1346 4320 (Polycarpus)
1369 4237 1426 4299 ὑπὸ
1441 4241 1501 4299 τῶν

400 4331 579 4394 ἀποστόλων
601 4332 828 4414 παρειληφέναι,
855 4356 886 4417 p.
906 4337 977 4397 116.
1004 4334 1024 4397 l.
1044 4354 1091 4412 14.
1114 4337 1162 4398 ed.
1180 4337 1333 4422 Reading.
1381 4337 1501 4401 Itidem

400 4435 557 4513 praestant
578 4433 678 4494 Currat.
700 4437 804 4515 Apoet.
827 4434 881 4497 lib.
896 4434 928 4498 ii.
953 4458 981 4497 c.
993 4454 1046 4518 52.
1066 4439 1113 4499 καὶ
1137 4441 1188 4504 τὰς
1212 4441 1383 4518 ἀνακρίσεις
1405 4440 1502 4502 αὐτῶν

399 4531 549 4607 λαβόντες
575 4534 604 4593 ol
632 4533 791 4613 ἡγούμενοι
815 4536 872 4597 ὑπὸ
897 4542 957 4599 τῶν
981 4541 1206 4619 προσαγόντων,
1233 4540 1361 4622 λέγουσι
1386 4544 1425 4625 τῷ
1450 4566 1501 4603 κα-

393 4631 515 4727 κούργῳ
532 4633 588 4695 &a
610 4704 612 4709 .
635 4631 771 4696 Interim
791 4656 830 4697 ex
848 4635 1046 4701 insolentiori
1068 4640 1175 4723 phrasi
1193 4641 1330 4707 sortasse
1341 4648 1435 4707 ortus
1449 4648 1501 4706 est
