3809 5650
476 679 542 745 278
843 677 1199 743 ANNOTATIONES

477 849 582 926 vertit,
598 849 753 913 Diaacncit
766 859 865 913 uatem
878 849 915 912 da
928 849 1078 933 canapeia
1093 848 1254 912 secuudum
1267 847 1408 911 Hebraeos
1427 857 1453 912 ct
1473 849 1574 931 Syros.

479 953 526 1014 Et
548 951 588 1014 de
611 950 752 1014 versione
777 952 894 1014 Graeca
919 950 1067 1034 quadam,
1089 957 1126 1014 ut
1145 950 1282 1025 videtur,
1299 950 1355 1012 sed
1374 951 1490 1013 veteris
1513 958 1575 1013 tes-

476 1052 621 1124 tamenti,
634 1053 681 1115 ita
695 1052 820 1115 locutus
834 1073 931 1135 supra
945 1057 996 1115 est
1011 1050 1137 1113 Manno
1153 1050 1185 1112 in
1201 1050 1396 1135 Fragmento
1414 1052 1469 1113 1v.
1487 1053 1503 1113 ὁ
1519 1053 1575 1113 Σύ-

475 1180 527 1234 ρος
542 1157 591 1217 καὶ
607 1158 622 1217 ὁ
637 1153 781 1232 Ἑβραῖος
793 1153 975 1233 ’φερόμενός
990 1161 1094 1233 φησιν.
1134 1152 1207 1214 Vid.
1221 1174 1292 1236 pag.
1310 1156 1379 1214 118.
1425 1152 1576 1216 (laterum

475 1261 584 1318 monet
600 1254 766 1318 Fabricius
781 1254 813 1317 in
828 1252 974 1317 Biclara
993 1254 1050 1317 Gr.
1065 1253 1125 1316 vol.
1142 1253 1184 1316 ix.
1200 1275 1230 1336 p.
1249 1255 1320 1336 256.
1336 1253 1385 1315 ed.
1400 1274 1499 1328 novae,
1512 1252 1575 1315 dis·

475 1358 610 1420 cendum
632 1379 698 1420 esse
720 1378 760 1420 ex
776 1354 966 1439 Hieronymi
988 1355 1066 1427 loc0,
1083 1353 1243 1438 evangelia
1260 1353 1409 1417 Matthaei
1424 1352 1575 1431 Hebraea,

476 1480 547 1541 quae
562 1457 834 1532 circumferuntur,
851 1478 919 1520 esse
934 1455 1162 1519 commentitia.

523 1559 604 1621 lbid.
622 1560 670 1622 καὶ
685 1561 764 1624 ίδίως
779 1560 812 1621 ἐκ
827 1562 878 1636 τῆς
890 1556 1066 1643 Ἐβροίδος]
1085 1557 1124 1618 ln
1139 1577 1197 1619 sua
1211 1555 1355 1619 oratione
1371 1555 1574 1640 Hegesippus

474 1659 628 1723 vocabula
653 1660 798 1743 quaedam
826 1659 989 1722 Hebraico
1014 1657 1137 1722 Graecis
1161 1656 1262 1722 literis
1286 1658 1464 1732 extulerat3
1489 1658 1574 1741 quod

475 1760 602 1846 quidem
617 1760 807 1845 conjecturae
821 1759 881 1823 viri
896 1760 983 1824 docti
998 1761 1038 1824 dc
1053 1762 1127 1844 θύρᾳ
1141 1781 1239 1843 supra
1252 1781 1283 1843 p.
1301 1776 1373 1843 237.
1388 1766 1573 1821 memoratae

473 1862 579 1927 favere
593 1861 706 1947 possit.

518 1960 601 2023 Ibid.
624 1960 644 2022 l.
671 1977 723 2023 20.
749 1959 920 2040 πονάρετον
949 1959 1078 2046 σοφίαν]
1109 1958 1324 2043 Hieronymus
1353 1958 1385 2020 in
1415 1959 1572 2024 Chronico

473 2060 660 2147 Olympiade
680 2062 748 2144 136.
764 2068 798 2124 et
818 2060 850 2123 in
871 2061 1065 2125 Praesaticne
1083 2061 1126 2124 ad
1145 2059 1312 2144 proverbia
1334 2058 1519 2133 Salomonis,
1536 2061 1572 2123 li·

472 2165 566 2228 bmm
585 2160 750 2246 sapientiae
769 2164 793 2225 J
795 2183 851 2225 esu
872 2162 928 2225 filii
950 2161 1073 2239 Sirach,
1087 2162 1256 2242 πονάρετον
1277 2161 1428 2245 appellari
1450 2162 1568 2226 scribit.

473 2266 596 2330 Eadom
611 2286 706 2349 porro
720 2264 845 2329 ratione
859 2261 1027 2347 proverbia
1041 2261 1217 2327 Salomonis
1231 2268 1354 2326 veteres
1368 2262 1569 2345 appellarunt

470 2367 641 2448 πονάρετου
655 2366 777 2445 σοφίαν.
815 2363 940 2449 Quippe
954 2364 1034 2427 liber
1048 2363 1099 2428 ille
1114 2363 1278 2448 sapientiae
1288 2364 1312 2426 J
1314 2386 1368 2427 esu
1380 2363 1435 2426 filii
1447 2364 1568 2442 Simoh,

470 2470 557 2554 apud
573 2468 731 2531 Hebraecs
749 2465 908 2550 parabolae
927 2464 1119 2542 inscribitur,
1135 2465 1266 2550 perinde
1285 2487 1324 2529 ac
1342 2466 1422 2529 liber
1441 2488 1567 2551 prover-

470 2571 595 2636 biomm
618 2567 805 2633 Salomonis.
851 2567 896 2633 Et
921 2568 1187 2653 quomadmodum
1213 2566 1363 2630 Salomon
1384 2575 1457 2650 post
1479 2589 1570 2652 para-

470 2672 560 2738 bolas
585 2671 755 2756 scripserat
779 2669 1006 2734 Ecclesiastem
1031 2676 1065 2734 et
1090 2668 1249 2734 canticum
1278 2669 1491 2733 canticorum:
1525 2669 1570 2733 sic

469 2775 569 2840 etiam
588 2772 746 2838 Sirenides
768 2770 927 2858 parabolis
949 2771 1014 2836 suis
1029 2769 1254 2837 Ecclesiastom
1276 2779 1309 2837 et
1331 2773 1488 2837 canticum
1510 2794 1566 2836 ex-

468 2876 574 2961 cmplc
600 2872 778 2939 Salomonis
799 2873 927 2959 adjecit.
972 2872 1149 2959 Utriusque
1171 2874 1269 2959 igitur
1290 2874 1450 2958 parabolus
1472 2874 1567 2939 dictae

469 2985 544 3046 sunt
563 2978 605 3040 ab
626 2974 766 3059 antiquis
786 2975 952 3056 πονάρετος
972 2978 1077 3055 σοφία.
1123 2974 1187 3038 Sed
1209 2981 1244 3039 et
1264 2974 1344 3039 liber
1365 2975 1417 3039 ille
1441 2975 1495 3059 qui
1518 2997 1567 3039 sa

469 3076 589 3163 pientia
604 3075 780 3139 Salomonis
794 3075 876 3139 falso
889 3074 1082 3153 inscribitur,
1097 3073 1263 3156 ποοάρετος
1277 3080 1372 3155 σοφία
1387 3075 1504 3138 dicitur
1524 3076 1566 3139 ab

468 3176 649 3242 Athanasio
663 3176 696 3238 in
712 3174 856 3260 Synopsi‚
868 3182 902 3239 et
916 3176 958 3240 ab
974 3175 1155 3260 Epiphanio
1166 3176 1199 3239 in
1212 3175 1294 3239 libro
1308 3177 1349 3239 de
1362 3176 1564 3261 ponderibus.

469 3276 591 3342 Vemm
612 3284 649 3341 ut
671 3276 722 3339 hic
744 3276 824 3339 liber
844 3276 925 3339 falso
945 3276 1139 3341 adscribitur
1161 3276 1330 3353 Salomoni,
1354 3275 1398 3340 sic
1419 3277 1565 3361 panareti

467 3378 654 3442 vocabulum
671 3376 751 3440 falso
775 3381 920 3460 usurpat.
945 3375 1110 3438 Vanmrus.
1155 3377 1265 3441 Adisis
1287 3401 1358 3462 quae
1377 3400 1473 3463 supra
1490 3400 1562 3462 pag.

471 3495 541 3563 135.
557 3478 590 3540 in
607 3476 783 3538 Mmrroms
803 3474 999 3558 Fragmenta
1018 3476 1225 3541 adnotantur.
1273 3480 1403 3544 Interea
1424 3480 1472 3544 ita
1494 3480 1565 3543 red·

465 3580 542 3643 dere
564 3577 714 3641 Rufinum
736 3577 832 3640 verba
854 3575 943 3639 istaec
963 3576 1097 3650 invenio,
1113 3578 1204 3660 quasi
1224 3578 1310 3642 aliud
1331 3580 1407 3664 quid
1425 3581 1563 3667 legisset,

473 3680 583 3744 voum
605 3688 633 3743 ct
650 3677 701 3741 tic
721 3676 795 3762 ipsa
809 3685 836 3740 ct
850 3676 999 3753 Ircaoeus,
1015 3686 1044 3741 ct
1067 3678 1504 3762 macetranorum
1526 3683 1565 3747 a·-

464 3781 561 3856 cmm,
572 3782 626 3867 qui
632 3779 819 3845 adtitulatur
832 3779 1005 3865 Sapientia,
1019 3779 1188 3845 Submotis
1198 3780 1349 3859 dimam,
1360 3783 1438 3847 sicat
1448 3795 1475 3848 ct
1484 3787 1565 3850 Pro·

463 3883 578 3959 mdia,
593 3893 620 3947 ct
633 3892 751 3947 aare.

508 3986 546 4049 Ρ.
560 4003 634 4052 202.
648 3985 669 4048 l.
689 4004 739 4051 21.
763 3984 811 4048 καὶ
833 3983 900 4065 περὶ
922 3988 982 4048 τῶν
1006 3982 1180 4067 λεγορίνων
1203 3986 1235 4049 δὲ
1259 3985 1451 4070 ἀποκρύφων]
1484 3985 1564 4051 For·

462 4094 549 4152 tasse
563 4086 650 4151 haud
666 4085 778 4171 liquet,
793 4084 840 4150 ait
859 4085 892 4148 in
912 4085 982 4149 loco
999 4086 1094 4170 paulo
1113 4093 1190 4151 ante
1213 4086 1354 4150 indicato
1370 4086 1564 4164 Lardnorus,

462 4186 618 4252 veterisne
632 4209 674 4251 an
690 4187 762 4250 novi
778 4188 963 4251 testamenti
977 4187 1075 4251 libros
1096 4188 1295 4273 apocryphos
1309 4188 1360 4252 hic
1376 4208 1563 4252 commemo-

461 4294 513 4352 ret
528 4287 742 4372 Hegesippus.
788 4287 899 4371 Neque
914 4309 952 4350 eo
967 4289 1053 4372 quod
1068 4287 1211 4372 proxime
1233 4297 1309 4353 ante
1329 4290 1370 4352 de
1386 4288 1563 4353 Salomonis

461 4388 635 4472 proverbiis
658 4388 778 4453 mentio
799 4389 885 4452 lacta
907 4395 1003 4466 esset,
1026 4389 1103 4452 illud
1126 4395 1251 4454 certum
1273 4411 1342 4454 esse
1363 4390 1447 4453 idem
1462 4390 1559 4455 vircl.

460 4496 578 4566 conset,
602 4489 761 4574 designari
786 4489 837 4553 hic
865 4489 964 4553 libros
993 4490 1109 4554 veteris
1138 4492 1325 4556 testamenti
1353 4491 1559 4576 apocryphos.

461 4585 564 4649 Immo
578 4607 662 4660 vero,
678 4608 750 4651 mea
764 4587 891 4671 quidem
905 4590 1074 4667 sententia,
1090 4611 1154 4653 non
1168 4598 1218 4656 est
1233 4612 1341 4668 causa,
1354 4591 1561 4677 quamobrem

459 4685 677 4751 existimemus
702 4687 742 4751 de
764 4687 853 4752 libris
872 4689 1022 4756 hocloco
1045 4690 1108 4776 agi,
1130 4689 1184 4775 qui
1207 4693 1293 4775 apud
1318 4690 1560 4757 PostNicaenos
