3809 5650
670 718 721 781 IN
745 718 1078 781 APOLLONIUM.
1361 717 1426 783 477

323 883 411 946 locus
429 882 477 947 ita
498 883 721 968 intelligendus
744 884 787 947 sit
811 893 849 949 ut
871 887 962 958 verti,
987 887 1073 969 quod
1096 884 1176 949 satis
1198 883 1340 948 declarat
1363 906 1425 948 vox

323 984 536 1063 ἠμφιεσμένος,
549 1006 612 1067 qua
622 985 834 1049 velamentum
845 992 878 1049 et
890 985 1050 1050 simulatio
1061 986 1255 1070 designatur.
1295 985 1424 1048 Etenim

325 1083 535 1148 Montanistae
557 1085 602 1148 illi
624 1085 792 1149 avaritiam
817 1107 907 1149 suam
931 1085 1091 1168 roligionis
1116 1092 1276 1171 praetextu
1299 1092 1332 1149 et
1355 1108 1424 1170 spe·

325 1184 411 1248 cioso
433 1185 629 1250 oblationum
651 1186 804 1249 vocabulo
826 1186 1026 1263 obvelabant,
1043 1194 1080 1250 ut
1102 1209 1199 1271 supra
1220 1187 1302 1251 dixit
1322 1187 1423 1270 Apol-

324 1285 437 1348 lonius.
453 1289 470 1348 d
486 1287 530 1349 ἐπ’
542 1288 665 1363 ὀνόματι
679 1292 861 1366 προσφορῶν
875 1289 1070 1367 δωρολτμίτίαν
1086 1289 1331 1369 ἐπιτεχνώμενος.
1357 1287 1424 1350 Va-

324 1408 435 1449 nasms.
480 1385 671 1449 Pearsonius
692 1387 735 1449 ad
756 1386 876 1469 Ignatii
889 1386 1045 1469 Epistulas
1065 1408 1138 1470 pag.
1153 1389 1206 1465 46.
1225 1388 1274 1450 ed.
1295 1387 1422 1451 Smithi.

324 1495 346 1524 ‘⁶
362 1487 464 1550 Gloss.
481 1488 636 1564 Tetricus,
653 1488 761 1564 dums,
772 1509 907 1551 severus.
920 1488 1075 1567 αὐστηρὸς,
1087 1487 1230 1566 σοβαρὸς,
1243 1490 1422 1565 ἀξιόπιστος.

323 1595 345 1624 “
361 1588 411 1651 De
425 1588 583 1652 haereticis
598 1588 796 1672 Epiphanius
811 1588 900 1651 Haer.
917 1588 982 1650 xix.
995 1591 1030 1651 τὸ
1045 1588 1261 1667 πεπλασμένον
1274 1588 1422 1669 σοβαρὸν,

324 1696 346 1726 “
364 1689 412 1751 καὶ
426 1689 500 1769 πρὸς
514 1689 629 1766 ἀπάτην
645 1690 773 1768 ἕτοιμον.
814 1691 869 1752 lta
881 1688 1039 1751 Lucienus
1051 1688 1271 1752 Alexandrum
1283 1689 1423 1753 Pseudo-

324 1789 475 1852 “mantin
484 1789 636 1852 describit
648 1793 776 1874 176,36.
790 1789 843 1852 lta
851 1790 938 1874 apud
946 1789 1062 1852 Euseb.
1071 1789 1422 1873 Pseudoprophetaede-

323 1896 344 1927 “
355 1890 536 1953 scribuntur
545 1889 636 1952 libii.
644 1911 711 1973 cap.
719 1909 817 1953 τοοκ
823 1889 847 1951 J
848 1889 979 1974 osepho‚
987 1889 1077 1952 etlib.
1086 1889 1125 1952 iv.
1135 1910 1203 1974 cap.
1215 1891 1262 1952 16.
1274 1890 1325 1952 De
1335 1889 1422 1952 The-

323 1998 343 2028 “
359 1991 479 2054 misoue
493 1991 644 2075 antiquus
658 1997 771 2053 auctor
784 1990 871 2073 apud
884 1991 1002 2053 Euseb.
1018 1990 1072 2052 lib.
1085 2012 1113 2052 v.
1127 2011 1195 2074 cap.
1211 1990 1260 2052 18.
1275 1988 1318 2051 ἔτι
1329 1990 1362 2050 δὲ
1374 1990 1422 2052 καὶ

324 2100 343 2129 “
357 2097 499 2171 Θεμίσων
510 2096 527 2156 ὁ
538 2093 591 2171 τὴν
603 2091 777 2169 ἀξιόπιστον
787 2092 965 2168 πλεονεξίαν
976 2090 1193 2170 ἠμφιεσμένοςε
1211 2111 1305 2175 quem
1319 2090 1423 2152 locum

323 2202 344 2230 “
357 2194 459 2257 nullus
474 2195 684 2277 interpretum
698 2191 885 2256 intellexit.”
931 2194 1023 2268 Hac,
1039 2190 1117 2253 nihil
1132 2198 1288 2275 praeterea
1302 2191 1423 2254 addens

322 2294 371 2357 vir
384 2295 543 2358 eruditiss.
585 2295 736 2358 Forsitan
751 2293 819 2357 vult
834 2293 1035 2376 Apollonius,
1047 2290 1269 2356 Themisouem
1280 2291 1424 2376 speciosa

323 2397 461 2477 quadam
476 2403 509 2459 et
523 2396 612 2478 gravi
627 2395 811 2477 arrogantia
825 2393 972 2456 indutum
987 2393 1093 2456 fuisse.
1138 2394 1195 2456 Ita
1212 2400 1246 2457 et
1265 2392 1298 2455 in
1319 2392 1422 2456 Inter-

323 2497 502 2578 pretatione
518 2499 631 2559 Graeca
647 2494 754 2557 Edicti
770 2493 888 2556 Galerii
904 2496 987 2576 Imp.
1003 2494 1088 2576 apud
1105 2493 1278 2557 Eusebium
1292 2493 1346 2556 lib.
1359 2494 1422 2558 viii.

322 2596 405 2658 Hist.
420 2617 489 2679 cap.
505 2596 562 2657 ult.
578 2596 617 2657 de
632 2593 822 2658 Christianis
836 2594 904 2655 haec
918 2594 1039 2675 scripta
1056 2599 1141 2666 sunt,
1158 2596 1279 2671 ἐπείπερ
1293 2594 1352 2654 τίνι
1371 2602 1422 2657 λο-

324 2699 421 2779 γισμῷ
446 2696 576 2771 τοσαύτη
600 2693 705 2759 αὐτοὺς
734 2707 912 2752 nunonem
941 2691 1118 2773 κατεσχήκει
1142 2694 1190 2755 καὶ
1215 2694 1303 2755 ἄνοια
1329 2719 1423 2758 κατει-

322 2795 423 2876 λήφει,
444 2797 483 2862 ὡς
504 2796 544 2875 μὴ
567 2796 692 2859 ἔπεσθαι
713 2801 775 2862 τοῖς
795 2795 852 2859 ὑπὸ
875 2800 933 2858 τῶν
956 2794 1050 2858 πάλαι
1073 2798 1319 2876 καταδειχθεῖσιν,
1346 2796 1422 2877 ὅπερ

322 2900 395 2963 ἴσως
408 2901 552 2977 πρότερον
568 2898 615 2961 καὶ
629 2901 658 2961 οί
671 2904 771 2978 γονεῖς
786 2899 883 2961 αὐτῶν
897 2896 977 2975 ἦσαν
993 2894 1241 2973 καταστήσαντες.
1286 2898 1336 2960 At
1346 2918 1422 2962 vero

323 2998 472 3073 Musculi,
488 3005 521 3061 et
536 2999 637 3082 magis
651 3000 749 3063 etiam
765 2998 1045 3082 Ohristophorsoni
1059 2996 1356 3081 interpretationem
1371 3020 1422 3062 so-

320 3099 384 3163 lam
399 3122 507 3164 veram
522 3122 591 3165 esse
609 3101 656 3164 ait
671 3101 709 3164 cl.
724 3099 913 3163 Heinichen.
929 3100 972 3162 ad
991 3099 1049 3161 loc.
1066 3119 1138 3162 cum
1158 3096 1330 3174 ἀξιόπιστος
1348 3106 1422 3162 πλε·

322 3204 423 3279 ονεξία
444 3201 485 3265 sit
506 3201 651 3277 avaritia,
675 3224 771 3286 quam
792 3201 941 3264 habuisse
965 3200 1188 3263 Themisonem
1209 3206 1296 3263 recte
1319 3199 1422 3283 possit

322 3302 420 3378 credi,
433 3303 651 3384 minimefiota
666 3324 748 3367 cera
787 3303 889 3366 Favet
904 3302 1032 3386 quidem
1047 3301 1193 3365 avarities
1207 3300 1329 3364 notioni
1344 3301 1421 3365 illud

323 3402 409 3484 quod
423 3402 577 3486 sequitur,
591 3400 609 3482 ἢ
624 3402 762 3482 ὁμάρτυς
774 3407 813 3488 τῷ
823 3402 959 3482 προφήτῃ
975 3405 1028 3469 τᾶς
1039 3403 1215 3480 πλεονεξίας
1232 3402 1419 3487 [χαρίζετοι],

322 3501 405 3565 sicut
429 3502 537 3586 priora
561 3503 616 3566 illa
640 3503 681 3567 de
705 3504 846 3587 pecuniae
872 3501 1038 3567 exactione
1068 3503 1164 3568 dicta.
1209 3503 1273 3567 Sed
1298 3504 1422 3587 judicet

322 3602 432 3666 lactor.
485 3604 565 3669 (lum
602 3604 767 3668 Pearsonii
797 3604 927 3668 notione
956 3605 1102 3689 apprime
1133 3607 1324 3670 conveniunt
1352 3606 1420 3671 haec

323 3726 468 3767 ιιοστοιιις
482 3727 572 3769 κοτε.
587 3728 806 3768 οιπινιιιινοιε
827 3706 910 3770 inira
928 3706 989 3769 vol.
1005 3706 1038 3769 ii.
1054 3707 1094 3770 de
1111 3707 1225 3789 spiritu
1240 3707 1420 3770 Montania-

322 3805 386 3869 tico
417 3805 595 3880 scribentiS,
627 3805 691 3870 ἐσθ’
723 3808 781 3884 ὅπη
814 3809 847 3869 δὲ
880 3809 928 3870 καὶ
959 3808 1184 3885 κατακρίνοντας
1219 3812 1421 3887 στοχαστικῶς

323 3906 371 3968 καὶ
393 3907 569 3983 ἀξιοπίστως
595 3906 699 3972 αὐτοὺς
724 3908 870 3985 ἄντικρυς,
896 3908 946 3969 ίνα
970 3906 1019 3967 καί
1041 3906 1215 3985 ἐλεγκτικὸν
1237 3906 1315 3969 εἶναι
1336 3910 1418 3991 δοκῇ.

323 4007 352 4085 §-
372 4026 420 4067 11.

367 4104 407 4168 Ρ.
418 4107 494 4184 468.
505 4105 526 4169 l.
539 4109 589 4170 16.
601 4111 652 4185 τῆς
661 4109 823 4187 ὁμολογίας
834 4108 867 4170 τὸ
879 4109 1015 4193 σημεῖον]
1027 4110 1334 4193 Ohristophorsonus
1349 4114 1417 4196 qui-

322 4205 395 4267 dem
410 4227 534 4269 crucem
549 4206 680 4289 intelligi
696 4208 829 4290 putavit,
846 4230 884 4271 eo
904 4209 991 4291 quod
1010 4210 1043 4272 in
1062 4210 1224 4293 evangelio
1247 4233 1324 4274 crux
1347 4235 1419 4296 por-

321 4305 385 4368 tari
395 4305 578 4388 frequenter
591 4306 716 4369 dicitur.
755 4308 819 4370 Sed
832 4308 1041 4391 proculdubio
1052 4311 1177 4376 vincula
1190 4312 1260 4395 ipsa
1271 4311 1419 4398 intelligit

321 4405 519 4489 Apollonius,
543 4428 613 4489 quae
636 4405 806 4468 Themison
831 4426 890 4489 pro
914 4405 1043 4470 Christo
1068 4413 1197 4489 portare
1223 4407 1419 4491 nequiverat.

321 4505 414 4584 Quod
428 4505 511 4567 enim
526 4505 727 4568 confessionis
742 4505 866 4589 signum
881 4505 932 4569 hic
947 4514 1041 4571 vocat
1056 4507 1254 4591 Apollonius,
1266 4517 1419 4591 sequente

319 4604 403 4668 linea
417 4605 561 4669 nominat
574 4609 612 4668 τὰ
626 4607 731 4683 δεσμά.
749 4607 906 4669 Vacemus.
938 4606 1001 4670 Sed
1017 4629 1091 4671 vero
1105 4609 1146 4671 de
1159 4608 1301 4691 pecuniae
1311 4608 1345 4671 in
1359 4608 1418 4673 hac

320 4725 417 4769 causa
426 4704 609 4791 erogatione
620 4706 736 4771 statuit
747 4707 865 4771 Petrus
874 4708 1113 4773 Alexandrinus
1123 4708 1300 4794 episcopus,
1308 4715 1342 4773 et
1350 4709 1418 4793 ipse
