3809 5650
402 691 466 756 416
776 694 1127 761 ANNOTATIONES

400 881 502 944 neque
516 861 558 924 ad
572 860 707 936 Claudii,
721 862 769 925 vel
785 863 930 939 Neronis,
946 872 1092 948 tempora
1105 864 1317 940 retrahenda3
1332 864 1418 949 quod
1429 864 1501 948 qui·

401 963 485 1037 dem,
509 969 545 1026 ut
567 961 642 1037 dixi,
664 962 803 1026 nonnulli
825 971 1009 1029 statuerunt
1031 965 1089 1028 viri
1111 964 1256 1028 illustres.
1301 965 1363 1028 Ait
1386 965 1502 1028 Frein-

400 1062 511 1125 dsller.
538 1062 720 1127 existimare
745 1086 790 1141 se,
813 1066 837 1128 J
839 1086 973 1129 oannem
998 1065 1089 1129 Pauli
1112 1065 1376 1149 praedecessorem
1399 1064 1502 1127 nomi·

400 1169 511 1225 natum
540 1163 581 1225 ab
611 1171 752 1241 auctore,
783 1167 896 1250 “quod
925 1167 1008 1228 hunc
1037 1166 1234 1250 praecesserit
1263 1166 1427 1230 vocatione
1457 1162 1502 1229 ad

401 1270 420 1298 “
435 1263 668 1347 apostolatum
706 1287 941 1351 congruereque
968 1267 1050 1329 hano
1078 1289 1186 1330 vocem
1221 1267 1399 1352 significatu
1429 1267 1501 1330 voci

401 1369 421 1398 “
435 1363 539 1441 alteri,
562 1367 690 1438 Socim,-
723 1388 818 1450 quam
842 1367 986 1430 Joannes
1011 1367 1078 1450 ipse
1103 1366 1136 1430 in
1160 1367 1224 1430 suis
1249 1367 1389 1451 epistolis
1410 1390 1503 1431 usur-

400 1472 422 1502 “
437 1465 535 1548 pavit.
582 1467 643 1531 Illa
668 1467 815 1530 nimirum
841 1467 1064 1551 interpretatio
1087 1468 1216 1532 veritati
1240 1469 1382 1551 profecto
1412 1468 1501 1533 haud

401 1570 421 1599 “
436 1564 564 1629 dissona
584 1567 726 1630 ordinem
751 1569 914 1651 pericopes
939 1568 1118 1630 universum
1143 1567 1304 1639 restituit;
1336 1590 1501 1652 compara-

400 1666 522 1731 “tione
545 1668 696 1731 Paulines
717 1668 801 1731 inter
815 1675 848 1731 et
869 1667 1103 1751 apocalypticus
1117 1667 1268 1752 epistolas
1285 1668 1355 1752 jam
1375 1690 1439 1731 nou
1456 1669 1500 1732 ad

400 1776 422 1808 “
437 1777 643 1854 utrarumque
657 1776 799 1846 aetatem,
815 1790 923 1832 verum
938 1769 1097 1833 duntaxat
1111 1771 1152 1833 ad
1168 1769 1381 1854 septenarium
1391 1792 1502 1835 uume-

400 1879 423 1910 “
439 1893 509 1934 rum
524 1870 718 1955 spectante?

443 1971 480 2034 P.
494 1992 535 2056 39
537 1990 567 2055 5.
582 1971 602 2034 l.
616 1989 666 2052 29.
679 1971 964 2055 prima-secunda
974 1970 1031 2034 &c
1041 1970 1115 2053 dcc]
1131 1970 1207 2034 For.
1222 1971 1344 2055 legend.
1350 1991 1500 2055 prtum—

398 2074 530 2148 smmtdo,
546 2081 644 2154 atque
658 2072 706 2134 ita
721 2071 876 2155 deinceps.

443 2176 481 2236 P.
493 2175 568 2257 396.
585 2173 605 2234 l.
622 2192 647 2233 1.
664 2171 873 2256 correbtione]
890 2171 941 2235 Sic
957 2172 1087 2255 antique
1102 2195 1160 2256 pro
1174 2173 1366 2257 correptione.

445 2274 526 2336 ibid.
555 2295 619 2336 una
643 2280 752 2335 temen
778 2294 835 2356 per
863 2294 989 2335 omnem
1014 2274 1123 2337 orbem
1149 2282 1244 2337 terrae
1273 2272 1404 2338 ecclesia
1429 2295 1498 2337 esse

399 2374 581 2437 denoscitur
595 2373 844 2458 (dignoscitur).]
870 2373 1088 2437 Tertullianus
1102 2375 1153 2437 De
1170 2376 1408 2459 Proesompte'me
1421 2374 1498 2436 Hae

398 2476 559 2538 reticerem
583 2497 652 2559 cap.
666 2493 716 2539 20.
759 2476 852 2539 Omne
873 2498 966 2560 penes
995 2475 1039 2538 od
1065 2476 1208 2559 seminem
1233 2497 1320 2538 mom
1344 2485 1498 2538 censeatur

398 2597 508 2640 necesse
521 2585 572 2639 est.
616 2577 725 2660 Itaque
740 2585 781 2639 tot
795 2598 832 2640 oc
846 2585 939 2639 toctoe
952 2576 1082 2640 ecclesie
1095 2598 1159 2640 ooo
1171 2586 1212 2640 est
1222 2576 1280 2640 ille
1293 2575 1332 2640 ab
1345 2576 1498 2660 Apostolis

381 2679 511 2762 'primm
526 2699 563 2740 ee
583 2698 644 2761 quo
664 2698 772 2741 mesces.
815 2678 870 2741 Sis
889 2699 987 2740 omues
1003 2678 1125 2761 ptime,
1141 2687 1169 2742 et
1189 2700 1287 2741 onmes
1307 2676 1497 2761 Apostolicoe,

398 2781 472 2845 dem
495 2801 559 2844 ono
583 2800 688 2844 omme.
734 2778 873 2844 Prodoat
897 2779 1043 2842 unitatem
1066 2779 1308 2844 communicatio
1330 2778 1417 2864 pacis
1438 2781 1495 2843 &a

399 2882 451 2947 Sic
475 2904 567 2946 voces
588 2881 770 2966 interpunxi
792 2881 826 2944 in
851 2883 1041 2965 demptorem
1063 2882 1174 2946 Eccles.
1200 2882 1368 2967 opusculis,
1390 2880 1449 2944 vol.
1467 2882 1495 2942 1.

397 3004 573 3150 pallidill.
592 3106 623 3170 3.
653 3085 728 3149 licet
753 3091 875 3168 septem
905 3085 1043 3149 eeclesiis
1072 3085 1191 3151 scribat
1215 3085 1288 3169 &c.]
1321 3083 1496 3159 Stosohius,

399 3191 512 3253 Corma.
539 3190 589 3252 De
613 3186 776 3250 Librorum
801 3187 845 3249 N.
866 3187 901 3250 Τ.
928 3187 1056 3251 anom.
1083 3189 1112 3268 5
1129 3187 1183 3250 lix.
1232 3186 1366 3250 “Aliud
1391 3184 1497 3249 adhuc

399 3290 541 3354 “saeculi
556 3312 589 3351 u.
606 3289 653 3351 vel
669 3311 713 3349 111.
729 3287 867 3352 ineuntis
881 3286 1048 3371 vestigium
1068 3287 1175 3350 mihi
1166 3309 1199 3350 rn
1217 3308 1254 3350 eo
1276 3287 1429 3371 reperisse
1450 3286 1495 3350 vi·

397 3400 419 3429 “
435 3392 521 3466 deor,
537 3390 619 3474 quod
637 3388 762 3452 Auctor
775 3386 957 3472 fragmenti,
972 3408 1138 3451 numerum
1148 3387 1349 3452 ecelesiarum
1362 3389 1497 3471 adquae

398 3498 419 3529 “
433 3489 597 3572 apostolus
618 3488 737 3550 Paulus
756 3487 905 3570 epistolas
928 3486 1065 3572 scripsit,
1080 3487 1121 3549 ad
1145 3485 1354 3549 imitationem
1380 3486 1497 3569 episto-

398 3602 420 3631 “
435 3592 538 3655 larum
552 3590 573 3652 J
575 3588 708 3652 ohannis
729 3590 771 3651 ed
795 3594 917 3671 septem
941 3588 1088 3652 ecclesias
1102 3588 1202 3659 Asiae,
1223 3587 1344 3671 pariter
1362 3587 1403 3650 ad
1426 3609 1496 3671 sep

398 3702 419 3732 “
434 3692 592 3757 tenarium
613 3690 757 3753 reducat.
805 3688 917 3752 Fuisse
940 3690 1025 3753 enim
1044 3689 1172 3752 ineunte
1191 3688 1306 3752 saeculo
1321 3710 1366 3764 111,
1385 3688 1439 3772 qui
1462 3689 1495 3752 in

398 3802 419 3833 “
434 3816 472 3858 co
497 3791 681 3878 mysterium
709 3790 837 3874 aliquod
867 3789 1079 3873 quaesiverint,
1108 3790 1213 3853 videre
1241 3798 1291 3852 est
1320 3790 1405 3874 apud
1434 3790 1495 3876 (ty-

399 3906 420 3935 “
435 3896 582 3981 priauum
605 3894 659 3957 lib.
675 3892 695 3956 i.
726 3893 846 3957 Testem.
876 3891 947 3955 odo.
975 3890 1052 3954 Jet.
1078 3911 1146 3974 cap.
1164 3908 1216 3955 20.
1263 3891 1354 3966 Item,
1383 3891 1496 3956 scribit

397 4003 417 4033 ‘⁴
433 3995 620 4079 Opprianus,
636 3992 668 4054 in
682 3990 839 4069 βασιλέων
849 3991 972 4074 pm'mo:
995 3989 1105 4053 sterilis
1118 3998 1229 4071 septem
1236 3989 1366 4072 peperit,
1381 3998 1409 4051 et
1427 4010 1496 4072 qum

397 4106 419 4136 “
430 4097 580 4180 plurimos
593 4092 804 4176 lobedatflts'os
817 4093 979 4178 itptrnmto
993 4100 1042 4154 est.
1079 4090 1164 4154 Filii
1177 4099 1277 4153 cotem
1293 4098 1410 4173 septem,
1425 4100 1496 4153 sont

396 4207 417 4237 “
431 4199 557 4262 ecclesie
570 4206 687 4281 septem.
726 4194 821 4256 Unde
836 4203 869 4256 et
884 4193 1004 4256 Paulus
1019 4200 1141 4276 septem
1155 4190 1293 4255 ecclesiis
1308 4190 1444 4274 scripsit,
1460 4197 1495 4255 et

396 4308 419 4340 “
435 4297 643 4383 Apocalypsis
657 4295 804 4359 ecclesias
822 4300 944 4377 septem
966 4292 1067 4376 ponit,
1083 4303 1118 4355 ut
1141 4302 1283 4355 servetur
1297 4291 1495 4375 septenarius

396 4408 418 4438 ‘⁸
434 4420 594 4474 numerus,
610 4407 643 4461 ot
657 4397 722 4460 dies
734 4404 850 4479 septem,
865 4391 971 4478 quitus
988 4394 1071 4456 Deos
1085 4393 1230 4456 mecedem
1243 4393 1332 4475 fecit,
1346 4400 1380 4455 ot
1394 4392 1495 4475 capeti

397 4508 416 4536 “
430 4510 535 4579 septem
557 4499 610 4583 qm'
631 4498 774 4562 osststmt
794 4506 864 4559 oete
874 4495 994 4578 sociem
1008 4494 1100 4557 Dei?q
1135 4493 1233 4575 (Vide
1255 4502 1288 4558 et
1310 4494 1410 4579 ejusd.
1433 4495 1493 4577 Gy-

435 4598 443 4612 '
488 4597 496 4611 '
808 4594 829 4609 '⁸
1200 4594 1207 4608 ⁶
1245 4594 1252 4608 ¹
1346 4601 1367 4633 ‘t

395 4596 649 4780 etms
668 4593 1303 4779 eistetensem
