3809 5650
508 687 572 750 412
878 682 1230 747 ANNOTATIONES

511 863 530 892 “
546 856 626 917 Jesu
651 852 780 928 Christi,
804 851 968 938 passionis,
993 851 1240 927 resurreetionis‚
1265 852 1513 916 eonversationis
1539 874 1616 918 oum

512 964 533 995 “
549 955 719 1038 discipulis,
734 975 847 1037 nempe
866 975 887 1017 a
906 954 1148 1029 resurreetione,
1162 953 1341 1038 geminique
1355 955 1423 1038 ejus
1442 956 1615 1032 adventus,

513 1055 645 1120 “veluti
668 1055 833 1140 potissimo
853 1055 971 1137 capita,
991 1063 1107 1118 ounota
1128 1055 1290 1119 redueat.”
1336 1055 1416 1119 Haee
1440 1055 1501 1119 ille.
1548 1057 1616 1120 Sed

513 1159 634 1222 interea
648 1156 878 1232 convenienter,
893 1162 930 1218 ut
951 1155 1075 1239 opinor,
1089 1178 1162 1219 oum
1178 1163 1307 1219 auctore
1322 1157 1502 1241 Fropmeati
1516 1157 1616 1241 hujus

513 1259 550 1322 de
566 1261 687 1322 Conone
705 1257 790 1319 Novi
808 1257 883 1321 Teet.
903 1255 935 1322 S.
950 1256 1165 1341 Hieronymus
1187 1257 1220 1320 in
1240 1258 1379 1341 Epistolz
1401 1259 1445 1321 ad
1463 1259 1615 1322 Pamma-

513 1359 623 1434 olium,
639 1380 708 1441 quae
723 1367 773 1421 est
793 1359 833 1421 de
847 1358 978 1441 Optimo
994 1359 1118 1422 Genere
1140 1361 1390 1443 interpretandi,
1406 1359 1465 1422 hoo
1486 1361 1614 1444 posuit:

514 1463 690 1523 Scamnum
712 1460 844 1522 validas
863 1459 991 1542 spiritsa
1012 1460 1126 1523 unitate
1144 1460 1309 1525 coneordat
1330 1484 1362 1548 p.
1372 1479 1447 1544 373.
1462 1462 1513 1526 ed.
1530 1461 1614 1524 Fro-

513 1560 606 1624 benii.

560 1665 597 1725 P.
610 1680 683 1746 395.
698 1662 718 1724 Ι.
735 1682 760 1725 1.
776 1663 862 1746 fidei]
882 1662 954 1727 Oor.
972 1663 1061 1725 fides.
1085 1661 1275 1727 Fusmnunr..

561 1763 643 1826 lbid.
658 1764 835 1847 principali]
861 1763 984 1827 Forsan
997 1764 1108 1827 Graeee
1128 1762 1281 1847 seriptum
1302 1762 1417 1838 suerat,
1435 1763 1613 1848 ἡγεμονικῷ.

517 1864 683 1928 Philoxeni
697 1865 803 1948 glossa
817 1872 876 1940 est,
889 1863 1100 1942 Ἤγεμονικὸν,
1110 1863 1297 1946 principale.

561 1966 644 2028 Ibid.
660 1965 681 2027 l.
691 1985 721 2049 3.
738 1966 778 2028 de
792 1965 1044 2046 conversatione]
1064 1963 1228 2026 Excidisse
1239 1985 1300 2027 vox
1315 1962 1444 2026 Domini
1459 1962 1594 2030 videtur.

560 2066 643 2129 lbid.
660 2065 680 2127 l.
690 2083 721 2146 5.
737 2065 840 2149 primo
855 2065 887 2127 in
902 2064 1083 2128 humilitate
1094 2065 1261 2148 despectus
1273 2063 1501 2147 quodfore....]
1519 2066 1614 2128 roa

517 2187 620 2228 remas
629 2187 720 2227 voces
730 2165 773 2228 sio
783 2171 1067 2247 repraesentaverat
1078 2164 1247 2227 Muratori.
1260 2165 1345 2249 quod
1353 2165 1493 2228 ro...Ait
1504 2164 1614 2228 Frein-

519 2266 627 2329 daller.
644 2273 666 2302 “
678 2267 738 2327 hoo
753 2287 792 2327 ne
807 2265 990 2347 conjectura
1005 2265 1132 2348 quidem
1147 2265 1272 2328 restitui
1288 2287 1399 2349 posse;
1422 2287 1524 2348 neque
1536 2264 1614 2330 mihi

519 2374 538 2402 “
555 2365 658 2427 looum
673 2365 838 2447 supplendi
853 2366 936 2430 ratio
951 2369 1110 2430 oonstut.”
1148 2366 1239 2431 Nuno
1253 2387 1313 2449 ego
1327 2373 1401 2452 post
1415 2365 1615 2431 collationem

518 2465 634 2528 oodiois
655 2464 743 2528 MSti
764 2487 784 2528 a
804 2464 840 2528 ol.
858 2465 950 2530 Nott.
972 2466 1153 2531 institutam
1168 2466 1334 2550 legendum
1353 2466 1495 2549 oonjioio,
1509 2466 1615 2550 priato

518 2567 553 2628 ia
567 2565 737 2628 humilitate
752 2567 935 2650 despectum
949 2567 1022 2648 (vel,
1038 2568 1215 2651 despectui)
1231 2566 1311 2652 quod
1323 2567 1415 2629 foret.
1457 2567 1522 2629 Adi
1534 2568 1615 2630 Ter-

518 2667 684 2732 tullianum
698 2666 731 2728 in
746 2666 945 2752 Apohpetioa
967 2690 1035 2752 oap.
1050 2688 1100 2732 αι.
1125 2666 1250 2731 Duobus
1269 2667 1359 2742 euim,
1375 2666 1487 2750 inquit,
1503 2666 1614 2731 odoen-

517 2768 595 2833 tilue
614 2768 675 2851 ejus
688 2769 871 2855 sipiificatia
887 2768 1002 2853 primo,
1018 2770 1071 2853 qui
1087 2768 1156 2855 jam
1174 2775 1351 2854 expunctus
1371 2775 1421 2833 est
1439 2769 1472 2832 in
1491 2768 1616 2833 humili·

518 2879 586 2936 tate
606 2870 795 2933 conditionis
815 2870 972 2945 humana,
987 2872 1122 2948 eiciendo,
1138 2872 1191 2956 qui
1213 2870 1409 2934 aalma
1427 2871 1533 2935 soeoulo
1556 2872 1615 2935 im-

516 2974 608 3037 minet
622 2972 656 3034 ia
669 2969 851 3034 sublimitate
867 2970 1041 3034 diuinitatis
1055 2982 1184 3048 aarum
1195 2973 1334 3056 prinlum
1345 2994 1405 3035 noa
1415 2972 1617 3057 iruellipeudo,

517 3074 684 3149 wemmam,
700 3093 785 3155 quera
802 3070 992 3153 manifestius
1008 3072 1215 3155 proedicutum
1236 3083 1359 3160 sperem
1381 3072 1462 3155 (soil.
1481 3074 1504 3135 J
1506 3074 1615 3155 udaei),

518 3195 612 3236 unum
637 3172 890 3235 estimaveram.
936 3171 1036 3250 Quem
1064 3172 1191 3256 quidem
1216 3172 1403 3238 Tertulliani
1427 3174 1532 3236 looum
1555 3175 1618 3257 Cy·

519 3272 648 3354 prianus
677 3270 821 3333 imitatus
845 3270 931 3333 haud
956 3270 1050 3354 longe
1073 3292 1093 3334 a
1119 3271 1181 3335 fine
1206 3272 1357 3355 Opusouli
1383 3273 1432 3335 Do
1460 3272 1618 3335 Idohrum

528 3372 667 3434 Vanitati
681 3371 749 3433 haeo
764 3369 883 3433 scribit.
931 3370 992 3433 Sed
1003 3372 1170 3454 eipaifieato
1183 3372 1304 3456 duplici
1320 3372 1383 3455 epus
1401 3374 1619 3448 ademauro

519 3472 572 3555 qui
593 3470 729 3532 euerdtio
751 3479 777 3532 et
801 3470 931 3554 compl>
956 3469 1084 3534 hominio
1101 3473 1294 3556 supparetur,
1318 3473 1412 3537 altero
1435 3475 1489 3557 qai
1516 3475 1619 3536 Deum

511 3574 690 3655 falerati,-
714 3591 773 3633 aea
793 3570 984 3653 intellipeado
998 3571 1139 3653 primiuu
1161 3573 1330 3650 adventius,
1352 3574 1405 3657 qui
1424 3575 1459 3637 ia
1477 3572 1620 3658 passione

516 3671 670 3757 processit
689 3669 934 3745 occultantium
960 3678 1077 3733 tautum
1098 3672 1223 3735 creditit
1243 3672 1296 3758 qui
1318 3672 1379 3735 erit
1401 3672 1434 3734 in
1456 3680 1619 3756 potestate

520 3772 716 3836 manifestus.
749 3768 829 3831 Haeo
845 3769 1021 3855 Cyprianus
1029 3796 1039 3846 ;
1062 3772 1213 3835 Centoras
1228 3773 1316 3849 item,
1333 3794 1402 3856 quae
1421 3773 1527 3857 posuit
1543 3773 1620 3837 Ter·

521 3873 670 3942 tullianus
686 3870 790 3955 eapite
803 3871 861 3935 ult.
877 3870 949 3934 libri
966 3871 1014 3934 sui
1029 3872 1172 3938 adversus
1185 3872 1320 3937 Judaeos.

565 3974 647 4035 Ibid.
663 3972 724 4035 l.6.
747 3973 920 4035 seeundum
942 3980 1104 4056 potestate
1130 3972 1228 4056 regali
1243 3974 1443 4060 praeelarum]
1470 3976 1546 4038 Cor.
1568 3997 1617 4040 se·

521 4076 829 4159 cundo-praelaro.

567 4178 651 4240 Ibid.
666 4176 730 4237 l.8.
751 4183 820 4237 tam
840 4175 1039 4256 onustanter]
1067 4173 1111 4238 H.
1123 4195 1150 4237 e.
1174 4180 1243 4237 tam
1266 4173 1410 4250 fidenter,
1436 4180 1470 4239 et
1495 4196 1620 4239 asseve-

520 4286 639 4342 ranter.
667 4274 761 4338 Gloss.
785 4275 847 4338 Vel.
863 4273 1065 4349 constanter,
1082 4273 1240 4346 εὐσταθῶς,
1257 4275 1449 4355 tappulam.

565 4377 650 4440 Ibid.
665 4375 687 4436 l.
699 4376 727 4436 8.
744 4374 852 4436 diosus
866 4372 898 4436 in
914 4371 1100 4457 semetipso]
1121 4373 1267 4456 Conjeoit
1283 4372 1490 4439 Freinduller.
1507 4374 1545 4439 de
1561 4396 1621 4459 pro

521 4481 555 4541 iu
570 4475 794 4559 reponendum.

566 4575 647 4638 Ibid.
661 4574 680 4635 l.
697 4591 744 4639 12.
757 4573 857 4639 sedet
872 4574 1065 4655 auditorem]
1081 4574 1157 4641 For.
1169 4575 1346 4659 legendum,
1359 4597 1393 4639 se
1404 4584 1431 4639 et
1441 4575 1619 4658 auditam.
