3809 5650
500 713 740 779 EPISTOLA
762 715 1098 782 VIENNENSIUM
1121 717 1187 783 ΕΤ
1213 717 1358 783 LUGD.
1415 719 1479 782 31³

379 884 535 964 θάνατον
562 893 626 965 τοῦ
659 887 875 988 ἀμαρτωλοῦ
902 886 953 987 μὴ
987 889 1220 989 βουλομένου,
1251 891 1310 968 ἐπὶ
1346 887 1383 968 δέ
1413 888 1479 987 τὴν

379 1019 569 1118 μετάνοιαν
585 1023 871 1125 χρηστευυμένου
889 1028 997 1121 Θεοῦ,
1013 1025 1074 1104 ἵνα
1098 1027 1156 1104 καὶ
1174 1024 1285 1106 πάλιν
1304 1025 1480 1127 ἐπερωτη-

379 1160 495 1233 θῶσιν
514 1151 583 1235 ὑπὸ
607 1163 672 1234 τοῦ
695 1154 879 1258 ἡγεμόνος.
906 1161 1175 1243 ἐπιστείλαντος
1200 1158 1271 1263 γάρ
1293 1166 1357 1239 τοῦ
1382 1161 1477 1238 Καί-

379 1321 494 1389 σαρος
512 1285 594 1371 τοὺς
609 1288 677 1387 μέν
695 1292 1068 1391 ἀποτυμπανισθῆναι·
1089 1297 1118 1370 εἰ
1136 1292 1179 1371 δέ
1195 1326 1286 1376 τινες
1304 1295 1478 1395 άρνοῖντο,

351 1421 525 1508 §roricone
557 1427 793 1522 ἀπολυθῆναι·
826 1429 890 1524 τῆς
917 1424 1041 1505 ἐνθάδε
1067 1423 1308 1527 πανηγύρεως,
1332 1424 1411 1504 ἐστι
1439 1422 1479 1504 δέ

379 1559 470 1657 αὕτη
496 1559 780 1662 πολυάνθρωπος
807 1561 846 1638 ἐκ
877 1558 1023 1639 πάντων
1051 1566 1124 1638 τῶν
1157 1561 1270 1638 ἐθνῶν
1298 1594 1474 1664 συνερχο-

378 1689 495 1788 μένων
517 1697 565 1776 εὶς
589 1691 710 1792 αὐτὴν,
732 1693 930 1797 ἀρχομένης
955 1691 1184 1790 συνεστάναι,
1209 1695 1339 1794 ἀνῆγεν
1360 1695 1418 1773 ἐπὶ
1435 1691 1478 1772 τὸ

377 1828 480 1922 βῆμα
507 1824 696 1928 θεατρίζων
722 1823 804 1910 τοὺς
830 1826 1033 1929 μακαρίους,
1057 1827 1116 1906 καὶ
1143 1823 1379 1925 ἐμπυμπεάων
1400 1832 1479 1910 τοῖς

378 1958 514 2064 ὄχλοις.
545 1959 600 2041 διὸ
628 1962 686 2040 καὶ
712 1960 824 2041 πάλιν
851 1957 1010 2062 ἀνῆταζε·
1043 1963 1100 2040 καὶ
1129 1960 1210 2039 ὅσοι
1237 1959 1302 2058 μὲν
1334 1957 1478 2039 ἐδόκουν

331 2096 560 2176 ιοπολιτείαν
590 2096 776 2194 Ῥωμαίων
807 2096 1007 2200 ἐσχηκέναι,
1039 2094 1174 2175 τούτων
1203 2094 1375 2194 ἀπέτεμνε
1411 2093 1476 2179 τὰς

377 2229 549 2336 κεφαλάς·
568 2229 650 2314 τούς
668 2229 706 2309 δέ
724 2228 872 2313 λοιποάς
890 2229 1045 2329 ἔπεμπεν
1062 2233 1111 2313 είς
1128 2230 1244 2330 θηρία.

433 2361 494 2466 ιγ’.
522 2363 736 2471 Ἐδοξάζετο
753 2364 792 2445 δέ
810 2363 978 2467 μεγάλως
997 2366 1017 2444 ὃ
1035 2362 1198 2468 Χριστὸς
1215 2366 1273 2444 ἐπὶ
1291 2371 1365 2448 τοῖς
1383 2362 1474 2466 πρά-

376 2530 480 2599 τερον
497 2497 764 2601 ἀρνησαμένοις,
782 2498 863 2577 τάτε
880 2495 980 2600 παρά
998 2495 1064 2596 τῆν
1081 2503 1154 2576 τῶν
1175 2498 1287 2576 ἐθνῶν
1305 2495 1475 2577 ὑπόνοιαν

376 2630 610 2731 ὁρωλογοῦσι.
642 2635 700 2710 καὶ
721 2633 792 2735 γὰρ
821 2633 891 2737 ἰδίᾳ
915 2632 1013 2711 οὗτοι
1041 2630 1266 2732 ἀντράζοντο,
1293 2633 1343 2713 ὡς
1367 2634 1474 2730 δῆθεν

332 2763 701 2865 15ἀπολυθησάμενοι·
741 2767 801 2845 καὶ
833 2766 1102 2867 ὁμολογοῦντες,
1133 2765 1388 2867 προσετίθεντο
1423 2769 1475 2871 τῷ

375 2907 449 2980 τῶν
465 2897 655 3003 μαρτύρων
668 2897 804 3006 κλήρῳ.
832 2899 971 2998 ἔμειναν
984 2896 1022 2977 δέ
1039 2897 1121 3003 ἐξω,
1135 2902 1168 2976 οἱ
1184 2896 1273 2998 μηδὲ
1286 2896 1385 3002 ’ίχνος
1397 2898 1475 2979 πά-

375 3065 463 3112 πυιε
480 3032 646 3128 πίστεως,
660 3030 753 3132 μηδὲ
778 3031 950 3131 αἴσθησιν
973 3030 1165 3132 ἐνδύματος
1183 3037 1371 3139 νυμφικοῦ,
1384 3031 1475 3134 μηδὲ

376 3274 427 3354 qui
461 3293 514 3333 υοιι
547 3274 606 3333 nult
645 3283 759 3334 moriem
795 3296 897 3354 pecca-
948 3284 1109 3335 ostentans.
1149 3275 1283 3352 Cumque
1297 3273 1363 3333 dios
1377 3273 1474 3334 denuo

376 3353 456 3420 toris,
481 3353 532 3412 sed
559 3374 613 3433 pro
640 3374 693 3414 sua
718 3354 899 3434 benignitate
948 3355 1163 3449 interrogasset,
1197 3355 1364 3432 quicunque
1396 3354 1474 3414 cives

328 3450 367 3490 ao
376 3433 413 3492 ad
433 3433 636 3528 penitentiam
659 3434 759 3513 potius
782 3435 897 3503 invitat,
950 3434 1074 3494 Romam
1114 3455 1147 3494 re
1184 3436 1224 3494 rti
1261 3445 1342 3501 sunt,
1378 3434 1474 3514 capite

375 3514 521 3572 mitiorem
532 3514 575 3572 eis
585 3534 703 3573 succum
713 3513 897 3584 infundente.
948 3514 1087 3585 trunmti,
1121 3535 1153 3575 re
1167 3516 1227 3594 'qui
1264 3514 1365 3574 traditi
1404 3526 1474 3574 suut

374 3593 412 3652 ad
435 3593 563 3651 tribuual
586 3613 739 3659 accessere,
760 3614 819 3672 quo
841 3596 897 3653 ite·
948 3593 1059 3654 bestiis.

375 3692 440 3732 rum
457 3693 475 3731 a
494 3672 622 3733 Proeside
640 3674 898 3751 interrogarentur.
993 3692 1039 3748 13.
1055 3674 1193 3734 Ceterum
1207 3673 1311 3751 ingens
1320 3674 1412 3751 gloria
1425 3694 1473 3733 ac·

374 3753 494 3830 Quippe
535 3753 708 3832 rescriptum
742 3754 840 3812 fuerat
881 3776 899 3815 a
948 3756 1035 3814 cessit
1049 3755 1168 3813 Christo
1181 3774 1234 3832 per
1254 3773 1304 3812 eos
1322 3755 1373 3831 qui
1391 3754 1474 3828 priua

327 3835 497 3907 ascesare,
521 3844 556 3892 ut
583 3835 755 3893 confitentes
781 3833 898 3911 quidem
948 3834 1066 3911 quidem
1092 3843 1277 3912 negaverant,
1305 3844 1377 3891 tunc
1404 3853 1473 3891 vero

373 3911 471 3990 gladio
489 3914 688 3973 cederentur:
710 3913 741 3971 hi
760 3933 829 3972 vero
847 3916 897 3990 qui
948 3912 1161 3972 confitebantur
1175 3912 1262 3970 fidem
1274 3912 1382 3970 Christi
1396 3931 1470 3990 prte-

373 4004 523 4069 negarent,
562 3993 781 4051 dimitterentur
819 3992 898 4052 inco-
947 4003 994 4051 ter
1017 4012 1097 4070 spem
1116 4002 1207 4068 atque
1227 3991 1472 4068 exspectationem

373 4071 476 4131 lumea
542 4072 668 4131 Ineunte
713 4072 803 4150 igitur
850 4094 896 4130 so·
947 4071 1122 4130 Gentilium.
1176 4069 1218 4127 Hi
1251 4068 1394 4147 siquidem
1428 4090 1472 4130 se·

373 4151 462 4210 lemni
490 4150 567 4228 apud
594 4172 647 4210 nos
678 4162 817 4218 mercatu,
846 4154 896 4229 qui
946 4171 1044 4209 orsum
1082 4151 1252 4227 interrogati
1288 4160 1358 4208 suut
1389 4150 1472 4227 qaaai

324 4232 499 4304 3omaxima
538 4232 689 4290 homiuum
730 4231 897 4308 frequentia
946 4251 1015 4289 mox
1040 4230 1217 4290 absolvendi.
1257 4229 1412 4301 Quicum
1440 4250 1472 4289 se

373 4311 544 4378 celebratur,
570 4321 674 4389 utpote
697 4330 734 4369 ex
762 4311 897 4370 omnibus
946 4311 1129 4369 Christianos
1149 4310 1272 4369 confessi
1294 4319 1401 4379 essent,
1425 4329 1470 4369 re-

372 4392 490 4469 populis
520 4413 554 4451 ac
581 4390 739 4468 proviaciis
767 4410 803 4449 eo
826 4410 894 4449 cou-
946 4390 1092 4529 pppomm
1141 4399 1301 4469 martyrum
1349 4408 1472 4449 numero

371 4470 507 4531 veniente
536 4472 664 4529 virorum
692 4469 894 4540 multitudine,
1014 4469 1084 4548 ripti
1114 4479 1193 4528 suut.
1246 4469 1337 4527 Foras
1371 4480 1469 4528 autem

373 4550 485 4610 Proeaes
503 4551 683 4611 beatissimos
704 4561 846 4630 martyres
859 4550 897 4609 ad
946 4559 1115 4608 manseramt
1146 4549 1177 4619 ii,
1208 4568 1332 4625 quorum
1367 4549 1471 4607 animis

321 4650 361 4708 35
371 4630 502 4690 tribuual
520 4631 623 4690 adduci
641 4631 740 4707 jussit,
757 4641 895 4707 tauquam
945 4648 1001 4688 uec
1024 4629 1179 4707 vestigium
1203 4628 1296 4687 ullum
1318 4628 1396 4696 fidei,
1416 4648 1471 4688 nec

372 4710 403 4767 iu
425 4711 562 4770 theatrali
586 4731 692 4790 pompa
715 4730 765 4770 eos
786 4709 896 4790 populo
946 4709 1109 4768 reverentia
1129 4709 1219 4769 vestis
1243 4708 1392 4788 nuptialis,
1417 4727 1471 4768 uec

416 4832 484 4875 von.
501 4830 525 4872 1.
985 4826 1031 4870 ss
