3809 5650
482 675 546 736 482
844 669 1223 732 ANNOTATIONES

481 859 607 922 quoque
628 838 663 899 is
687 834 743 899 ch
768 857 789 899 a
816 835 917 898 Paulo
940 833 1097 897 Comitolo
1123 832 1237 896 Latine
1261 855 1352 897 versa
1376 833 1589 920 Venetiisque

481 937 570 1000 edita
584 958 668 999 anno
688 936 780 1017 1587.
795 957 866 1019 pag.
883 953 957 1018 345.
974 933 1125 1017 opuscula
1139 933 1250 995 eadem
1266 933 1420 1017 Origenes
1439 935 1587 999 adducit.

483 1036 546 1099 Sed
565 1037 607 1099 ad
630 1035 836 1110 Marcionem,
852 1037 900 1098 vel
921 1035 964 1098 ad
987 1034 1204 1109 Marcionitas,
1219 1034 1347 1117 aliquod
1373 1056 1453 1118 opus
1476 1036 1590 1120 hujus-

482 1136 567 1199 modi
588 1135 786 1219 pertinuisse,
803 1157 907 1210 nemo‚
923 1136 1007 1218 quod
1028 1135 1136 1210 sciam,
1152 1142 1271 1218 praeter
1291 1134 1375 1197 hunc
1395 1135 1589 1220 scriptorem

482 1236 634 1299 narravit.
679 1235 788 1300 Solum
803 1236 902 1299 habet
917 1235 1129 1319 Epiphanius,
1143 1242 1311 1318 postquam
1330 1235 1518 1318 mapalium
1537 1247 1589 1300 at

483 1357 544 1420 que
561 1336 755 1420 speculam
770 1335 944 1400 Marcionis
958 1334 1156 1408 memoravit,
1172 1336 1255 1397 ἄλλα
1269 1337 1301 1396 δὲ
1317 1335 1510 1414 συντάγματα
1532 1336 1587 1416 ἀφ’

484 1439 589 1498 ἑαυτοῦ
604 1435 750 1513 συνέταξε
766 1436 947 1518 (Marcion)
963 1442 1025 1500 τοῖς
1040 1434 1090 1497 ἀπ’
1105 1435 1194 1496 αὐτοῦ
1208 1434 1425 1512 πλανωμένοις.
1466 1436 1588 1500 Hoeres.

484 1535 550 1599 xlii.
566 1558 634 1620 cap.
651 1536 693 1599 ix.
709 1559 740 1620 p.
759 1556 834 1620 309.
855 1537 904 1600 ed.
926 1535 1061 1599 Patavii.
1106 1533 1157 1596 Ex
1182 1534 1296 1618 quibua
1318 1535 1467 1619 operibus
1486 1558 1588 1600 unum

485 1636 654 1699 Amitlcsoe
666 1636 788 1701 dictum
803 1636 1019 1701 Tertullianus
1034 1634 1149 1718 saepius
1163 1635 1309 1698 adduxit.
1355 1636 1417 1699 Sed
1436 1638 1589 1702 notabilis

484 1745 535 1801 est
557 1737 644 1801 locus
662 1737 809 1823 Origenis
832 1738 917 1820 apud
933 1735 1070 1799 Macarii
1090 1737 1187 1798 Orac
1204 1736 1239 1799 in
1255 1738 1374 1799 wem
1396 1759 1427 1818 p.
1444 1742 1517 1821 981.
1534 1740 1588 1802 ed.

486 1838 661 1902 Delaruan.
680 1840 735 1922 op.
754 1839 893 1922 origenis
948 1843 1052 1899 Ταῦτα
1066 1839 1098 1899 δὲ
1120 1840 1230 1915 εἴρηται
1250 1839 1324 1916 πρὸς
1343 1838 1409 1902 τοὺς
1428 1839 1488 1899 ἀπὸ
1506 1839 1590 1901 Οὐα-

485 1943 633 2011 λεντίνου,
647 1941 694 2002 καὶ
709 1941 872 2002 Βασιλίδου
894 1938 969 2020 (sic)
987 1937 1115 2002 καὶτοὺς
1130 1937 1189 1998 ἀπὸ
1201 1937 1386 2016 Μαρκίωνος.
1408 1938 1512 2019 ἔχουσι
1529 1942 1587 2017 γὰρ

487 2039 535 2102 καὶ
550 2039 633 2101 αὐτοὶ
647 2042 700 2105 τὸς
714 2037 814 2115 λέξεις
833 2040 868 2100 ἐν
885 2042 926 2121 τῷ
948 2036 1012 2100 καθ’
1029 2037 1150 2102 ἑαυτοὺς
1170 2037 1343 2120 εὐαγγελίῳ.
1389 2037 1486 2100 Unde
1509 2037 1588 2100 illud

486 2138 567 2200 bene
587 2138 795 2221 colligendum
819 2137 955 2212 videtur,
978 2157 1143 2198 commune
1168 2135 1297 2219 aliquod
1323 2135 1468 2200 extitisse
1493 2158 1588 2199 evan-

485 2237 602 2321 gelium
617 2230 714 2321 apud*
717 2236 999 2300 haeresiarcharum
1014 2235 1149 2298 istorum
1162 2234 1344 2318 discipulos,
1359 2234 1441 2297 dont
1455 2246 1532 2298 ante
1546 2237 1587 2298 ed

487 2339 658 2399 Aomnrnn
681 2337 846 2401 Osmonnu
868 2336 986 2410 notavi,
1009 2358 1080 2419 pag.
1105 2338 1156 2417 89.
1201 2335 1370 2398 Valentino
1391 2335 1588 2419 evangelium

486 2435 583 2499 fuisse
604 2437 739 2499 tradunt
761 2436 903 2498 Irenaeus
924 2436 978 2499 lib.
1000 2436 1043 2499 iii.
1058 2436 1128 2499 ado.
1145 2435 1261 2499 Heres.
1277 2457 1304 2498 o.
1326 2455 1372 2499 ιι.
1387 2444 1421 2500 et
1443 2436 1589 2520 Scriptor

487 2536 680 2620 Appmdiosb
700 2537 888 2602 Tertulliani
909 2538 958 2599 De
978 2537 1158 2620 Proserpi.
1182 2538 1299 2599 Hoerct.
1316 2558 1342 2599 c.
1358 2554 1390 2621 5,
1406 2545 1502 2621 prout
1524 2537 1587 2600 Ba·

487 2637 570 2700 silidi
585 2637 681 2701 fuisse
699 2636 768 2722 ipse
786 2639 883 2701 refert
898 2637 1052 2721 Origenes
1071 2637 1104 2699 in
1120 2637 1264 2700 Hersilia
1286 2657 1310 2699 1.
1325 2639 1361 2700 in
1374 2639 1449 2701 Lao.
1466 2661 1498 2722 p.
1514 2658 1588 2721 933.

488 2738 538 2803 ed.
554 2739 665 2802 Delar.
680 2745 718 2802 ut
737 2739 778 2801 de
793 2739 989 2822 Hieronymo
1008 2746 1106 2821 atque
1124 2738 1298 2800 Ambrosio
1318 2738 1409 2801 initio
1427 2740 1538 2802 Omnia.
1554 2740 1590 2801 iu

487 2840 569 2902 idem
579 2842 698 2924 Boane.
711 2840 843 2922 aliisque
853 2848 987 2904 taceam.
1027 2839 1203 2902 Marcionis
1212 2847 1322 2902 autem
1331 2840 1539 2923 evangelium,
1549 2863 1589 2904 ex

489 2962 584 3023 opere
600 2941 632 3004 S.
649 2940 742 3003 Lucae
757 2939 944 3013 coniectum,
958 2939 1148 3003 celebratius
1161 2946 1220 3012 est,
1234 2961 1330 3023 quam
1340 2947 1378 3003 ut
1390 2947 1474 3003 teste
1485 2949 1587 3024 egeat.

490 3040 574 3121 Quid
600 3063 676 3125 ergo
701 3039 858 3125 prohibet,
879 3040 956 3124 quin
980 3040 1180 3103 Psalmorum
1202 3040 1282 3103 liber
1303 3040 1460 3125 quispiam
1485 3041 1590 3104 tribus

489 3139 551 3203 illis
572 3141 678 3215 sectis,
698 3141 812 3225 quibus
834 3161 1017 3204 communes
1039 3140 1210 3223 opiniones,
1230 3141 1405 3203 communis
1427 3140 1524 3203 fuisse
1547 3142 1590 3202 vi·

490 3242 624 3306 deaturl
669 3244 781 3324 Neque
796 3249 924 3306 tantum
938 3240 971 3303 in
985 3240 1056 3303 loco
1075 3241 1218 3325 superius
1237 3240 1344 3317 allato,
1361 3262 1469 3304 verum
1491 3242 1591 3304 etiam

490 3340 576 3414 alibi,
593 3341 746 3424 Origenes
761 3340 979 3412 Valentinum,
996 3341 1177 3417 Basilidem‚
1194 3341 1400 3413 Marcionem,
1413 3363 1590 3404 memoran-

491 3441 534 3503 do
558 3441 649 3503 simul
673 3442 846 3524 conjunxit.
895 3442 973 3505 Vide
990 3444 1137 3505 Calenam
1158 3442 1245 3506 illam
1267 3444 1302 3506 in
1315 3442 1374 3507 ch
1389 3464 1410 3506 a
1431 3442 1591 3506 Comitolo

493 3540 612 3602 Latine
626 3539 747 3603 editam
762 3562 834 3624 pag.
852 3560 923 3624 237.
970 3542 1081 3626 Neque
1101 3543 1258 3606 diversum
1280 3543 1356 3627 quid
1374 3544 1518 3607 fecerunt
1538 3542 1593 3606 alii

491 3648 658 3715 auctores3
685 3647 723 3704 ut
747 3642 883 3724 exempli
907 3642 1015 3727 gratia
1037 3644 1184 3707 Clemens
1207 3645 1298 3706 Alex.
1324 3644 1357 3706 in
1382 3643 1496 3707 celebri
1522 3644 1600 3707 loco*

493 3743 603 3805 Stram.
618 3741 671 3804 lib.
688 3741 738 3804 vii.
757 3762 825 3825 cap.
845 3760 895 3825 17.
941 3743 1045 3807 Immo
1064 3766 1138 3807 vero
1159 3744 1206 3807 ita
1225 3743 1362 3807 scribere
1377 3743 1594 3828 Hieronymus

493 3842 619 3907 videtur
633 3844 673 3906 de
689 3842 886 3907 Priscilliano
901 3843 934 3907 iu
955 3866 1025 3928 cap.
1048 3864 1116 3911 121.
1132 3844 1185 3907 lib.
1202 3845 1252 3907 De
1268 3845 1353 3907 Viris
1366 3844 1421 3906 ru.
1438 3851 1475 3907 ut
1497 3866 1594 3907 unam

492 3945 701 4027 eandemque,
723 3953 781 4008 aut
804 3944 1009 4019 consimilem,
1032 3944 1157 4007 noveris
1179 3966 1248 4008 esse
1271 3945 1405 4007 istorum
1427 3942 1592 4016 haeresim,

495 4046 563 4108 Hic
575 4067 667 4128 usque
680 4045 767 4108 lodic
780 4068 801 4107 a
821 4045 1209 4119 marabutinorum&
1225 4055 1276 4118 eet,
1292 4044 1445 4107 Basilides
1461 4053 1488 4106 et
1503 4045 1595 4105 Mar·

494 4146 598 4220 rionis
623 4146 661 4207 de
686 4144 793 4229 quibus
816 4148 954 4208 Irenoeuc
978 4146 1111 4227 empsit,
1135 4145 1275 4209 hermem
1298 4154 1467 4216 accusatur,
1493 4143 1596 4226 defea-

494 4245 629 4309 dcntidau
643 4245 725 4320 aliis,
738 4266 798 4307 non
811 4246 857 4308 ita
871 4267 937 4307 acm
950 4246 1081 4321 munte,
1092 4256 1125 4308 ut
1136 4247 1287 4331 argentm.
1322 4245 1374 4308 Sic
1385 4245 1446 4308 ille.
1480 4244 1596 4327 Super·

494 4352 545 4408 est
556 4346 596 4407 de
605 4345 750 4421 Munda,
759 4346 886 4409 homine
895 4346 1014 4429 ignoto,
1026 4346 1080 4429 qui
1089 4347 1150 4411 boc
1160 4346 1230 4410 loco
1241 4354 1448 4420 memoratur,
1456 4364 1595 4418 monere,

496 4445 581 4508 nulla
606 4445 795 4528 cognatione
815 4466 887 4509 eum
903 4446 1051 4528 junctum
1066 4445 1164 4509 videri
1182 4441 1321 4509 Miltiadi
1344 4443 1594 4528 cataphrygum,

494 4544 561 4606 sive
578 4546 725 4608 Montani
741 4545 905 4630 discipulo,
916 4568 1010 4629 quam
1025 4547 1151 4610 Auctor
1166 4548 1357 4629 Anonymus
1374 4545 1485 4607 Omra
1502 4544 1596 4607 Cata·

489 4642 626 4726 piscopos
640 4647 856 4728 oppugnabat.
894 4646 998 4709 Porro
1012 4646 1059 4710 ita
1075 4645 1348 4710 Freindaller.-“
1362 4643 1526 4707 oborietur
1539 4643 1596 4705 du·
