3809 5650
599 1500 1027 1587 FRAGMENTUM
1062 1498 1433 1582 ACEPHALUM

797 1702 963 1761 mensu
985 1700 1229 1768 scaurosus.

493 1883 571 1955 QUI
593 1881 767 1940 SAECULO
790 1879 915 1939 VIXIT
938 1876 1046 1937 POST
1067 1877 1294 1936 CHRISTUM
1318 1877 1533 1945 SECUNDO,

637 2057 701 2119 DE
725 2057 919 2120 CANONE
943 2057 976 2119 S.
1000 2056 1397 2120 SCRIPTURARUM.

904 2265 1131 2296 —.-.Q.-

438 2457 455 2514 5
481 2435 612 2501 Primus
634 2432 729 2499 oditis
752 2434 962 2500 Munianus
987 2434 1022 2497 iu
1040 2434 1286 2519 Antiquitatibus
1309 2435 1433 2501 Itutiaia
1455 2436 1561 2501 Medii

524 2545 617 2624 AEvi,
632 2551 721 2610 tomo
731 2544 774 2609 iii.
789 2544 877 2609 Diss.
894 2566 981 2609 xum.
997 2565 1070 2631 pag.
1083 2545 1156 2628 854
1172 2545 1249 2609 edit.
1267 2544 1510 2628 Mediol.1740.

467 2748 554 2765 -
568 2667 770 2807 Quusus
799 2718 908 2774 amen
942 2708 1097 2787 interfuit,
1127 2717 1162 2774 a
1193 2709 1244 2779 ita
1276 2711 1394 2795 posuit.
1450 2711 1573 2789 nasio,

469 2822 635 2908 Evangelii
656 2822 772 2886 librum
794 2820 932 2886 seeundo
946 2821 1105 2906 (sortasu,
1128 2820 1208 2885 liber
1229 2822 1416 2909 seeundum)
1436 2822 1572 2890 Lueam.

470 2933 576 2998 Lucas
597 2932 659 2996 iste
680 2931 821 2995 mediana
843 2939 917 3015 post
937 2951 1103 2995 ascensum
1118 2929 1248 3009 Ohn'sti,
1264 2953 1336 2995 eum
1357 2953 1396 2996 eo
1421 2935 1515 3015 (aum,
1537 2939 1573 2994 ut

424 3070 461 3109 10
462 3043 534 3129 jum
561 3042 694 3127 repatuit
715 3039 940 3119 Fraiudullar.)
992 3039 1112 3105 Paulus
1136 3040 1227 3123 quasi
1251 3048 1290 3105 ut
1317 3041 1397 3125 (sor.
1423 3043 1471 3124 et)
1490 3040 1575 3125 juris

470 3150 649 3215 studiosum
677 3150 850 3214 seeundum
879 3147 1086 3213 adsumsisset
1115 3148 1243 3212 numeni
1268 3170 1326 3213 suo
1356 3170 1396 3212 ex
1426 3146 1574 3233 opinione

471 3259 665 3325 eonsaribset
689 3258 772 3342 (sor.
796 3279 903 3323 seeum
923 3256 1161 3342 adsumpsisset,
1176 3258 1304 3322 nomine
1323 3279 1380 3322 suo
1401 3279 1441 3321 ex
1465 3257 1574 3320 ordine

472 3368 670 3452 eonseripsit‚
691 3368 757 3431 eu.
778 3368 906 3448 mmm.)
945 3366 1119 3431 Dominum
1141 3373 1250 3431 tamen
1271 3388 1330 3432 nee
1352 3367 1420 3452 ipse
1442 3365 1522 3431 vidit
1539 3366 1574 3430 in

472 3498 587 3549 earne;
618 3482 653 3540 et
677 3476 761 3540 idem
785 3483 881 3563 prout
904 3478 1030 3560 assequi
1055 3477 1174 3563 potuit,
1200 3478 1248 3542 ita
1271 3486 1307 3543 et
1335 3488 1378 3543 ‘a
1405 3479 1575 3544 nativitate

427 3600 462 3662 15
474 3583 632 3648 iohannis
653 3583 770 3668 incipet
787 3585 921 3670 (insipit,
939 3588 1072 3672 reposuit
1093 3587 1286 3671 Fraudau.)
1302 3588 1415 3652 dicere.
1461 3587 1576 3668 Quarti

474 3694 719 3781 Evangeliorum
746 3697 828 3781 (sor.
854 3697 989 3773 Quarto,
1014 3694 1237 3780 Evangelium)
1266 3695 1424 3760 iohannis
1448 3717 1489 3759 ex
1514 3695 1575 3759 dis

474 3805 596 3893 eipulis.
637 3805 890 3871 Oehortantibus
912 3806 996 3890 (for.
1021 3805 1056 3867 Is
1075 3802 1332 3886 eohortantibus)
1355 3804 1577 3889 eondisaipulia

475 3921 510 3979 et
536 3914 701 4000 episcopis,
726 3915 791 3978 suis
816 3914 920 3989 dixit;
955 3913 1164 4000 conjejunate
1188 3912 1266 3976 mihi
1289 3913 1383 3977 hodie
1404 3914 1523 3993 triduo,
1542 3921 1577 3978 et

363 4049 365 4054 ·
474 4022 551 4105 quid
576 4022 689 4105 auique
712 4022 809 4087 suerit
833 4023 1017 4100 revelatum,
1043 4021 1234 4086 alterutrum
1266 4022 1358 4086 nobis
1386 4044 1577 4086 enarremus.

429 4159 468 4199 ιο
477 4128 600 4194 Eadem
632 4136 726 4194 noete
758 4132 932 4196 revelatum
962 4131 1102 4195 Andreae
1131 4153 1172 4195 ex
1201 4132 1362 4217 apostolis,
1397 4140 1435 4196 ut
1469 4153 1578 4216 reeog-

475 4238 680 4302 nosaentibus
700 4239 824 4303 eunetis
845 4239 1005 4304 «Iohannis
1021 4240 1213 4322 (Johaunes,
1233 4241 1424 4321 Fraiudutt.)
1443 4264 1500 4305 sue
1521 4263 1578 4304 ne·

477 4347 562 4410 mine
582 4354 697 4411 cuncta
717 4347 918 4412 describeret.
964 4349 1010 4412 Et
1031 4348 1104 4413 ideo
1125 4350 1200 4415 lieet
1221 4352 1310 4416 varia
1331 4350 1461 4435 singulis
1482 4372 1576 4414 evau-

471 4455 632 4538 geliorum
654 4455 743 4519 libris
763 4456 919 4543 principia
940 4458 1124 4536 doaeantur,
1147 4461 1225 4526 nihil
1252 4469 1361 4527 tamen
1382 4461 1489 4526 differt
1507 4483 1578 4525 are-

937 4680 952 4710 ⁸
963 4670 1024 4719 lua.
1035 4686 1087 4734 αφ.
1098 4671 1115 4718 i.
