3809 5650
674 695 722 758 IN
745 695 900 759 PAPIAE
924 697 1223 762 FRAGMENTA.
1455 702 1498 769 39

398 861 478 925 etin
494 859 883 944 sappaomen'oumnn
900 864 945 927 ad
959 863 1125 928 Eusebium
1140 865 1367 948 comprobante
1387 865 1499 929 Heini-

398 961 509 1025 cheno.
571 960 658 1040 Quos
677 963 746 1045 jam
771 971 898 1027 secutus
924 965 1080 1049 Stephani
1105 965 1272 1029 lectionem
1298 968 1441 1030 revocavi
1465 968 1498 1030 in

398 1064 490 1125 codd.
518 1062 622 1146 Rapio,
652 1063 760 1127 Poris.
790 1075 913 1149 utroque
941 1077 970 1129 et
998 1067 1186 1129 Florentius
1221 1075 1405 1151 repertam3
1442 1069 1498 1131 sed

398 1162 517 1226 retinet
539 1162 676 1226 alteram
694 1165 895 1228 Valesianam
921 1168 1094 1243 Burtonus‚
1111 1189 1206 1250 quam
1235 1174 1367 1232 tuentur
1391 1171 1499 1233 caeteri

400 1263 515 1327 MSSti
531 1271 575 1337 et,
590 1271 627 1327 ut
641 1265 775 1341 videtur,
792 1266 926 1330 Rufinus
940 1275 1032 1330 vetus
1045 1267 1212 1351 interpres.

445 1363 529 1426 Ibid.
547 1366 585 1430 ὥς
599 1365 637 1442 ἣν
648 1367 772 1432 δυνατὸς
787 1368 926 1453 ἕκαστος]
950 1367 1148 1452 Nicephorus
1162 1368 1261 1431 habet
1276 1370 1315 1434 ὣς
1328 1369 1366 1447 ἦν
1377 1370 1500 1437 δυνατὸς

400 1466 537 1542 ἕκαστος,
559 1466 610 1529 cai
633 1466 836 1529 subscribunt
862 1475 1001 1550 quatuor
1022 1467 1124 1531 nostri
1150 1467 1274 1530 codices
1299 1470 1385 1531 Mea.
1410 1469 1497 1533 Med.

400 1564 485 1628 Ful.
506 1572 540 1628 et
562 1566 749 1630 Savilianus.
772 1566 937 1630 Vsussrus.
984 1567 1037 1631 Ita
1061 1568 1215 1644 Valesius,
1231 1569 1285 1652 qui
1308 1577 1416 1633 tamen
1438 1571 1500 1634 lec-

399 1667 519 1730 tionem
534 1668 644 1731 codicia
659 1667 755 1751 Repis’
776 1669 814 1733 bs
835 1668 962 1745 ἠδύνατο
978 1668 1010 1730 in
1025 1675 1118 1732 textu
1134 1668 1276 1732 retinuit.
1324 1669 1499 1746 strothius,

399 1789 494 1851 quem
504 1769 556 1831 hic
565 1776 693 1832 secutus
703 1790 772 1831 sum
784 1770 824 1834 bc
837 1766 874 1846 ἢν
886 1769 1010 1834 δυνατὸς
1020 1768 1235 1850 recipientem,
1248 1768 1358 1832 adicis
1373 1792 1499 1854 quoque

407 1869 511 1932 Veneti
533 1871 628 1933 Δανα.
651 1870 756 1954 ipsum
781 1869 931 1932 exhibere
957 1869 1013 1946 ait,
1041 1868 1155 1951 quibus
1178 1876 1211 1932 et
1226 1868 1349 1932 Valesii
1373 1871 1499 1955 scriptis

399 1970 500 2033 addas
517 1971 591 2034 cod.
607 1971 746 2056 Norfobs.
761 1992 836 2035 uam
859 1970 1053 2034 Savilianum
1075 1970 1162 2032 illum
1184 1969 1383 2033 bibliothecae
1406 1971 1498 2034 Bodl.

396 2070 464 2153 jam
482 2072 668 2135 memoravit
684 2071 837 2135 Valesius.
882 2072 975 2135 Nunc
993 2094 1119 2155 quoque
1140 2071 1281 2156 adjicias,
1300 2071 1498 2136 Heinicbano

400 2179 434 2234 et
449 2171 592 2234 Burtone
607 2172 825 2249 referentibus,
841 2173 926 2235 codd.
943 2174 1133 2236 Drasdeoum
1152 2180 1185 2237 et
1199 2174 1400 2236 Florentiam.
1432 2174 1498 2238 Οε-

399 2278 504 2335 terum
525 2272 595 2336 baeo
609 2274 706 2336 verba
721 2272 831 2357 Papiae
851 2274 890 2335 de
912 2273 943 2336 S.
962 2273 1112 2337 Matthaei
1127 2274 1323 2337 versionibus
1344 2274 1498 2357 aliquate-

399 2394 459 2435 nus
487 2372 647 2437 illustrata
670 2373 788 2436 dixeris
813 2372 875 2436 illis
900 2374 1074 2459 Augustini
1101 2374 1140 2437 de
1163 2374 1390 2457 interpretibus
1416 2374 1497 2437 Novi

399 2473 598 2536 Testamenti
614 2473 751 2536 Latinis.
796 2475 908 2537 Lotici
922 2475 1093 2558 interpretes
1108 2474 1226 2557 (inquit
1247 2474 1314 2558 ille)
1336 2475 1496 2538 numerari

399 2573 598 2637 nullomodo
617 2581 771 2657 possunt:
801 2575 945 2638 Πιονίαι
967 2576 1073 2659 cuique
1087 2575 1203 2659 primis
1218 2575 1299 2656 fidei
1319 2574 1498 2659 temporales

399 2675 434 2737 ιἰι
454 2696 563 2738 mcum
583 2677 664 2738 omit
686 2675 774 2738 νοτίαν
797 2677 930 2753 Groemu,
947 2683 981 2739 et
1002 2675 1233 2759 aliquantulum
1255 2676 1417 2740 facultatis
1438 2676 1497 2739 sibi

400 2776 564 2860 utriusque
578 2775 693 2861 linguae
707 2776 826 2840 habere
840 2776 1016 2853 videbatur,
1031 2797 1122 2840 aucus
1141 2785 1181 2839 est
1195 2777 1401 2860 interpretari.
1447 2779 1497 2841 Dc

400 2877 551 2941 Doctrina
562 2877 749 2954 Christiana,
760 2878 814 2941 lib.
827 2877 859 2940 ii.
876 2898 922 2940 11.
933 2901 960 2940 c.
971 2879 1013 2940 ix.
1024 2901 1055 2962 p.
1068 2879 1140 2944 216.
1150 2884 1228 2940 torn.
1239 2877 1281 2939 iii.
1294 2877 1343 2940 ed.
1357 2877 1495 2941 Froben.

445 2978 529 3042 Ibid.
544 2978 564 3041 l.
581 2979 612 3043 6.
636 2979 683 3040 καὶ
698 2977 769 3061 ἀπὸ]
797 2977 941 3041 Addeuti
958 2977 1015 3039 ἀπὸ
1032 2999 1071 3040 ex
1091 2980 1137 3040 sd.
1154 2977 1253 3061 δευρί.
1270 2977 1497 3061 Nicoplercquc

401 3080 547 3143 Strothio
562 3079 755 3162 suffragatur
769 3079 833 3141 cod.
850 3080 923 3141 MS.
935 3078 1026 3141 Bodl.
1041 3100 1097 3141 seu
1113 3077 1214 3141 Sacil.
1230 3077 1279 3140 cui
1301 3099 1384 3141 nunc
1406 3079 1497 3142 addit

400 3187 534 3244 caeteros
548 3201 657 3242 omues
669 3180 841 3241 Burtonus.
887 3177 1004 3241 Omisit
1016 3177 1163 3241 Valesius
1177 3178 1284 3240 forsan
1299 3200 1339 3241 ex
1353 3178 1481 3242 incuria.

446 3280 528 3343 Ibid.
561 3282 608 3343 καί
630 3281 729 3357 ἄλλην
752 3280 887 3358 ἱστορίαν
908 3279 976 3356 περὶ
994 3277 1133 3358 γυναικὸς
1155 3279 1204 3341 ἐπὶ
1229 3286 1356 3344 πολλαῖς
1377 3282 1497 3359 ἁμαρτί-

401 3404 447 3445 αις
469 3379 695 3460 διαβληθείσης]
734 3377 788 3440 An
813 3377 881 3440 haec
905 3377 1001 3441 fuerit
1024 3377 1167 3453 historia,
1198 3399 1268 3461 quae
1298 3378 1338 3440 de
1367 3378 1497 3442 muliere

394 3479 547 3544 adultera
573 3479 605 3541 in
631 3486 723 3543 textu
748 3485 877 3561 recepto
903 3478 1056 3562 evangelii
1085 3478 1118 3541 S.
1140 3477 1278 3541 Joannis
1301 3486 1404 3555 extat,
1436 3479 1497 3542 etsi

401 3580 498 3643 verba
519 3580 564 3643 sic
587 3586 693 3642 vertat
712 3585 803 3643 vetus
828 3578 985 3662 interpres
1012 3578 1155 3655 Rufinus,
1176 3578 1271 3642 ιιίιιιιί
1292 3589 1318 3642 ct
1339 3579 1498 3642 historiam
1524 3640 1528 3647 ,

400 3681 558 3765 quemme
579 3678 730 3763 ενῲιναριι
758 3679 795 3742 ds
819 3679 946 3743 molare
975 3678 1126 3755 adultera,
1151 3700 1219 3763 qcoe
1247 3691 1388 3743 ασαιιεαια
1413 3691 1454 3744 est
1476 3704 1497 3743 α

400 3781 523 3845 luderis
543 3781 630 3863 epod
643 3780 821 3854 Dumium,
837 3779 914 3842 illud
928 3787 1037 3843 tamen
1052 3780 1207 3848 incertum
1230 3789 1298 3853 est;
1322 3781 1419 3844 immo
1441 3781 1497 3843 im-

401 3881 565 3965 probabile
579 3880 663 3942 idem
678 3879 802 3943 videtur
817 3879 931 3943 illustri
952 3880 1127 3942 Pearsonio
1141 3880 1174 3942 in
1191 3880 1344 3944 Vindiciis
1357 3883 1497 3965 Ιρτιατὶα

400 3982 459 4055 ais,
478 3982 514 4043 P.
530 3981 550 4043 i.
563 4002 630 4064 cap.
648 3999 679 4061 9.
702 4002 733 4062 p.
754 3998 820 4042 ιον.
843 3979 893 4041 ed.
910 3981 1006 4042 Cant.
1051 3980 1160 4043 Codex
1181 3980 1307 4062 quidem
1331 3979 1499 4044 Cantabri·

400 4082 527 4166 giensis,
544 4082 597 4164 qui
613 4083 706 4143 Bam
721 4079 795 4141 olim
810 4078 881 4154 fuit,
898 4101 956 4162 pro
971 4079 1109 4164 vulgatO,
1126 4082 1160 4142 ἔν
1174 4080 1292 4161 μοιχείᾳ
1308 4079 1498 4158 κατειλημμέ-

402 4206 467 4259 νην,
483 4182 581 4244 habet
596 4181 694 4256 istud,
711 4181 759 4242 ἐπὶ
774 4182 901 4261 ἁμαρτίᾳ
915 4187 1042 4259 γυναῖκα
1058 4178 1250 4256 είληρμίνην,
1264 4178 1320 4241 sed
1334 4178 1499 4243 evidenter

402 4290 540 4358 constat,
557 4281 681 4344 etiamsi
704 4287 852 4364 suspecta
873 4279 941 4341 haec
963 4278 1116 4363 evangelii
1137 4278 1284 4362 pericope
1304 4278 1415 4341 eadem
1433 4302 1502 4344 esse

402 4390 572 4446 censeatur
594 4388 693 4465 atque
714 4380 849 4444 historic
872 4379 1026 4462 Papiana,
1042 4378 1182 4442 nondum
1204 4399 1275 4442 eam
1297 4380 1397 4443 codici
1420 4380 1502 4445 Novi

402 4482 603 4547 Testamenti
618 4489 762 4565 tempore
777 4480 907 4543 Eusebii
922 4480 1076 4543 insertam
1091 4478 1197 4541 fuisse.

449 4584 534 4647 Ibid.
557 4583 577 4647 l.
595 4584 625 4646 8.
659 4581 809 4666 περιέχει]
842 4580 946 4643 Addit
974 4579 1149 4644 Eusebius:
1183 4580 1241 4643 Kal
1266 4585 1359 4643 ταῦτα
1385 4580 1408 4643 δ’
1431 4583 1502 4660 ἡμῖν

402 4686 572 4765 ἀναγκαίως
592 4684 667 4763 πρὸς
688 4686 750 4745 τοῖς
772 4682 936 4743 ἐκτεθεῖσιν
959 4679 1184 4759 ἓπιτετηρήσθω.
1231 4680 1330 4764 Atque
1350 4680 1414 4742 tao
1434 4701 1501 4741 cum
1602 4726 1606 4738 .
