<?xml version="1.0" encoding="UTF-8"?>
<!DOCTYPE html PUBLIC "-//W3C//DTD XHTML 1.0 Transitional//EN"
    "http://www.w3.org/TR/xhtml1/DTD/xhtml1-transitional.dtd">
<html xmlns="http://www.w3.org/1999/xhtml" xml:lang="en" lang="en">
 <head>
  <title>
</title>
<meta http-equiv="Content-Type" content="text/html;charset=utf-8" />
  <meta name='ocr-system' content='tesseract 3.04.00' />
  <meta name='ocr-capabilities' content='ocr_page ocr_carea ocr_par ocr_line ocrx_word'/>
</head>
<body>
  <div class='ocr_page' id='page_1' title='image "./reliquiaesacrae07routgoog_0493.png"; bbox 0 0 3809 5650; ppageno 0'>
   <div class='ocr_carea' id='block_1_1' title="bbox 505 676 1241 739">
    <p class='ocr_par' dir='ltr' id='par_1_1' title="bbox 505 676 1241 739">
     <span class='ocr_line' id='line_1_1' title="bbox 505 676 1241 739; baseline -0.001 0"><span class='ocrx_word' id='word_1_1' title='bbox 505 679 568 739; x_wconf 80' lang='lat'>410</span> <span class='ocrx_word' id='word_1_2' title='bbox 864 676 1241 738; x_wconf 80' lang='lat' dir='ltr'>ANNOTATIONES</span> 
     </span>
    </p>
   </div>
   <div class='ocr_carea' id='block_1_2' title="bbox 495 842 1614 4755">
    <p class='ocr_par' dir='ltr' id='par_1_2' title="bbox 503 842 1614 1230">
     <span class='ocr_line' id='line_1_2' title="bbox 508 842 1614 928; baseline 0.001 -22"><span class='ocrx_word' id='word_1_3' title='bbox 508 844 660 917; x_wconf 84' lang='lat' dir='ltr'>Nolanus,</span> <span class='ocrx_word' id='word_1_4' title='bbox 678 844 784 907; x_wconf 86' lang='lat' dir='ltr'>saeculi</span> <span class='ocrx_word' id='word_1_5' title='bbox 808 844 909 928; x_wconf 89' lang='lat' dir='ltr'>quinti</span> <span class='ocrx_word' id='word_1_6' title='bbox 932 844 1077 928; x_wconf 74' lang='lat' dir='ltr'>scriptor,</span> <span class='ocrx_word' id='word_1_7' title='bbox 1101 845 1128 907; x_wconf 89' lang='lat' dir='ltr'>is</span> <span class='ocrx_word' id='word_1_8' title='bbox 1148 844 1289 908; x_wconf 73' lang='lat' dir='ltr'>Carmine</span> <span class='ocrx_word' id='word_1_9' title='bbox 1310 864 1331 907; x_wconf 90' lang='lat' dir='ltr'>a</span> <span class='ocrx_word' id='word_1_10' title='bbox 1351 843 1389 907; x_wconf 91' lang='lat' dir='ltr'>el.</span> <span class='ocrx_word' id='word_1_11' title='bbox 1411 842 1614 928; x_wconf 87' lang='lat' dir='ltr'>Mingarello</span> 
     </span>
     <span class='ocr_line' id='line_1_3' title="bbox 503 944 957 1028; baseline 0.002 -21"><span class='ocrx_word' id='word_1_12' title='bbox 503 965 587 1008; x_wconf 90' lang='lat' dir='ltr'>anno</span> <span class='ocrx_word' id='word_1_13' title='bbox 606 947 687 1023; x_wconf 86' lang='lat'>1796</span> <span class='ocrx_word' id='word_1_14' title='bbox 702 944 838 1028; x_wconf 92' lang='lat' dir='ltr'>primum</span> <span class='ocrx_word' id='word_1_15' title='bbox 858 944 957 1019; x_wconf 86' lang='lat' dir='ltr'>edite,</span> 
     </span>
     <span class='ocr_line' id='line_1_4' title="bbox 634 1042 1488 1130; baseline 0.001 -23"><span class='ocrx_word' id='word_1_16' title='bbox 634 1045 757 1128; x_wconf 74' lang='lat' dir='ltr'>Sparsit</span> <span class='ocrx_word' id='word_1_17' title='bbox 771 1043 878 1129; x_wconf 75' lang='lat' dir='ltr'>aliq-uc</span> <span class='ocrx_word' id='word_1_18' title='bbox 893 1045 950 1108; x_wconf 83' lang='lat' dir='ltr'>loci</span> <span class='ocrx_word' id='word_1_19' title='bbox 965 1067 1091 1130; x_wconf 66' lang='lat' dir='ltr'>omenes</span> <span class='ocrx_word' id='word_1_20' title='bbox 1104 1067 1160 1107; x_wconf 84' lang='lat' dir='ltr'>sea</span> <span class='ocrx_word' id='word_1_21' title='bbox 1174 1042 1305 1108; x_wconf 72' lang='lat' dir='ltr'>menstra</span> <span class='ocrx_word' id='word_1_22' title='bbox 1315 1065 1377 1129; x_wconf 80' lang='lat' dir='ltr'>por</span> <span class='ocrx_word' id='word_1_23' title='bbox 1389 1043 1488 1120; x_wconf 80' lang='lat' dir='ltr'>arbes,</span> 
     </span>
     <span class='ocr_line' id='line_1_5' title="bbox 634 1145 1469 1230; baseline 0 -21"><span class='ocrx_word' id='word_1_24' title='bbox 634 1146 691 1209; x_wconf 75' lang='lat' dir='ltr'>Sa</span> <span class='ocrx_word' id='word_1_25' title='bbox 704 1145 786 1208; x_wconf 67' lang='lat' dir='ltr'>dedit</span> <span class='ocrx_word' id='word_1_26' title='bbox 801 1146 962 1208; x_wconf 80' lang='lat' dir='ltr'>Aadream</span> <span class='ocrx_word' id='word_1_27' title='bbox 977 1145 1093 1220; x_wconf 88' lang='lat' dir='ltr'>Patris,</span> <span class='ocrx_word' id='word_1_28' title='bbox 1105 1145 1276 1230; x_wconf 73' lang='lat' dir='ltr'>Ephesoque</span> <span class='ocrx_word' id='word_1_29' title='bbox 1289 1146 1469 1209; x_wconf 74' lang='lat' dir='ltr'><em>Iohannem.</em></span> 
     </span>
    </p>

    <p class='ocr_par' dir='ltr' id='par_1_3' title="bbox 503 1245 1612 2536">
     <span class='ocr_line' id='line_1_6' title="bbox 504 1245 1611 1329; baseline 0.002 -21"><span class='ocrx_word' id='word_1_30' title='bbox 504 1267 584 1309; x_wconf 89' lang='lat' dir='ltr'>vers.</span> <span class='ocrx_word' id='word_1_31' title='bbox 598 1261 650 1327; x_wconf 90' lang='lat'>77.</span> <span class='ocrx_word' id='word_1_32' title='bbox 665 1245 727 1308; x_wconf 88' lang='lat' dir='ltr'>vid.</span> <span class='ocrx_word' id='word_1_33' title='bbox 744 1255 777 1309; x_wconf 86' lang='lat' dir='ltr'>et</span> <span class='ocrx_word' id='word_1_34' title='bbox 792 1268 869 1309; x_wconf 89' lang='lat' dir='ltr'>vers.</span> <span class='ocrx_word' id='word_1_35' title='bbox 881 1266 922 1329; x_wconf 84' lang='lat'>33</span> <span class='ocrx_word' id='word_1_36' title='bbox 939 1247 970 1310; x_wconf 93' lang='lat' dir='ltr'>b.</span> <span class='ocrx_word' id='word_1_37' title='bbox 1001 1246 1110 1309; x_wconf 85' lang='lat' dir='ltr'>Patrae</span> <span class='ocrx_word' id='word_1_38' title='bbox 1125 1246 1201 1309; x_wconf 89' lang='lat' dir='ltr'>urbs</span> <span class='ocrx_word' id='word_1_39' title='bbox 1217 1246 1348 1310; x_wconf 86' lang='lat' dir='ltr'>Achaiae</span> <span class='ocrx_word' id='word_1_40' title='bbox 1365 1255 1423 1310; x_wconf 89' lang='lat' dir='ltr'>est.</span> <span class='ocrx_word' id='word_1_41' title='bbox 1468 1246 1611 1310; x_wconf 90' lang='lat' dir='ltr'>Missum</span> 
     </span>
     <span class='ocr_line' id='line_1_7' title="bbox 504 1346 1611 1430; baseline 0.004 -22"><span class='ocrx_word' id='word_1_42' title='bbox 504 1349 599 1430; x_wconf 87' lang='lat' dir='ltr'>porro</span> <span class='ocrx_word' id='word_1_43' title='bbox 613 1347 655 1408; x_wconf 93' lang='lat' dir='ltr'>ad</span> <span class='ocrx_word' id='word_1_44' title='bbox 670 1346 776 1429; x_wconf 90' lang='lat' dir='ltr'>Argos</span> <span class='ocrx_word' id='word_1_45' title='bbox 792 1347 957 1409; x_wconf 84' lang='lat' dir='ltr'>Andream</span> <span class='ocrx_word' id='word_1_46' title='bbox 976 1368 1045 1410; x_wconf 87' lang='lat' dir='ltr'>esse</span> <span class='ocrx_word' id='word_1_47' title='bbox 1061 1346 1195 1410; x_wconf 75' lang='lat' dir='ltr'>tradidit</span> <span class='ocrx_word' id='word_1_48' title='bbox 1215 1346 1368 1410; x_wconf 81' lang='lat' dir='ltr'><strong>Paulinus</strong></span> <span class='ocrx_word' id='word_1_49' title='bbox 1386 1347 1419 1409; x_wconf 92' lang='lat' dir='ltr'>in</span> <span class='ocrx_word' id='word_1_50' title='bbox 1437 1348 1542 1410; x_wconf 69' lang='lat' dir='ltr'>eamn.</span> <span class='ocrx_word' id='word_1_51' title='bbox 1556 1368 1611 1426; x_wconf 86' lang='lat'>24.</span> 
     </span>
     <span class='ocr_line' id='line_1_8' title="bbox 506 1445 1610 1531; baseline 0.005 -23"><span class='ocrx_word' id='word_1_52' title='bbox 506 1446 616 1529; x_wconf 82' lang='lat' dir='ltr'>Neque</span> <span class='ocrx_word' id='word_1_53' title='bbox 636 1445 847 1509; x_wconf 87' lang='lat' dir='ltr'>omittendum</span> <span class='ocrx_word' id='word_1_54' title='bbox 865 1447 925 1509; x_wconf 93' lang='lat' dir='ltr'>hoc</span> <span class='ocrx_word' id='word_1_55' title='bbox 940 1453 998 1522; x_wconf 90' lang='lat' dir='ltr'>est,</span> <span class='ocrx_word' id='word_1_56' title='bbox 1013 1468 1097 1510; x_wconf 91' lang='lat' dir='ltr'>anno</span> <span class='ocrx_word' id='word_1_57' title='bbox 1117 1447 1244 1509; x_wconf 90' lang='lat' dir='ltr'>demum</span> <span class='ocrx_word' id='word_1_58' title='bbox 1263 1465 1343 1529; x_wconf 89' lang='lat'>1749</span> <span class='ocrx_word' id='word_1_59' title='bbox 1361 1448 1476 1531; x_wconf 84' lang='lat' dir='ltr'>Lipsiae</span> <span class='ocrx_word' id='word_1_60' title='bbox 1492 1449 1610 1513; x_wconf 75' lang='lat' dir='ltr'>Graece</span> 
     </span>
     <span class='ocr_line' id='line_1_9' title="bbox 504 1545 1612 1630; baseline 0.001 -20"><span class='ocrx_word' id='word_1_61' title='bbox 504 1546 639 1610; x_wconf 78' lang='lat' dir='ltr'>edidisse</span> <span class='ocrx_word' id='word_1_62' title='bbox 660 1546 721 1608; x_wconf 92' lang='lat' dir='ltr'>Ch.</span> <span class='ocrx_word' id='word_1_63' title='bbox 739 1545 912 1630; x_wconf 90' lang='lat' dir='ltr'>Woogium</span> <span class='ocrx_word' id='word_1_64' title='bbox 936 1546 1177 1629; x_wconf 72' lang='lat' dir='ltr'>Presbyteroram</span> <span class='ocrx_word' id='word_1_65' title='bbox 1194 1552 1224 1609; x_wconf 81' lang='lat' dir='ltr'>et</span> <span class='ocrx_word' id='word_1_66' title='bbox 1248 1547 1453 1610; x_wconf 82' lang='lat' dir='ltr'>Diaconoram</span> <span class='ocrx_word' id='word_1_67' title='bbox 1475 1548 1612 1611; x_wconf 73' lang='lat' dir='ltr'>Achaim</span> 
     </span>
     <span class='ocr_line' id='line_1_10' title="bbox 504 1647 1611 1731; baseline 0.004 -22"><span class='ocrx_word' id='word_1_68' title='bbox 504 1647 541 1709; x_wconf 82' lang='lat' dir='ltr'>de</span> <span class='ocrx_word' id='word_1_69' title='bbox 563 1648 663 1708; x_wconf 70' lang='lat' dir='ltr'>anone</span> <span class='ocrx_word' id='word_1_70' title='bbox 685 1647 862 1709; x_wconf 65' lang='lat' dir='ltr'>&amp;Andreae</span> <span class='ocrx_word' id='word_1_71' title='bbox 885 1650 990 1729; x_wconf 76' lang='lat' dir='ltr'>Apeet.</span> <span class='ocrx_word' id='word_1_72' title='bbox 1018 1647 1191 1730; x_wconf 77' lang='lat' dir='ltr'>Epistolam</span> <span class='ocrx_word' id='word_1_73' title='bbox 1215 1648 1412 1731; x_wconf 77' lang='lat' dir='ltr'>Enoyclicam</span> <span class='ocrx_word' id='word_1_74' title='bbox 1434 1670 1474 1711; x_wconf 83' lang='lat' dir='ltr'>ex</span> <span class='ocrx_word' id='word_1_75' title='bbox 1495 1651 1611 1714; x_wconf 78' lang='lat' dir='ltr'>codice</span> 
     </span>
     <span class='ocr_line' id='line_1_11' title="bbox 507 1747 1610 1832; baseline 0.005 -24"><span class='ocrx_word' id='word_1_76' title='bbox 507 1747 690 1822; x_wconf 81' lang='lat' dir='ltr'>Bodleiano,</span> <span class='ocrx_word' id='word_1_77' title='bbox 715 1747 804 1830; x_wconf 89' lang='lat' dir='ltr'>cujus</span> <span class='ocrx_word' id='word_1_78' title='bbox 825 1747 1049 1830; x_wconf 82' lang='lat' dir='ltr'>interpretatio</span> <span class='ocrx_word' id='word_1_79' title='bbox 1072 1747 1190 1811; x_wconf 88' lang='lat' dir='ltr'>Latina</span> <span class='ocrx_word' id='word_1_80' title='bbox 1210 1748 1298 1832; x_wconf 88' lang='lat' dir='ltr'>prius</span> <span class='ocrx_word' id='word_1_81' title='bbox 1322 1749 1494 1832; x_wconf 82' lang='lat' dir='ltr'>prodierat.</span> <span class='ocrx_word' id='word_1_82' title='bbox 1540 1751 1610 1814; x_wconf 87' lang='lat' dir='ltr'>Sed</span> 
     </span>
     <span class='ocr_line' id='line_1_12' title="bbox 505 1847 1609 1932; baseline 0.005 -24"><span class='ocrx_word' id='word_1_83' title='bbox 505 1856 637 1931; x_wconf 88' lang='lat' dir='ltr'>propter</span> <span class='ocrx_word' id='word_1_84' title='bbox 651 1855 792 1911; x_wconf 89' lang='lat' dir='ltr'>veterum</span> <span class='ocrx_word' id='word_1_85' title='bbox 814 1848 972 1912; x_wconf 88' lang='lat' dir='ltr'>silentium</span> <span class='ocrx_word' id='word_1_86' title='bbox 994 1849 1034 1911; x_wconf 90' lang='lat' dir='ltr'>de</span> <span class='ocrx_word' id='word_1_87' title='bbox 1054 1847 1215 1932; x_wconf 89' lang='lat' dir='ltr'>opusculo,</span> <span class='ocrx_word' id='word_1_88' title='bbox 1232 1849 1327 1911; x_wconf 89' lang='lat' dir='ltr'>immo</span> <span class='ocrx_word' id='word_1_89' title='bbox 1349 1871 1389 1912; x_wconf 89' lang='lat' dir='ltr'>ex</span> <span class='ocrx_word' id='word_1_90' title='bbox 1409 1849 1525 1913; x_wconf 91' lang='lat' dir='ltr'>indicio</span> <span class='ocrx_word' id='word_1_91' title='bbox 1547 1873 1609 1914; x_wconf 90' lang='lat' dir='ltr'>suo</span> 
     </span>
     <span class='ocr_line' id='line_1_13' title="bbox 504 1948 1608 2033; baseline 0.005 -23"><span class='ocrx_word' id='word_1_92' title='bbox 504 1949 544 2011; x_wconf 91' lang='lat' dir='ltr'>de</span> <span class='ocrx_word' id='word_1_93' title='bbox 573 1949 686 2033; x_wconf 89' lang='lat' dir='ltr'>seipso,</span> <span class='ocrx_word' id='word_1_94' title='bbox 715 1971 823 2012; x_wconf 87' lang='lat' dir='ltr'>verum</span> <span class='ocrx_word' id='word_1_95' title='bbox 851 1955 948 2033; x_wconf 90' lang='lat' dir='ltr'>atque</span> <span class='ocrx_word' id='word_1_96' title='bbox 976 1971 1162 2033; x_wconf 87' lang='lat' dir='ltr'>germanum</span> <span class='ocrx_word' id='word_1_97' title='bbox 1192 1948 1269 2011; x_wconf 93' lang='lat' dir='ltr'>illud</span> <span class='ocrx_word' id='word_1_98' title='bbox 1299 1971 1368 2012; x_wconf 88' lang='lat' dir='ltr'>esse</span> <span class='ocrx_word' id='word_1_99' title='bbox 1400 1950 1520 2013; x_wconf 89' lang='lat' dir='ltr'>censeri</span> <span class='ocrx_word' id='word_1_100' title='bbox 1552 1953 1608 2016; x_wconf 89' lang='lat' dir='ltr'>vix</span> 
     </span>
     <span class='ocr_line' id='line_1_14' title="bbox 503 2049 1608 2134; baseline 0.003 -22"><span class='ocrx_word' id='word_1_101' title='bbox 503 2056 619 2132; x_wconf 82' lang='lat' dir='ltr'>petest.</span> <span class='ocrx_word' id='word_1_102' title='bbox 665 2049 813 2113; x_wconf 85' lang='lat' dir='ltr'>Ceterum</span> <span class='ocrx_word' id='word_1_103' title='bbox 834 2071 906 2111; x_wconf 91' lang='lat' dir='ltr'>cum</span> <span class='ocrx_word' id='word_1_104' title='bbox 921 2049 1176 2113; x_wconf 83' lang='lat' dir='ltr'>manifestatione</span> <span class='ocrx_word' id='word_1_105' title='bbox 1191 2049 1363 2113; x_wconf 85' lang='lat' dir='ltr'>veluntatis</span> <span class='ocrx_word' id='word_1_106' title='bbox 1379 2049 1515 2124; x_wconf 73' lang='lat' dir='ltr'>Divina,</span> <span class='ocrx_word' id='word_1_107' title='bbox 1532 2073 1608 2134; x_wconf 86' lang='lat' dir='ltr'>quae</span> 
     </span>
     <span class='ocr_line' id='line_1_15' title="bbox 504 2149 1609 2233; baseline 0.004 -22"><span class='ocrx_word' id='word_1_108' title='bbox 504 2149 537 2211; x_wconf 93' lang='lat' dir='ltr'>in</span> <span class='ocrx_word' id='word_1_109' title='bbox 560 2150 620 2212; x_wconf 92' lang='lat' dir='ltr'>hoc</span> <span class='ocrx_word' id='word_1_110' title='bbox 648 2149 843 2232; x_wconf 85' lang='lat' dir='ltr'>Fragmenta</span> <span class='ocrx_word' id='word_1_111' title='bbox 865 2151 1011 2233; x_wconf 88' lang='lat' dir='ltr'>apostolo</span> <span class='ocrx_word' id='word_1_112' title='bbox 1037 2151 1177 2213; x_wconf 85' lang='lat' dir='ltr'>Andreae</span> <span class='ocrx_word' id='word_1_113' title='bbox 1200 2150 1285 2214; x_wconf 86' lang='lat' dir='ltr'>lacta</span> <span class='ocrx_word' id='word_1_114' title='bbox 1308 2172 1376 2213; x_wconf 87' lang='lat' dir='ltr'>esse</span> <span class='ocrx_word' id='word_1_115' title='bbox 1397 2159 1609 2230; x_wconf 87' lang='lat' dir='ltr'>memoratur,</span> 
     </span>
     <span class='ocr_line' id='line_1_16' title="bbox 504 2248 1608 2317; baseline 0.005 -5"><span class='ocrx_word' id='word_1_116' title='bbox 504 2248 639 2312; x_wconf 88' lang='lat' dir='ltr'>conferri</span> <span class='ocrx_word' id='word_1_117' title='bbox 664 2255 804 2311; x_wconf 87' lang='lat' dir='ltr'>meretur</span> <span class='ocrx_word' id='word_1_118' title='bbox 829 2250 980 2313; x_wconf 80' lang='lat' dir='ltr'>revelatio</span> <span class='ocrx_word' id='word_1_119' title='bbox 1006 2250 1059 2314; x_wconf 89' lang='lat' dir='ltr'>illa</span> <span class='ocrx_word' id='word_1_120' title='bbox 1086 2251 1199 2315; x_wconf 87' lang='lat' dir='ltr'>Attalo</span> <span class='ocrx_word' id='word_1_121' title='bbox 1223 2250 1392 2315; x_wconf 88' lang='lat' dir='ltr'>confessori</span> <span class='ocrx_word' id='word_1_122' title='bbox 1418 2251 1450 2313; x_wconf 92' lang='lat' dir='ltr'>in</span> <span class='ocrx_word' id='word_1_123' title='bbox 1477 2272 1608 2317; x_wconf 87' lang='lat' dir='ltr'>carcere</span> 
     </span>
     <span class='ocr_line' id='line_1_17' title="bbox 504 2349 1606 2437; baseline 0.002 -23"><span class='ocrx_word' id='word_1_124' title='bbox 504 2371 663 2425; x_wconf 88' lang='lat' dir='ltr'>concessa,</span> <span class='ocrx_word' id='word_1_125' title='bbox 687 2349 775 2432; x_wconf 90' lang='lat' dir='ltr'>cujus</span> <span class='ocrx_word' id='word_1_126' title='bbox 799 2350 891 2413; x_wconf 90' lang='lat' dir='ltr'>testis</span> <span class='ocrx_word' id='word_1_127' title='bbox 914 2357 964 2414; x_wconf 91' lang='lat' dir='ltr'>est</span> <span class='ocrx_word' id='word_1_128' title='bbox 991 2351 1142 2414; x_wconf 77' lang='lat' dir='ltr'>Errsronn</span> <span class='ocrx_word' id='word_1_129' title='bbox 1170 2353 1426 2437; x_wconf 85' lang='lat' dir='ltr'>Lugdunensium</span> <span class='ocrx_word' id='word_1_130' title='bbox 1450 2359 1484 2416; x_wconf 90' lang='lat' dir='ltr'>et</span> <span class='ocrx_word' id='word_1_131' title='bbox 1513 2354 1606 2418; x_wconf 92' lang='lat' dir='ltr'>Vien.</span> 
     </span>
     <span class='ocr_line' id='line_1_18' title="bbox 506 2450 970 2536; baseline 0.006 -26"><span class='ocrx_word' id='word_1_132' title='bbox 506 2452 537 2532; x_wconf 65' lang='grc' dir='ltr'>ξ.</span> <span class='ocrx_word' id='word_1_133' title='bbox 556 2450 605 2512; x_wconf 89' lang='lat'>18.</span> <span class='ocrx_word' id='word_1_134' title='bbox 621 2451 682 2513; x_wconf 91' lang='lat' dir='ltr'>vid.</span> <span class='ocrx_word' id='word_1_135' title='bbox 698 2472 793 2534; x_wconf 87' lang='lat' dir='ltr'>supra</span> <span class='ocrx_word' id='word_1_136' title='bbox 807 2472 879 2534; x_wconf 86' lang='lat' dir='ltr'>pag.</span> <span class='ocrx_word' id='word_1_137' title='bbox 894 2470 970 2536; x_wconf 83' lang='lat'><strong>323.</strong></span> 
     </span>
    </p>

    <p class='ocr_par' dir='ltr' id='par_1_4' title="bbox 495 2551 1607 4755">
     <span class='ocr_line' id='line_1_19' title="bbox 550 2551 1606 2641; baseline 0.004 -28"><span class='ocrx_word' id='word_1_138' title='bbox 550 2551 631 2614; x_wconf 92' lang='lat' dir='ltr'>lbid.</span> <span class='ocrx_word' id='word_1_139' title='bbox 647 2551 669 2613; x_wconf 95' lang='lat' dir='ltr'>l.</span> <span class='ocrx_word' id='word_1_140' title='bbox 681 2569 730 2614; x_wconf 86' lang='lat'>21.</span> <span class='ocrx_word' id='word_1_141' title='bbox 746 2553 769 2613; x_wconf 86' lang='lat' dir='ltr'><strong>J</strong></span> <span class='ocrx_word' id='word_1_142' title='bbox 772 2551 905 2615; x_wconf 88' lang='lat' dir='ltr'>ohannis</span> <span class='ocrx_word' id='word_1_143' title='bbox 920 2573 977 2614; x_wconf 88' lang='lat' dir='ltr'>suo</span> <span class='ocrx_word' id='word_1_144' title='bbox 994 2552 1119 2616; x_wconf 91' lang='lat' dir='ltr'>nomine</span> <span class='ocrx_word' id='word_1_145' title='bbox 1137 2560 1253 2618; x_wconf 89' lang='lat' dir='ltr'>cuncta</span> <span class='ocrx_word' id='word_1_146' title='bbox 1267 2553 1475 2641; x_wconf 79' lang='lat' dir='ltr'>describeret]</span> <span class='ocrx_word' id='word_1_147' title='bbox 1497 2554 1606 2619; x_wconf 88' lang='lat' dir='ltr'>Mani·</span> 
     </span>
     <span class='ocr_line' id='line_1_20' title="bbox 504 2652 1607 2740; baseline 0.004 -24"><span class='ocrx_word' id='word_1_148' title='bbox 504 2652 584 2716; x_wconf 87' lang='lat' dir='ltr'>leste</span> <span class='ocrx_word' id='word_1_149' title='bbox 598 2653 622 2714; x_wconf 85' lang='lat' dir='ltr'>J</span> <span class='ocrx_word' id='word_1_150' title='bbox 624 2653 773 2716; x_wconf 89' lang='lat' dir='ltr'>ohannes.</span> <span class='ocrx_word' id='word_1_151' title='bbox 798 2652 1027 2716; x_wconf 72' lang='lat' dir='ltr'>annnumnn.</span> <span class='ocrx_word' id='word_1_152' title='bbox 1066 2654 1174 2716; x_wconf 87' lang='lat' dir='ltr'>Simon</span> <span class='ocrx_word' id='word_1_153' title='bbox 1188 2655 1227 2717; x_wconf 93' lang='lat' dir='ltr'>de</span> <span class='ocrx_word' id='word_1_154' title='bbox 1243 2655 1419 2739; x_wconf 87' lang='lat' dir='ltr'>Magistris,</span> <span class='ocrx_word' id='word_1_155' title='bbox 1435 2655 1489 2718; x_wconf 91' lang='lat' dir='ltr'>ubi</span> <span class='ocrx_word' id='word_1_156' title='bbox 1505 2678 1607 2740; x_wconf 84' lang='lat' dir='ltr'>supra</span> 
     </span>
     <span class='ocr_line' id='line_1_21' title="bbox 505 2753 1606 2839; baseline 0.005 -23"><span class='ocrx_word' id='word_1_157' title='bbox 505 2754 618 2816; x_wconf 83' lang='lat' dir='ltr'>Graeca</span> <span class='ocrx_word' id='word_1_158' title='bbox 632 2754 700 2816; x_wconf 87' lang='lat' dir='ltr'>haec</span> <span class='ocrx_word' id='word_1_159' title='bbox 710 2754 868 2838; x_wconf 81' lang='lat' dir='ltr'>adposuit,</span> <span class='ocrx_word' id='word_1_160' title='bbox 885 2753 1006 2830; x_wconf 90' lang='lat' dir='ltr'>dubito,</span> <span class='ocrx_word' id='word_1_161' title='bbox 1023 2775 1065 2816; x_wconf 89' lang='lat' dir='ltr'>an</span> <span class='ocrx_word' id='word_1_162' title='bbox 1086 2753 1164 2816; x_wconf 90' lang='lat' dir='ltr'>satis</span> <span class='ocrx_word' id='word_1_163' title='bbox 1183 2761 1271 2839; x_wconf 88' lang='lat' dir='ltr'>apte,</span> <span class='ocrx_word' id='word_1_164' title='bbox 1286 2757 1363 2818; x_wconf 81' lang='grc' dir='ltr'>ὥστε</span> <span class='ocrx_word' id='word_1_165' title='bbox 1379 2758 1606 2838; x_wconf 78' lang='grc' dir='ltr'>ἀναγινωσκόν-</span> 
     </span>
     <span class='ocr_line' id='line_1_22' title="bbox 505 2854 1606 2939; baseline 0.005 -23"><span class='ocrx_word' id='word_1_166' title='bbox 505 2879 563 2917; x_wconf 80' lang='grc' dir='ltr'>των</span> <span class='ocrx_word' id='word_1_167' title='bbox 577 2854 696 2918; x_wconf 80' lang='grc' dir='ltr'>πάντων</span> <span class='ocrx_word' id='word_1_168' title='bbox 710 2856 744 2917; x_wconf 86' lang='grc' dir='ltr'>τὸ</span> <span class='ocrx_word' id='word_1_169' title='bbox 761 2860 813 2917; x_wconf 79' lang='grc' dir='ltr'>τοῦ</span> <span class='ocrx_word' id='word_1_170' title='bbox 826 2854 977 2931; x_wconf 80' lang='grc' dir='ltr'>Ἰωάννου,</span> <span class='ocrx_word' id='word_1_171' title='bbox 988 2859 1028 2939; x_wconf 75' lang='grc' dir='ltr'>τῷ</span> <span class='ocrx_word' id='word_1_172' title='bbox 1041 2856 1130 2918; x_wconf 62' lang='grc' dir='ltr'>οὕτω)</span> <span class='ocrx_word' id='word_1_173' title='bbox 1144 2857 1265 2935; x_wconf 81' lang='grc' dir='ltr'>ὀνόματι</span> <span class='ocrx_word' id='word_1_174' title='bbox 1279 2857 1377 2921; x_wconf 80' lang='grc' dir='ltr'>πάντα</span> <span class='ocrx_word' id='word_1_175' title='bbox 1387 2858 1606 2938; x_wconf 79' lang='grc' dir='ltr'>ἀναγράφοιτο,</span> 
     </span>
     <span class='ocr_line' id='line_1_23' title="bbox 505 2955 1605 3042; baseline 0.005 -23"><span class='ocrx_word' id='word_1_176' title='bbox 505 2967 538 3019; x_wconf 78' lang='lat' dir='ltr'>at</span> <span class='ocrx_word' id='word_1_177' title='bbox 553 2955 711 3042; x_wconf 62' lang='lat' dir='ltr'>agentibus</span> <span class='ocrx_word' id='word_1_178' title='bbox 727 2955 861 3020; x_wconf 81' lang='lat' dir='ltr'>omnibus</span> <span class='ocrx_word' id='word_1_179' title='bbox 874 2957 990 3041; x_wconf 81' lang='lat' dir='ltr'>scripte</span> <span class='ocrx_word' id='word_1_180' title='bbox 1003 2956 1143 3033; x_wconf 80' lang='lat' dir='ltr'>Jecnaie,</span> <span class='ocrx_word' id='word_1_181' title='bbox 1160 2957 1256 3041; x_wconf 68' lang='grc' dir='ltr'>ν’]νοὶοε</span> <span class='ocrx_word' id='word_1_182' title='bbox 1270 2959 1386 3021; x_wconf 82' lang='lat' dir='ltr'>nomine</span> <span class='ocrx_word' id='word_1_183' title='bbox 1400 2968 1509 3022; x_wconf 72' lang='lat' dir='ltr'>carecta</span> <span class='ocrx_word' id='word_1_184' title='bbox 1522 2960 1605 3024; x_wconf 80' lang='lat' dir='ltr'>ooal-</span> 
     </span>
     <span class='ocr_line' id='line_1_24' title="bbox 501 3057 1606 3142; baseline 0.005 -21"><span class='ocrx_word' id='word_1_185' title='bbox 501 3068 598 3142; x_wconf 71' lang='lat' dir='ltr'>paret.</span> <span class='ocrx_word' id='word_1_186' title='bbox 644 3058 693 3121; x_wconf 91' lang='lat' dir='ltr'>De</span> <span class='ocrx_word' id='word_1_187' title='bbox 717 3058 823 3120; x_wconf 89' lang='lat' dir='ltr'>divino</span> <span class='ocrx_word' id='word_1_188' title='bbox 845 3057 905 3121; x_wconf 90' lang='lat' dir='ltr'>hoc</span> <span class='ocrx_word' id='word_1_189' title='bbox 930 3057 1091 3142; x_wconf 86' lang='lat' dir='ltr'>evangelio</span> <span class='ocrx_word' id='word_1_190' title='bbox 1113 3059 1289 3121; x_wconf 88' lang='lat' dir='ltr'>notandum</span> <span class='ocrx_word' id='word_1_191' title='bbox 1310 3060 1401 3123; x_wconf 89' lang='lat' dir='ltr'>nobis</span> <span class='ocrx_word' id='word_1_192' title='bbox 1424 3068 1485 3137; x_wconf 85' lang='lat' dir='ltr'>est,</span> <span class='ocrx_word' id='word_1_193' title='bbox 1506 3064 1606 3127; x_wconf 86' lang='lat' dir='ltr'>verba</span> 
     </span>
     <span class='ocr_line' id='line_1_25' title="bbox 505 3157 1605 3226; baseline 0.004 -4"><span class='ocrx_word' id='word_1_194' title='bbox 505 3160 654 3223; x_wconf 91' lang='lat' dir='ltr'>nonnulla</span> <span class='ocrx_word' id='word_1_195' title='bbox 668 3182 708 3223; x_wconf 87' lang='lat' dir='ltr'>ex</span> <span class='ocrx_word' id='word_1_196' title='bbox 722 3181 760 3221; x_wconf 91' lang='lat' dir='ltr'>eo</span> <span class='ocrx_word' id='word_1_197' title='bbox 775 3159 915 3222; x_wconf 88' lang='lat' dir='ltr'>adducta</span> <span class='ocrx_word' id='word_1_198' title='bbox 930 3158 1028 3222; x_wconf 87' lang='lat' dir='ltr'>videri</span> <span class='ocrx_word' id='word_1_199' title='bbox 1051 3159 1110 3221; x_wconf 88' lang='lat' dir='ltr'>sub</span> <span class='ocrx_word' id='word_1_200' title='bbox 1125 3157 1250 3222; x_wconf 88' lang='lat' dir='ltr'>initium</span> <span class='ocrx_word' id='word_1_201' title='bbox 1270 3160 1376 3224; x_wconf 76' lang='lat' dir='ltr'>saculi</span> <span class='ocrx_word' id='word_1_202' title='bbox 1396 3162 1534 3226; x_wconf 71' lang='lat' dir='ltr'>ecclcsiae</span> <span class='ocrx_word' id='word_1_203' title='bbox 1556 3185 1605 3226; x_wconf 87' lang='lat' dir='ltr'>se-</span> 
     </span>
     <span class='ocr_line' id='line_1_26' title="bbox 505 3244 1605 3346; baseline 0.004 -22"><span class='ocrx_word' id='word_1_204' title='bbox 505 3261 598 3324; x_wconf 89' lang='lat' dir='ltr'>cundi</span> <span class='ocrx_word' id='word_1_205' title='bbox 619 3261 660 3323; x_wconf 85' lang='lat' dir='ltr'>ab</span> <span class='ocrx_word' id='word_1_206' title='bbox 677 3260 805 3341; x_wconf 85' lang='lat' dir='ltr'>Ignatie</span> <span class='ocrx_word' id='word_1_207' title='bbox 824 3260 856 3322; x_wconf 97' lang='lat' dir='ltr'>in</span> <span class='ocrx_word' id='word_1_208' title='bbox 870 3244 1017 3343; x_wconf 78' lang='lat' dir='ltr'>Epistola</span> <span class='ocrx_word' id='word_1_209' title='bbox 1026 3260 1071 3323; x_wconf 85' lang='lat' dir='ltr'>ad</span> <span class='ocrx_word' id='word_1_210' title='bbox 1083 3258 1353 3344; x_wconf 69' lang='lat' dir='ltr'>Pbimdelplcnses,</span> <span class='ocrx_word' id='word_1_211' title='bbox 1372 3264 1401 3343; x_wconf 64' lang='grc' dir='ltr'>ξ.</span> <span class='ocrx_word' id='word_1_212' title='bbox 1420 3282 1448 3343; x_wconf 91' lang='lat'>7.</span> <span class='ocrx_word' id='word_1_213' title='bbox 1464 3264 1550 3346; x_wconf 92' lang='lat' dir='ltr'>quod</span> <span class='ocrx_word' id='word_1_214' title='bbox 1570 3273 1605 3329; x_wconf 91' lang='lat' dir='ltr'>et</span> 
     </span>
     <span class='ocr_line' id='line_1_27' title="bbox 505 3360 1604 3449; baseline 0.003 -23"><span class='ocrx_word' id='word_1_215' title='bbox 505 3385 525 3426; x_wconf 90' lang='lat' dir='ltr'>a</span> <span class='ocrx_word' id='word_1_216' title='bbox 541 3361 739 3445; x_wconf 83' lang='lat' dir='ltr'>l&#39;resbyteris</span> <span class='ocrx_word' id='word_1_217' title='bbox 757 3361 876 3423; x_wconf 85' lang='lat' dir='ltr'>factum</span> <span class='ocrx_word' id='word_1_218' title='bbox 899 3382 976 3436; x_wconf 88' lang='lat' dir='ltr'>esse,</span> <span class='ocrx_word' id='word_1_219' title='bbox 994 3360 1046 3443; x_wconf 92' lang='lat' dir='ltr'>qui</span> <span class='ocrx_word' id='word_1_220' title='bbox 1069 3360 1286 3443; x_wconf 89' lang='lat' dir='ltr'>apestolorum</span> <span class='ocrx_word' id='word_1_221' title='bbox 1308 3362 1425 3427; x_wconf 86' lang='lat' dir='ltr'>fuerint</span> <span class='ocrx_word' id='word_1_222' title='bbox 1447 3364 1604 3449; x_wconf 88' lang='lat' dir='ltr'>discipuli,</span> 
     </span>
     <span class='ocr_line' id='line_1_28' title="bbox 505 3459 1602 3550; baseline 0.005 -24"><span class='ocrx_word' id='word_1_223' title='bbox 505 3464 603 3526; x_wconf 82' lang='lat' dir='ltr'>refert</span> <span class='ocrx_word' id='word_1_224' title='bbox 613 3462 739 3546; x_wconf 88' lang='lat' dir='ltr'>Papias,</span> <span class='ocrx_word' id='word_1_225' title='bbox 750 3469 807 3524; x_wconf 89' lang='lat' dir='ltr'>aut</span> <span class='ocrx_word' id='word_1_226' title='bbox 818 3460 931 3523; x_wconf 85' lang='lat' dir='ltr'>saltem</span> <span class='ocrx_word' id='word_1_227' title='bbox 945 3463 1096 3535; x_wconf 68' lang='lat' dir='ltr'>irenaeus,</span> <span class='ocrx_word' id='word_1_228' title='bbox 1108 3459 1160 3523; x_wconf 92' lang='lat' dir='ltr'>lib.</span> <span class='ocrx_word' id='word_1_229' title='bbox 1170 3483 1197 3524; x_wconf 86' lang='lat' dir='ltr'>v.</span> <span class='ocrx_word' id='word_1_230' title='bbox 1211 3463 1326 3526; x_wconf 80' lang='lat' dir='ltr'>Contra</span> <span class='ocrx_word' id='word_1_231' title='bbox 1337 3465 1454 3529; x_wconf 77' lang='lat' dir='ltr'>Hares.</span> <span class='ocrx_word' id='word_1_232' title='bbox 1465 3488 1533 3550; x_wconf 91' lang='lat' dir='ltr'>cap.</span> <span class='ocrx_word' id='word_1_233' title='bbox 1544 3468 1602 3532; x_wconf 88' lang='lat' dir='ltr'>ult.</span> 
     </span>
     <span class='ocr_line' id='line_1_29' title="bbox 506 3561 1601 3652; baseline 0.005 -27"><span class='ocrx_word' id='word_1_234' title='bbox 506 3566 539 3625; x_wconf 90' lang='lat' dir='ltr'><strong>A</strong></span> <span class='ocrx_word' id='word_1_235' title='bbox 552 3562 642 3626; x_wconf 79' lang='lat' dir='ltr'>Celso</span> <span class='ocrx_word' id='word_1_236' title='bbox 658 3562 767 3625; x_wconf 88' lang='lat' dir='ltr'>itidem</span> <span class='ocrx_word' id='word_1_237' title='bbox 781 3562 866 3645; x_wconf 90' lang='lat' dir='ltr'>apud</span> <span class='ocrx_word' id='word_1_238' title='bbox 880 3562 1035 3644; x_wconf 67' lang='lat' dir='ltr'>Orientem</span> <span class='ocrx_word' id='word_1_239' title='bbox 1050 3561 1126 3624; x_wconf 91' lang='lat' dir='ltr'>loeis</span> <span class='ocrx_word' id='word_1_240' title='bbox 1141 3562 1274 3639; x_wconf 90' lang='lat' dir='ltr'>duobus,</span> <span class='ocrx_word' id='word_1_241' title='bbox 1290 3563 1342 3625; x_wconf 93' lang='lat' dir='ltr'>lib.</span> <span class='ocrx_word' id='word_1_242' title='bbox 1353 3564 1385 3627; x_wconf 91' lang='lat' dir='ltr'>ii.</span> <span class='ocrx_word' id='word_1_243' title='bbox 1403 3587 1430 3627; x_wconf 93' lang='grc' dir='ltr'>ο.</span> <span class='ocrx_word' id='word_1_244' title='bbox 1439 3569 1493 3650; x_wconf 87' lang='lat'>36.</span> <span class='ocrx_word' id='word_1_245' title='bbox 1504 3574 1537 3630; x_wconf 86' lang='lat' dir='ltr'>et</span> <span class='ocrx_word' id='word_1_246' title='bbox 1548 3586 1601 3652; x_wconf 83' lang='lat'>55.</span> 
     </span>
     <span class='ocr_line' id='line_1_30' title="bbox 508 3662 1604 3749; baseline 0.004 -22"><span class='ocrx_word' id='word_1_247' title='bbox 508 3668 591 3749; x_wconf 85' lang='lat' dir='ltr'>Imp.</span> <span class='ocrx_word' id='word_1_248' title='bbox 610 3662 778 3727; x_wconf 90' lang='lat' dir='ltr'>Hadriano</span> <span class='ocrx_word' id='word_1_249' title='bbox 802 3668 956 3746; x_wconf 86' lang='lat' dir='ltr'>regnante</span> <span class='ocrx_word' id='word_1_250' title='bbox 979 3662 1115 3725; x_wconf 63' lang='lat' dir='ltr'>«Ioannis</span> <span class='ocrx_word' id='word_1_251' title='bbox 1139 3663 1333 3747; x_wconf 87' lang='lat' dir='ltr'>evangelium</span> <span class='ocrx_word' id='word_1_252' title='bbox 1357 3665 1405 3729; x_wconf 90' lang='lat' dir='ltr'>vel</span> <span class='ocrx_word' id='word_1_253' title='bbox 1427 3666 1604 3731; x_wconf 87' lang='lat' dir='ltr'>indicatum</span> 
     </span>
     <span class='ocr_line' id='line_1_31' title="bbox 505 3761 1600 3850; baseline 0.001 -20"><span class='ocrx_word' id='word_1_254' title='bbox 505 3766 553 3830; x_wconf 86' lang='lat' dir='ltr'>vel</span> <span class='ocrx_word' id='word_1_255' title='bbox 567 3766 700 3829; x_wconf 88' lang='lat' dir='ltr'>allatum</span> <span class='ocrx_word' id='word_1_256' title='bbox 714 3771 772 3827; x_wconf 88' lang='lat' dir='ltr'>est.</span> <span class='ocrx_word' id='word_1_257' title='bbox 817 3763 900 3840; x_wconf 78' lang='lat' dir='ltr'>Quin</span> <span class='ocrx_word' id='word_1_258' title='bbox 916 3770 949 3826; x_wconf 91' lang='lat' dir='ltr'>et</span> <span class='ocrx_word' id='word_1_259' title='bbox 968 3761 1000 3825; x_wconf 93' lang='lat' dir='ltr'>in</span> <span class='ocrx_word' id='word_1_260' title='bbox 1020 3763 1122 3846; x_wconf 92' lang='lat' dir='ltr'>ipsum</span> <span class='ocrx_word' id='word_1_261' title='bbox 1138 3764 1297 3827; x_wconf 86' lang='lat' dir='ltr'>Heracleo</span> <span class='ocrx_word' id='word_1_262' title='bbox 1312 3764 1480 3830; x_wconf 72' lang='lat' dir='ltr'>haereticus</span> <span class='ocrx_word' id='word_1_263' title='bbox 1501 3770 1600 3850; x_wconf 90' lang='lat' dir='ltr'>quod-</span> 
     </span>
     <span class='ocr_line' id='line_1_32' title="bbox 505 3864 1602 3951; baseline 0.001 -19"><span class='ocrx_word' id='word_1_264' title='bbox 505 3870 578 3933; x_wconf 88' lang='lat' dir='ltr'>dam</span> <span class='ocrx_word' id='word_1_265' title='bbox 594 3889 672 3951; x_wconf 90' lang='lat' dir='ltr'>opus</span> <span class='ocrx_word' id='word_1_266' title='bbox 684 3866 722 3930; x_wconf 89' lang='lat' dir='ltr'>iis</span> <span class='ocrx_word' id='word_1_267' title='bbox 733 3866 929 3950; x_wconf 86' lang='lat' dir='ltr'>temporibus</span> <span class='ocrx_word' id='word_1_268' title='bbox 940 3864 1126 3948; x_wconf 88' lang='lat' dir='ltr'>composuit.</span> <span class='ocrx_word' id='word_1_269' title='bbox 1167 3865 1278 3929; x_wconf 85' lang='lat' dir='ltr'>Addas</span> <span class='ocrx_word' id='word_1_270' title='bbox 1292 3866 1364 3929; x_wconf 91' lang='lat' dir='ltr'>huic</span> <span class='ocrx_word' id='word_1_271' title='bbox 1375 3866 1399 3928; x_wconf 88' lang='lat' dir='ltr'>J</span> <span class='ocrx_word' id='word_1_272' title='bbox 1401 3868 1540 3931; x_wconf 89' lang='lat' dir='ltr'>ustinum</span> <span class='ocrx_word' id='word_1_273' title='bbox 1554 3869 1602 3933; x_wconf 89' lang='lat' dir='ltr'>M.</span> 
     </span>
     <span class='ocr_line' id='line_1_33' title="bbox 504 3965 1603 4050; baseline 0 -17"><span class='ocrx_word' id='word_1_274' title='bbox 504 3970 608 4033; x_wconf 92' lang='lat' dir='ltr'>medio</span> <span class='ocrx_word' id='word_1_275' title='bbox 623 3969 737 4032; x_wconf 83' lang='lat' dir='ltr'>saecule</span> <span class='ocrx_word' id='word_1_276' title='bbox 752 3968 889 4032; x_wconf 88' lang='lat' dir='ltr'>secundo</span> <span class='ocrx_word' id='word_1_277' title='bbox 903 3966 988 4030; x_wconf 89' lang='lat' dir='ltr'>idem</span> <span class='ocrx_word' id='word_1_278' title='bbox 1002 3965 1212 4028; x_wconf 77' lang='lat' dir='ltr'>adducentem</span> <span class='ocrx_word' id='word_1_279' title='bbox 1226 3965 1259 4027; x_wconf 91' lang='lat' dir='ltr'>in</span> <span class='ocrx_word' id='word_1_280' title='bbox 1273 3967 1424 4050; x_wconf 74' lang='lat' dir='ltr'>Apobpie</span> <span class='ocrx_word' id='word_1_281' title='bbox 1439 3969 1481 4031; x_wconf 93' lang='lat' dir='ltr'>ad</span> <span class='ocrx_word' id='word_1_282' title='bbox 1500 3969 1603 4034; x_wconf 88' lang='lat' dir='ltr'>Anto·</span> 
     </span>
     <span class='ocr_line' id='line_1_34' title="bbox 504 4066 1600 4151; baseline 0.003 -20"><span class='ocrx_word' id='word_1_283' title='bbox 504 4070 612 4132; x_wconf 91' lang='lat' dir='ltr'>ninum</span> <span class='ocrx_word' id='word_1_284' title='bbox 636 4070 739 4143; x_wconf 91' lang='lat' dir='ltr'>Pium,</span> <span class='ocrx_word' id='word_1_285' title='bbox 757 4068 924 4132; x_wconf 81' lang='lat' dir='ltr'>Hadriano</span> <span class='ocrx_word' id='word_1_286' title='bbox 946 4066 998 4151; x_wconf 93' lang='lat' dir='ltr'>qui</span> <span class='ocrx_word' id='word_1_287' title='bbox 1022 4066 1181 4141; x_wconf 87' lang='lat' dir='ltr'>successit,</span> <span class='ocrx_word' id='word_1_288' title='bbox 1199 4067 1229 4147; x_wconf 63' lang='grc' dir='ltr'>ξ.</span> <span class='ocrx_word' id='word_1_289' title='bbox 1241 4066 1295 4129; x_wconf 85' lang='lat' dir='ltr'>lxi.</span> <span class='ocrx_word' id='word_1_290' title='bbox 1316 4089 1347 4150; x_wconf 93' lang='lat' dir='ltr'>p.</span> <span class='ocrx_word' id='word_1_291' title='bbox 1362 4086 1412 4144; x_wconf 89' lang='lat'>71.</span> <span class='ocrx_word' id='word_1_292' title='bbox 1433 4069 1482 4131; x_wconf 90' lang='lat' dir='ltr'>ed.</span> <span class='ocrx_word' id='word_1_293' title='bbox 1498 4069 1600 4134; x_wconf 87' lang='lat' dir='ltr'>Bene-</span> 
     </span>
     <span class='ocr_line' id='line_1_35' title="bbox 504 4165 1602 4251; baseline 0.004 -21"><span class='ocrx_word' id='word_1_294' title='bbox 504 4169 612 4232; x_wconf 89' lang='lat' dir='ltr'>dictin.</span> <span class='ocrx_word' id='word_1_295' title='bbox 658 4168 707 4231; x_wconf 93' lang='lat' dir='ltr'>Ut</span> <span class='ocrx_word' id='word_1_296' title='bbox 733 4168 863 4231; x_wconf 88' lang='lat' dir='ltr'>ulterius</span> <span class='ocrx_word' id='word_1_297' title='bbox 889 4166 1129 4251; x_wconf 87' lang='lat' dir='ltr'>progrediamur</span> <span class='ocrx_word' id='word_1_298' title='bbox 1152 4166 1183 4228; x_wconf 92' lang='lat' dir='ltr'>in</span> <span class='ocrx_word' id='word_1_299' title='bbox 1210 4165 1270 4229; x_wconf 89' lang='lat' dir='ltr'>hac</span> <span class='ocrx_word' id='word_1_300' title='bbox 1298 4167 1424 4250; x_wconf 90' lang='lat' dir='ltr'>quidem</span> <span class='ocrx_word' id='word_1_301' title='bbox 1450 4191 1496 4245; x_wconf 90' lang='lat' dir='ltr'>re,</span> <span class='ocrx_word' id='word_1_302' title='bbox 1524 4170 1602 4234; x_wconf 91' lang='lat' dir='ltr'>nihil</span> 
     </span>
     <span class='ocr_line' id='line_1_36' title="bbox 503 4266 1602 4354; baseline 0.002 -21"><span class='ocrx_word' id='word_1_303' title='bbox 503 4293 601 4354; x_wconf 89' lang='lat' dir='ltr'>epus;</span> <span class='ocrx_word' id='word_1_304' title='bbox 626 4269 779 4353; x_wconf 84' lang='lat' dir='ltr'>siquidem</span> <span class='ocrx_word' id='word_1_305' title='bbox 798 4269 1008 4350; x_wconf 77' lang='lat' dir='ltr'>antefiaitcee</span> <span class='ocrx_word' id='word_1_306' title='bbox 1029 4267 1178 4330; x_wconf 89' lang='lat' dir='ltr'>saeenlum</span> <span class='ocrx_word' id='word_1_307' title='bbox 1197 4266 1278 4331; x_wconf 88' lang='lat' dir='ltr'>liber</span> <span class='ocrx_word' id='word_1_308' title='bbox 1294 4290 1314 4332; x_wconf 91' lang='lat' dir='ltr'>a</span> <span class='ocrx_word' id='word_1_309' title='bbox 1328 4268 1471 4352; x_wconf 93' lang='lat' dir='ltr'>pluribus</span> <span class='ocrx_word' id='word_1_310' title='bbox 1485 4279 1519 4333; x_wconf 90' lang='lat' dir='ltr'>et</span> <span class='ocrx_word' id='word_1_311' title='bbox 1542 4293 1602 4336; x_wconf 90' lang='lat' dir='ltr'>no·</span> 
     </span>
     <span class='ocr_line' id='line_1_37' title="bbox 502 4367 1602 4453; baseline 0.002 -20"><span class='ocrx_word' id='word_1_312' title='bbox 502 4373 641 4435; x_wconf 90' lang='lat' dir='ltr'>minatus</span> <span class='ocrx_word' id='word_1_313' title='bbox 665 4377 767 4434; x_wconf 89' lang='lat' dir='ltr'>estet</span> <span class='ocrx_word' id='word_1_314' title='bbox 790 4376 967 4453; x_wconf 81' lang='lat' dir='ltr'>excerptus.</span> <span class='ocrx_word' id='word_1_315' title='bbox 1013 4367 1076 4430; x_wconf 90' lang='lat' dir='ltr'>Hic</span> <span class='ocrx_word' id='word_1_316' title='bbox 1099 4368 1222 4431; x_wconf 87' lang='lat' dir='ltr'>interea</span> <span class='ocrx_word' id='word_1_317' title='bbox 1242 4368 1316 4431; x_wconf 84' lang='lat' dir='ltr'>duxi</span> <span class='ocrx_word' id='word_1_318' title='bbox 1339 4369 1532 4434; x_wconf 85' lang='lat' dir='ltr'>afferendum</span> <span class='ocrx_word' id='word_1_319' title='bbox 1554 4373 1602 4436; x_wconf 91' lang='lat' dir='ltr'>in-</span> 
     </span>
     <span class='ocr_line' id='line_1_38' title="bbox 502 4468 1602 4557; baseline 0 -21"><span class='ocrx_word' id='word_1_320' title='bbox 502 4474 590 4556; x_wconf 87' lang='lat' dir='ltr'>signe</span> <span class='ocrx_word' id='word_1_321' title='bbox 613 4473 763 4557; x_wconf 89' lang='lat' dir='ltr'>quiddam</span> <span class='ocrx_word' id='word_1_322' title='bbox 787 4472 826 4534; x_wconf 87' lang='lat' dir='ltr'>de</span> <span class='ocrx_word' id='word_1_323' title='bbox 849 4470 873 4532; x_wconf 89' lang='lat' dir='ltr'>J</span> <span class='ocrx_word' id='word_1_324' title='bbox 875 4491 976 4533; x_wconf 89' lang='lat' dir='ltr'>oanne</span> <span class='ocrx_word' id='word_1_325' title='bbox 999 4469 1041 4531; x_wconf 88' lang='lat' dir='ltr'>ab</span> <span class='ocrx_word' id='word_1_326' title='bbox 1066 4468 1205 4532; x_wconf 85' lang='lat' dir='ltr'>Eusebio</span> <span class='ocrx_word' id='word_1_327' title='bbox 1228 4469 1261 4531; x_wconf 89' lang='lat' dir='ltr'>in</span> <span class='ocrx_word' id='word_1_328' title='bbox 1285 4470 1410 4554; x_wconf 77' lang='lat' dir='ltr'>Eclopis</span> <span class='ocrx_word' id='word_1_329' title='bbox 1431 4472 1496 4535; x_wconf 89' lang='lat' dir='ltr'>suis</span> <span class='ocrx_word' id='word_1_330' title='bbox 1519 4474 1602 4537; x_wconf 81' lang='lat' dir='ltr'>Pre-</span> 
     </span>
     <span class='ocr_line' id='line_1_39' title="bbox 495 4570 1601 4657; baseline 0.002 -22"><span class='ocrx_word' id='word_1_331' title='bbox 495 4573 624 4657; x_wconf 74' lang='lat' dir='ltr'>ploeticis</span> <span class='ocrx_word' id='word_1_332' title='bbox 638 4572 869 4655; x_wconf 67' lang='lat' dir='ltr'>conscriptum</span> <span class='ocrx_word' id='word_1_333' title='bbox 895 4572 979 4655; x_wconf 92' lang='lat' dir='ltr'>quod</span> <span class='ocrx_word' id='word_1_334' title='bbox 994 4570 1120 4654; x_wconf 91' lang='lat' dir='ltr'>quidem</span> <span class='ocrx_word' id='word_1_335' title='bbox 1136 4592 1215 4653; x_wconf 90' lang='lat' dir='ltr'>epus</span> <span class='ocrx_word' id='word_1_336' title='bbox 1229 4570 1261 4632; x_wconf 93' lang='lat' dir='ltr'>in</span> <span class='ocrx_word' id='word_1_337' title='bbox 1282 4570 1472 4636; x_wconf 82' lang='lat' dir='ltr'>bibliotheca</span> <span class='ocrx_word' id='word_1_338' title='bbox 1484 4572 1601 4637; x_wconf 91' lang='lat' dir='ltr'>Vindo-</span> 
     </span>
     <span class='ocr_line' id='line_1_40' title="bbox 502 4670 1601 4755; baseline 0.002 -20"><span class='ocrx_word' id='word_1_339' title='bbox 502 4673 632 4735; x_wconf 90' lang='lat' dir='ltr'>bcnensi</span> <span class='ocrx_word' id='word_1_340' title='bbox 647 4673 801 4735; x_wconf 85' lang='lat' dir='ltr'>hactenus</span> <span class='ocrx_word' id='word_1_341' title='bbox 815 4672 1002 4735; x_wconf 88' lang='lat' dir='ltr'>delitescens</span> <span class='ocrx_word' id='word_1_342' title='bbox 1012 4671 1081 4755; x_wconf 89' lang='lat' dir='ltr'>jam</span> <span class='ocrx_word' id='word_1_343' title='bbox 1093 4670 1193 4734; x_wconf 90' lang='lat' dir='ltr'>edidit</span> <span class='ocrx_word' id='word_1_344' title='bbox 1205 4670 1252 4734; x_wconf 89' lang='lat' dir='ltr'>vir</span> <span class='ocrx_word' id='word_1_345' title='bbox 1263 4670 1379 4735; x_wconf 88' lang='lat' dir='ltr'>litteris</span> <span class='ocrx_word' id='word_1_346' title='bbox 1391 4673 1515 4736; x_wconf 84' lang='lat' dir='ltr'>Graecis</span> <span class='ocrx_word' id='word_1_347' title='bbox 1526 4674 1601 4737; x_wconf 91' lang='lat' dir='ltr'>doc·</span> 
     </span>
    </p>
   </div>
   <div class='ocr_carea' id='block_1_3' title="bbox 0 0 1910 5650">
    <p class='ocr_par' dir='ltr' id='par_1_5' title="bbox 0 0 1910 5650">
     <span class='ocr_line' id='line_1_41' title="bbox 0 0 1910 5650; baseline 0 3"><span class='ocrx_word' id='word_1_348' title='bbox 0 0 1910 5650; x_wconf 95' lang='lat' dir='ltr'> </span> 
     </span>
    </p>
   </div>
  </div>
 </body>
</html>
