3809 5650
750 700 1052 768 HEGESIPPUS.
1387 695 1448 758 211

348 876 406 952 ἐπὶ
427 878 499 952 τῶν
526 877 689 979 νεφελῶν
712 879 777 952 τοῦ
799 875 962 976 οὐρανοῦ.
994 874 1053 949 καὶ
1075 876 1227 950 πολλῶν
1255 873 1449 970 πληροφο-

346 1006 536 1106 ρηθέντων,
550 1010 610 1085 καὶ
628 1005 850 1112 δοξαζὸντων
862 1009 921 1085 ε’πὶ
938 1010 983 1109 τῇ
999 1004 1176 1109 μαρτυρίᾳ
1188 1009 1253 1081 τοῦ
1266 1000 1451 1095 Ἰακώβου,

348 1142 405 1218 καὶ
433 1136 615 1240 λεγόντων
643 1136 714 1223 ᾱῶς
740 1137 830 1219 άννά
858 1144 911 1246 τῷ
940 1142 1005 1244 υἱῷ
1021 1139 1153 1233 Δαβὶδ,
1171 1134 1252 1214 τότε
1279 1133 1391 1215 πάλιν
1418 1138 1452 1213 oi

348 1275 447 1352 αὐτοὶ
465 1283 684 1375 γραμματεῖς
703 1278 761 1355 καὶ
780 1282 969 1381 φαρισαῖοι
988 1272 1080 1375 πρὸς
1103 1270 1292 1369 ἀλλήλους
1308 1269 1450 1370 ἔλεγον·

322 1419 461 1490 ὁκακῶς
478 1406 695 1507 ἐποιήσαμεν
720 1408 886 1507 τοιαύτην
908 1407 1107 1509 μαρτυρίαν
1129 1402 1379 1507 παρασχάιπες
1400 1408 1453 1508 τῶ

347 1542 481 1640 Ἰησοῦ·
511 1541 611 1621 ἀλλὰ
630 1542 839 1640 άναβάντες,
853 1541 1116 1638 καταβάλωμεν
1130 1538 1249 1634 αὐτὸν,
1262 1539 1320 1617 ἵνα
1333 1544 1452 1643 φοβη-

348 1675 466 1758 θέντες
491 1674 543 1773 μὴ
569 1677 818 1755 πιστεύσωσιν
848 1676 953 1781 αὐτῷ.
997 1678 1055 1753 καὶ
1086 1673 1241 1778 ἔκραξαν
1270 1672 1450 1771 λέγοντες·

349 1805 434 1902 nini,
453 1813 512 1886 καὶ
530 1810 550 1887 ὁ
570 1809 703 1891 δίκαιος
720 1808 916 1908 ἐπλανήθη.
947 1810 1006 1886 καὶ
1031 1805 1259 1908 ἐπλήρωσαν
1273 1801 1339 1902 τὴν
1357 1838 1448 1906 γρα-

349 1938 423 2044 φήν
441 1940 506 2037 τήν
533 1943 571 2018 ἐν
599 1946 650 2047 τῷ
672 1940 814 2046 Ἡσαΐᾳ
838 1941 1098 2044 γεγραμμένην,
1122 1938 1288 2041 Ἶῖρωμεν
1314 1936 1378 2016 τὸν
1399 1937 1452 2016 δι’·

306 2107 461 2169 ιοκαιον,
480 2073 535 2152 ὅτι
563 2074 794 2177 δύσχρηστος
811 2075 894 2172 ἡμῖν
917 2076 1010 2151 ἐστι’·
1041 2075 1158 2151 τοίνυν
1181 2070 1226 2151 τὰ
1249 2068 1452 2173 γεννήματα

349 2213 419 2286 τῶν
436 2207 552 2309 ἔργων
576 2209 693 2286 αὐτῶν
718 2206 906 2313 φάγονται.
939 2204 1136 2300 ἀναβάντες
1162 2202 1225 2284 οὖν
1251 2204 1453 2299 κατέβαλον

349 2341 411 2421 τὸν
435 2344 579 2439 δίκαων,
598 2345 656 2421 καὶ
681 2342 807 2441 ἔλεγον
832 2341 1018 2441 ἀλλήλοις·
1048 2338 1257 2438 λιθάσωμεν
1279 2338 1453 2435 Ἰάκωβον

349 2473 412 2554 τὸν
431 2475 575 2554 δίκαιον.
604 2478 661 2554 καὶ
681 2473 838 2580 ἤρξαντο
854 2472 1010 2574 λιθάζειν
1034 2472 1150 2571 αὐτὸν,
1169 2477 1243 2553 ε’πεὶ
1262 2480 1450 2572 καταβλη-

350 2610 421 2690 θεὶς
454 2610 517 2687 οὐκ
550 2608 735 2706 ἀπέθανεν,
763 2607 862 2687 ἀλλὰ
897 2612 1071 2715 στραφεὶς
1108 2609 1209 2708 ἔθηκε
1239 2607 1286 2686 τὰ
1317 2606 1454 2710 γόνατα

307 2781 317 2818 ι
324 2743 482 2842 5λέγων·
514 2746 724 2844 Παρακαλῶ
748 2742 858 2847 Κύριε
881 2741 951 2822 ese*
971 2743 1107 2845 ἶπάτερ,
1133 2742 1223 2849 ἄφες
1250 2743 1381 2826 αὐτοῖς·
1409 2742 1453 2819 οὐ

351 2874 423 2978 γὰρ
443 2875 562 2954 οἴδασι
581 2874 619 2953 τί
633 2882 812 2956 ποιοῦσιν.
830 2878 922 2955 οὕτω
936 2877 975 2956 δὲ
992 2874 1372 2971 καταλιθοβολούντων
1385 2877 1449 2954 αὖὲ

376 3007 1177 3041 senetur-eut„
1327 3012 1431 3038 xa

352 3044 425 3105 τον,
445 3044 494 3091 εις
510 3044 583 3087 των
601 3042 719 3111 ιερεων
737 3043 809 3088 των
828 3044 912 3089 υιων
941 3015 1070 3113 Ρηχαβ
1084 3044 1160 3088 υιου
1182 3016 1368 3112 Ραχαβειμ
1381 3043 1454 3087 των

353 3283 437 3340 bibus
451 3281 523 3339 caeli.
565 3281 698 3357 Cumque
718 3281 803 3340 multi
824 3285 878 3342 hoc
929 3286 1069 3343 molestus
1092 3296 1136 3344 est
1160 3286 1260 3343 nobis:
1299 3295 1453 3362 propterea

354 3361 456 3418 Jncobi
502 3360 671 3418 tnrtimonio
715 3362 878 3421 oonfirrnnti
929 3364 1058 3423 fructum
1084 3384 1203 3443 operum
1228 3383 1347 3422 suorum
1371 3383 1451 3420 mun·

308 3457 344 3496 ιο
354 3439 549 3516 glorificarent
590 3438 703 3507 Jerum,
749 3440 879 3500 dicentes
929 3442 1090 3503 durabunt.
1132 3444 1206 3501 Mox
1227 3463 1296 3520 ergo
1316 3461 1453 3501 conscen-

354 3519 473 3576 Osnnna
500 3516 562 3575 filio
587 3518 705 3576 David:
737 3521 822 3579 Tunc
843 3522 878 3578 ii·
929 3522 1042 3589 denter,
1074 3543 1140 3581 cum
1172 3524 1349 3601 proecipitem
1385 3541 1452 3599 ege·

354 3597 419 3655 dem
442 3597 551 3655 Scribae
575 3617 609 3655 ac
637 3598 776 3657 Pharisaei
801 3600 878 3659 inter
929 3613 1008 3659 runt.
1050 3603 1093 3661 Et
1107 3603 1244 3681 quonium
1255 3602 1454 3680 proecipitntun

352 3696 384 3734 οε
413 3675 569 3746 collocuti;
608 3675 699 3744 Male,
729 3677 878 3755 inquiunt,
929 3700 989 3738 non
1024 3683 1122 3740 statim
1165 3692 1287 3740 mortem
1332 3682 1453 3751 obierat,

353 3755 485 3821 fecimus,
514 3755 566 3833 qui
595 3765 679 3814 tanto
711 3759 879 3816 testimonio
929 3760 979 3817 red
1018 3779 1174 3822 conversus
1211 3760 1294 3819 fleri·
1330 3761 1454 3836 genibus

308 3855 323 3892 2
327 3853 344 3912 5
354 3832 456 3892 Jesum
491 3835 698 3894 ornaverimus.
764 3835 877 3894 Verum
929 3840 1029 3898 orabat
1043 3839 1158 3897 dicens:
1186 3840 1313 3896 Domino
1326 3849 1358 3896 et
1371 3838 1454 3896 Deus

353 3912 550 3978 ascendamus,
562 3933 689 3991 eumque
699 3916 877 3993 prucipitem
931 3929 1023 3994 puter,
1056 3938 1127 3994 rogo
1160 3929 1195 3975 ut
1223 3919 1355 3994 ignoscas
1384 3915 1453 3984 inin,

354 3991 532 4067 dejiciamus,
555 4004 589 4051 ut
615 3997 705 4052 ceteri
729 3995 880 4052 conterriti
931 3999 1000 4071 quia
1040 3997 1174 4054 nesciunt
1218 3995 1290 4072 quid
1331 3995 1453 4053 faciunt.

357 4070 443 4128 fidem
458 4070 503 4127 illi
517 4072 622 4130 habere
636 4071 779 4131 desinant.
802 4073 881 4130 Con·
933 4074 982 4131 Illi
1011 4075 1087 4132 inter
1114 4093 1145 4132 re
1175 4074 1333 4132 dixerunt:
1380 4072 1454 4150 lupi.

357 4149 480 4207 clamare
494 4150 600 4209 deinde
619 4163 770 4229 coeperunt
786 4171 819 4208 nc
837 4151 880 4208 di·
931 4152 1034 4210 demur
1054 4153 1196 4210 Jnoobum
1216 4153 1348 4211 Justum.
1389 4154 1454 4211 Coe·

306 4248 436 4309 300ere:
470 4227 499 4286 0
525 4250 552 4297 0,
576 4229 638 4307 ipse
663 4230 750 4287 etiam
775 4231 882 4288 Justus
932 4241 1039 4309 purunt
1053 4232 1143 4308 igitur
1160 4231 1304 4309 lapidibus
1317 4251 1384 4289 eum
1399 4233 1452 4289 im-

353 4308 472 4365 erravit.
503 4308 545 4365 Et
559 4309 680 4385 impletu
688 4319 758 4366 runt
772 4327 880 4385 enquoe
931 4320 1040 4388 petere.
1072 4309 1206 4386 Cumque
1219 4310 1365 4368 homiuem
1377 4312 1454 4370 saxis

353 4385 433 4464 apud
449 4387 566 4444 Esaiam
581 4386 879 4465 scriptasunt3'1'ol·
930 4389 1097 4458 obruerent,
1131 4408 1206 4447 unus
1237 4387 1254 4447 'e
1288 4389 1452 4448 Sacerdoti·

353 4466 448 4523 lamus
477 4486 493 4523 ο
522 4465 619 4523 medio
648 4465 779 4534 Justurn,
812 4466 880 4542 quin
931 4467 995 4532 bur,
1019 4487 1055 4525 ex
1079 4467 1147 4525 filiis
1172 4467 1291 4528 Ruchnb
1315 4468 1367 4526 filii
1394 4469 1452 4529 Re-

428 4700 442 4736 d
455 4698 530 4747 Matr.
542 4698 592 4745 xxi.
602 4712 626 4761 9,
639 4712 675 4758 ιε.
849 4709 861 4738 ⁸
875 4699 907 4748 Ir.
919 4701 953 4748 iii.
969 4715 1006 4748 10.
1170 4705 1180 4743 ί
1192 4704 1252 4754 Ιιιιο.
1261 4704 1329 4752 xxiii.
1340 4717 1381 4764 34.

852 4815 902 4858 [ιθ
920 4815 938 4863 2
