3809 5650
302 669 368 731 soc
642 662 864 744 nucinum
888 663 1060 728 sucum.

304 826 358 905 ότι
390 822 618 903 ἐναποθανὼν
643 830 719 906 ταῖς
748 823 933 920 βασάνοις,
960 825 1080 930 φόβον
1104 824 1307 924 ε’μποιήσειε
1330 832 1405 909 τοῖς

304 964 452 1041 λοιποῖς·
491 959 532 1035 οὐ
569 956 679 1053 μόνον
710 957 810 1037 οὐδὲν
842 960 922 1059 περὶ
955 957 1064 1038 αὐτὸν
1087 968 1226 1038 τοωῦτο
1255 960 1404 1059 συνέβη,

304 1091 404 1172 ἀλλά
448 1094 505 1169 καὶ
548 1090 648 1192 παρὰ
688 1098 815 1170 πᾶσαν
856 1091 968 1198 δόξαν
1009 1095 1209 1197 ἀνθρώπων
1248 1095 1406 1201 ἀνελωφε

305 1230 363 1308 καὶ
388 1225 584 1328 ἀνωρθώθη
603 1224 645 1305 τὸ
664 1225 849 1323 σωμάτιον
866 1230 903 1306 έν
921 1235 999 1311 ταῖς
1015 1228 1201 1326 μετέπειτα
1218 1227 1406 1327 βασάνοις,

305 1367 364 1444 καὶ
392 1362 458 1461 τὴν
488 1362 582 1441 ἰδέαν
605 1360 767 1456 ἀπέλαβε
795 1361 862 1460 τὴν
885 1362 1063 1464 προτέραν
1090 1366 1149 1442 καὶ
1178 1362 1243 1462 τὴν
1273 1369 1433 1468 χρῆσιν5

305 1505 377 1578 τῶν
405 1504 537 1595 μελῶν.
588 1494 684 1575 ὥστε
720 1496 770 1595 μὴ
806 1495 970 1594 κόλασιν,
1003 1499 1088 1575 ἀλλ’
1121 1498 1219 1576 ’ίασιν
1252 1498 1310 1577 διὰ
1342 1505 1408 1598 τῆς

306 1633 449 1739 χάριτος
477 1641 540 1711 τοῦ
568 1639 743 1734 Χριστοῦ,
762 1630 828 1729 τὴν
856 1631 1020 1734 δευτέραν
1048 1631 1281 1733 στρέβλωσιν
1309 1634 1408 1740 αὐτῷ

306 1768 486 1872 γενέσθαι.

363 1903 411 2007 ζ’.
448 1909 520 1982 Καὶ
548 1898 728 1995 Βιβλιάδα
755 1902 798 1978 δέ
820 1933 900 1977 τινα
926 1901 1011 1996 μίαν
1042 1903 1125 2000 (sor.
1148 1918 1220 1994 μίαν
1241 1941 1318 1989 τινα,
1343 1918 1398 1983 vid

308 2049 446 2136 notum.)
472 2043 545 2115 τῶν
571 2033 785 2136 ἠρνημένων,
811 2034 878 2133 ἤδη
906 2039 1022 2113 δοκῶν
1050 2038 1070 2114 ὁ
1099 2035 1268 2131 διάβολος
1292 2072 1405 2119 κατα·
1423 2074 1458 2112 ιο

307 2171 516 2265 πεπωκέναι,
536 2167 696 2266 θελήσας
714 2166 752 2246 δὲ
770 2169 828 2245 καὶ
846 2166 905 2245 διά
922 2169 1164 2273 βλασφημίας
1192 2180 1409 2274 κατακρῖναι,

307 2304 393 2406 ἦγεν
411 2307 467 2383 ἐπὶ
485 2301 650 2397 κόλασιν,
670 2299 877 2402 ἀναγκάζων
895 2305 1004 2380 εἰπεῖν
1022 2303 1068 2381 τά
1086 2304 1175 2384 άθεα
1195 2311 1278 2406 περὶ
1296 2308 1408 2406 ἡμῶν,

309 2442 357 2522 ὡς
375 2441 595 2540 εὔθραύστον
614 2436 681 2537 ἤδη
700 2443 757 2517 καὶ
776 2437 961 2540 ἄνανδρον.
993 2439 1016 2538 ἡ
1038 2440 1075 2520 δὲ
1094 2442 1131 2520 έν
1151 2447 1195 2545 τῇ
1213 2447 1405 2544 στρεβλώ-

309 2608 367 2655 σει
385 2573 552 2678 ἀνένηφε,
570 2575 629 2652 καὶ
648 2576 696 2657 ὡς
713 2573 758 2652 ἀν
777 2579 885 2653 εἰπεῖν
903 2576 943 2653 ἐκ
961 2574 1092 2668 βαθέος
1117 2577 1227 2657 ὕπνου
1253 2582 1407 2683 ἀνεγρη·

308 2707 479 2813 γόρησεν·
513 2711 787 2808 ὑπομνησθεῖσα
816 2708 874 2788 διά
902 2714 966 2807 τῆς
992 2713 1214 2816 προσκαίρου
1241 2716 1410 2817 τιμωρίας
1425 2755 1458 2814 ¹5

310 2846 376 2945 τὴν
399 2846 539 2925 αἰώνιον
557 2848 594 2925 έν
614 2847 737 2951 γεέννῃ
755 2844 920 2925 κόλασιν·
953 2848 1012 2923 καὶ
1031 2846 1075 2949 ἐξ
1090 2850 1249 2932 ἐναντίας
1271 2856 1411 2932 ἀντεῖπε

309 2990 383 3067 τοῖς
407 2980 645 3087 βλασφήμοις
669 2980 836 3083 φήσασα·
895 2983 981 3056 Πῶς
1004 2974 1050 3051 ἂν
1067 2980 1189 3053 παιδία
1209 2982 1360 3078 φάγοιεν
1377 2994 1411 3066 οἱ

310 3128 471 3212 τοιοῦτοι,
491 3114 542 3197 οἷς·
560 3113 648 3213 μηδὲ
669 3110 816 3210 ἀλόγων
833 3108 931 3209 ζώων
949 3104 1037 3201 αἷμα
1056 3111 1186 3207 φαγεῖν
1205 3106 1313 3211 ‘’g-'sim
1347 3121 1405 3191 καὶ

312 3390 512 3451 trcctstionem
547 3392 645 3461 posset
673 3382 832 3439 sustinere:
883 3380 969 3440 fidem
999 3384 1222 3462 abnegaverunt,
1251 3404 1316 3443 curn
1348 3386 1406 3463 jum

312 3469 359 3528 vel
380 3468 410 3525 id
432 3475 510 3523 certe
530 3473 714 3528 eventurum,
734 3471 768 3519 ut
785 3461 835 3521 ille
885 3462 1029 3522 Diabolus
1054 3485 1071 3522 a
1098 3484 1129 3522 sc
1157 3466 1319 3545 absorptam
1347 3486 1455 3524 cre-20

312 3545 465 3606 tormentis
489 3542 672 3607 immortuus,
694 3552 833 3601 terrorem
885 3543 976 3609 deret,
992 3548 1139 3622 velletque
1153 3546 1272 3625 insuper
1291 3546 1408 3605 damna.

312 3624 444 3701 injiceret
478 3620 615 3697 reliquis:
656 3642 715 3680 non
748 3621 835 3681 modo
885 3624 995 3682 tionem
1014 3625 1093 3686 illius
1111 3626 1258 3685 cumulare
1277 3626 1408 3705 blasphe-

311 3702 385 3760 nihil
406 3701 547 3779 ejusmodi
569 3701 610 3758 ilii
632 3702 763 3781 contigit,
784 3703 834 3762 scd
886 3703 953 3771 mia,
976 3705 1012 3763 nd
1034 3705 1208 3785 supplicium
1232 3707 1326 3776 duxit,
1349 3707 1410 3765 adi.

312 3793 417 3861 proetcr
434 3782 564 3839 omnium
581 3782 757 3861 opinionem,
773 3803 835 3842 cor.
886 3796 1041 3862 genscum
1069 3795 1172 3866 utpote
1195 3785 1327 3863 fragilem
1349 3788 1409 3863 jum

313 3884 368 3944 pus
382 3863 446 3940 ejus
462 3861 558 3921 subito
577 3862 737 3923 revelatum
757 3883 835 3922 erec·
886 3875 917 3922 et
932 3864 1074 3942 ignavam,
1089 3865 1178 3943 impin
1192 3864 1228 3924 de
1244 3866 1327 3924 nobis
1341 3887 1409 3946 pro·
1422 3890 1456 3946 25

312 3956 435 4023 tumque
463 3943 595 4002 constitit
625 3944 655 4001 in
683 3944 837 4003 tormentis
887 3943 977 4020 loqui.
1020 3947 1133 4006 Verum
1153 3945 1203 4002 illa
1221 3945 1344 4023 resipuit
1365 3948 1410 4005 in·

313 4025 531 4106 posterioribus,
547 4035 577 4082 et
596 4024 748 4103 pristinam
771 4044 837 4102 spe·
887 4034 932 4082 ter
946 4027 1102 4091 cruciatus,
1117 4044 1150 4083 ac
1163 4025 1253 4083 veluti
1273 4046 1309 4084 ex
1331 4027 1411 4086 ultis.

314 4107 397 4175 ciem,
417 4124 560 4181 usumque
579 4106 773 4163 membrorum
793 4123 837 4162 re·
887 4104 961 4160 simo
985 4126 1087 4163 somno
1111 4106 1237 4163 excitata
1261 4116 1315 4173 est,
1337 4126 1410 4184 prae·

315 4187 473 4267 cupernvit.
517 4184 640 4243 Prorsus
659 4195 693 4243 ut
713 4182 840 4242 secunda
888 4194 971 4243 sente
994 4185 1139 4263 supplicio
1164 4185 1199 4243 de
1224 4197 1337 4244 aetcmae
1361 4207 1412 4263 ge.

314 4267 366 4326 illa
379 4265 604 4333 excarnificatum
621 4264 719 4322 divina
738 4263 837 4342 opitu·
888 4263 991 4323 heunae
1019 4266 1194 4325 cruciatibus
1220 4266 1312 4343 ipsam
1343 4267 1410 4324 sub·
1421 4290 1460 4347 30

313 4347 393 4405 laute
427 4345 529 4421 gratis,
565 4345 705 4402 medelam
739 4344 837 4422 potius
887 4357 1033 4405 monente.
1076 4346 1119 4404 Et
1139 4345 1338 4404 contradicens
1356 4348 1411 4403 im-

314 4445 400 4503 quam
422 4444 536 4499 poeusm
557 4424 583 4481 ei
605 4424 738 4482 attulisse
756 4422 836 4480 ride·
888 4423 960 4501 piis:
984 4425 1044 4496 Qui
1059 4425 1121 4484 fieri
1138 4436 1243 4503 posset,
1260 4427 1365 4503 inquit,
1378 4437 1412 4485 ut

315 4515 406 4564 retur.
888 4502 1016 4564 infantes
1036 4504 1229 4573 comederent,
1248 4507 1354 4582 quibus
1375 4527 1412 4564 nc

358 4600 386 4656 7.
409 4583 507 4641 Sedet
518 4581 677 4640 Bibliodem
693 4581 837 4658 quondam
888 4585 1057 4663 sanguinem
1081 4584 1197 4661 quidem
1220 4586 1411 4643 animantium

315 4685 351 4724 cx
377 4683 476 4721 eorum
505 4681 625 4720 numero
649 4662 700 4738 qui
729 4661 838 4719 Christi
889 4662 1043 4743 degustare
1058 4664 1136 4723 licet.
1178 4665 1297 4725 Abhinc
1311 4666 1410 4725 Chris·
1422 4692 1438 4747 3
1442 4690 1458 4748 5
