3809 5650
510 708 562 770 IN
586 707 737 771 EPIST.
762 707 988 770 VIENNEN.
1012 708 1077 770 ET
1102 704 1382 769 LUGDUNEN.
1439 705 1503 766 345

398 878 596 957 ὑποκειμένην
628 899 687 962 pro
722 876 917 957 προκειμένην
951 876 1129 940 admonuit.
1186 875 1336 940 ceterum
1371 873 1503 937 Pothini

399 999 514 1042 nomen
533 979 566 1041 in
580 978 772 1041 editionibus
788 978 895 1060 Rufini
919 977 1001 1040 mule
1016 976 1110 1041 scribi
1133 975 1283 1041 Photinus
1302 983 1395 1039 notat
1415 974 1503 1038 Stro-

400 1080 506 1152 thius;
529 1080 625 1142 immo
640 1079 782 1143 Oucciari
797 1079 829 1142 in
845 1079 991 1142 omuibus
1008 1079 1073 1141 suis
1088 1079 1180 1141 codd.
1196 1078 1302 1141 Rufini
1321 1076 1447 1161 seriptis
1460 1077 1507 1138 in·

401 1192 530 1244 ventum
545 1181 705 1256 Photinus,
721 1187 779 1244 aut
794 1182 920 1243 Fotluue
935 1187 1085 1244 testatur.
1124 1181 1276 1243 Ponticus
1286 1202 1375 1263 aeque
1390 1178 1509 1241 malum

401 1281 499 1344 habet
514 1280 648 1344 Rufinus
665 1280 736 1343 MS.
754 1281 1035 1365 Magdalenensis;
1058 1280 1113 1343 sed
1129 1288 1215 1344 recte
1231 1279 1381 1343 scribitur
1391 1298 1506 1341 nomen

401 1382 434 1445 in
457 1382 626 1447 veterrimo
650 1382 757 1445 Rufini
783 1404 879 1466 penes
904 1405 956 1446 me
981 1382 1089 1446 MSt0.
1136 1380 1315 1444 Nutricium
1341 1379 1507 1443 Ptolemaei

402 1484 486 1568 regis
504 1484 648 1568 AEgyptii
664 1483 790 1547 nomine
805 1484 972 1547 Pothinum
987 1490 1214 1547 commemorat
1229 1481 1345 1557 Oaesar,
1357 1482 1408 1545 De
1422 1480 1509 1544 Belle

405 1585 509 1662 Ciuili,
526 1586 546 1647 l.
559 1605 590 1670 3.
606 1607 697 1669 capp.
713 1587 770 1647 108
787 1592 820 1648 et
835 1585 893 1648 ult.

447 1685 485 1749 P.
497 1689 571 1770 306.
587 1685 606 1748 l.
627 1706 672 1748 10.
686 1686 823 1772 ἐσύρετο]
836 1687 961 1767 ἐφέρετο
972 1687 1017 1749 ed.
1030 1685 1135 1769 Sept.
1148 1684 1275 1748 ducitur
1285 1686 1328 1748 ad
1337 1681 1510 1747 tribunalia

403 1788 468 1851 imo
493 1788 600 1871 potius
626 1788 778 1851 defertur.
817 1791 923 1870 Rufio.
951 1791 1074 1869 ἐσύρετο
1099 1787 1228 1872 Nicepls.
1255 1794 1288 1850 et
1322 1785 1437 1849 Valerii
1462 1783 1510 1846 ec.

405 1888 536 1953 Srnorn.
586 1889 768 1953 Lectionem
810 1889 1005 1953 Valerianum
1032 1890 1162 1954 firmant
1187 1888 1389 1972 emunem'ptt‘
1415 1907 1510 1948 οονιοο

402 2001 514 2071 prater
528 1991 659 2074 &fieus
672 2001 698 2054 ct
713 1992 886 2055 Parisinus.

450 2091 532 2154 Ibid.
548 2092 569 2154 l.
586 2094 633 2155 16.
652 2098 705 2155 τοῦ
719 2093 862 2177 Χριστοῦ]
878 2098 930 2156 τοῦ
946 2096 1055 2174 Κυρίου
1070 2094 1146 2156 MS.
1163 2091 1253 2155 Bodt.

451 2192 488 2255 P.
499 2211 575 2277 307.
592 2193 612 2254 l.
625 2211 656 2276 5.
673 2194 768 2278 εἴτις]
786 2198 854 2257 εἴτι
869 2195 1018 2278 Episcopi
1035 2194 1147 2258 Ouetal.
1165 2193 1240 2258 Cod.
1270 2192 1402 2256 Srsors.

451 2293 534 2358 Ibid.
552 2293 572 2355 l.
583 2297 612 2357 6.
637 2295 703 2360 τοὺς
718 2296 803 2362 θεοὺς
824 2297 934 2378 αὐτῶν]
961 2295 1033 2360 Hoc
1058 2297 1154 2359 αὐτῶν
1176 2318 1215 2359 ex
1239 2294 1285 2358 ed.
1303 2293 1404 2377 scope.
1421 2292 1513 2356 resti-

406 2394 470 2458 tuit
492 2394 664 2470 Strothius,
681 2417 774 2478 quem
789 2418 847 2479 ego
871 2404 997 2460 secutus
1018 2419 1098 2468 sum,
1119 2397 1193 2480 quia
1213 2396 1259 2459 ita
1279 2395 1373 2458 scribi
1393 2393 1426 2457 iu
1446 2400 1510 2456 vet.

407 2495 567 2559 codicibus
589 2496 682 2570 solet,
709 2496 769 2559 etsi
795 2497 931 2560 alterum
958 2500 1069 2560 ἑαυτῶν
1097 2497 1240 2560 Valesius
1261 2496 1411 2580 praetulit,
1434 2494 1511 2556 illud

407 2595 535 2677 quidem
551 2595 777 2678 praestantibus
794 2597 922 2660 Eusebii
938 2597 1094 2681 plerisque
1110 2597 1280 2660 codicibus.

454 2696 538 2759 uu.
554 2694 575 2759 1.
590 2696 620 2758 e.
647 2697 752 2776 ιρριφη
778 2699 861 2781 erp
883 2697 994 2781 ειρκτρ]
1022 2697 1130 2761 codex
1155 2696 1329 2759 neamus
1352 2695 1450 2758 hate
1472 2698 1514 2761 εις

407 2797 462 2876 τὴν
483 2799 606 2878 εἱρκτήν.
631 2819 688 2861 nec
707 2797 801 2862 aliter
821 2799 920 2862 codex
936 2798 1022 2862 Mar.
1041 2798 1123 2862 Fuk.
1143 2804 1177 2861 et
1198 2795 1315 2861 Savilii.
1344 2795 1512 2858 Virrsrus.

410 2901 466 2963 Ita
487 2899 638 2977 Valesius,
656 2899 709 2984 qui
731 2903 773 2966 ele
793 2900 847 2978 τὴν
866 2900 983 2979 εἱρκτὴν
1005 2899 1249 2984 imprimendum
1272 2897 1406 2972 curavit,
1428 2897 1514 2980 quod

409 3002 525 3065 rectius
541 3010 600 3076 est,
616 3003 663 3066 ait
679 3002 848 3077 strothius,
865 3001 891 3064 si
909 3002 1152 3086 grammaticam
1173 3006 1306 3084 spectes,
1322 2997 1452 3081 etquis,
1469 2997 1516 3058 in-

410 3104 479 3185 quit
495 3103 555 3179 ille,
572 3105 653 3167 hanc
667 3103 847 3179 lectionem,
859 3104 884 3167 si
900 3104 1014 3166 aderet
1030 3103 1188 3187 primitus,
1199 3107 1355 3163 mutasset
1368 3099 1399 3160 in
1410 3098 1513 3183 magis

410 3205 581 3269 soloecaml
606 3208 707 3267 Porro
722 3213 814 3268 extat
831 3204 1050 3290 Stephaniana
1063 3204 1156 3267 lectio
1175 3203 1206 3265 in
1222 3202 1306 3264 codd.
1322 3199 1464 3284 Norfolc.
1481 3211 1515 3262 et

410 3306 518 3368 Poris.
540 3327 565 3367 1.
583 3308 624 3371 εἰς
639 3310 674 3391 τῇ
691 3308 797 3389 εἱρκτῇ.
823 3307 897 3390 aee.
915 3307 997 3368 Pur.
1015 3324 1044 3369 ο.
1082 3305 1137 3367 Ad
1152 3325 1237 3367 erum
1248 3324 1322 3366 vero
1335 3301 1517 3385 eaempluris

410 3406 480 3470 edit.
498 3405 597 3489 Steph.
614 3406 648 3467 la
663 3404 836 3470 bibliotheca
856 3407 947 3470 Bcdl.
968 3406 1157 3490 rescriptum
1177 3412 1227 3468 est
1248 3408 1290 3469 εἰς
1312 3404 1366 3481 τὴν
1391 3402 1515 3483 εἱρκτήν.

412 3508 467 3571 Ita
482 3515 515 3571 et
532 3506 701 3591 ctrutopt.
721 3508 815 3571 Lectt.
842 3507 976 3571 Habent
991 3509 1115 3588 ἑρῥίφθη
1135 3506 1262 3569 Grutcrc‘
1277 3506 1369 3568 lectt.
1414 3503 1519 3566 Addit

411 3630 494 3671 nnnc
510 3608 682 3683 Burtonus,
699 3608 753 3690 qui
768 3607 936 3672 lectionem
951 3608 1067 3672 Valerii
1086 3617 1213 3671 secutus
1233 3614 1292 3680 est,
1310 3607 1406 3668 MSS.
1428 3603 1515 3667 Bodl.

421 3708 518 3769 Vetat.
549 3714 583 3770 et
611 3706 813 3771 Ferentinae.
867 3707 930 3771 Sed
962 3708 1213 3792 Stephanionem
1246 3705 1412 3789 amplexus
1447 3710 1518 3766 eret

414 3806 640 3886 Heinicheuus‚
657 3810 742 3892 quod
757 3831 816 3894 ego
832 3831 958 3893 quoque
973 3809 1119 3873 feceram.

459 3908 544 3971 Ibid.
571 3908 590 3971 l.
613 3929 659 3972 10.
683 3915 734 3972 τοῦ
758 3913 853 3994 Θεοῦ]
887 3916 961 3981 Τοῦ,
985 3909 1069 3993 quod
1094 3908 1237 3972 Valesius
1258 3928 1298 3969 ex
1325 3905 1430 3968 MStis
1454 3905 1519 3966 suis

412 4008 573 4072 addidisse
587 4009 721 4082 videtur,
738 4011 894 4095 expunxit
910 4010 1082 4085 strothius,
1099 4010 1155 4072 sed
1171 4029 1242 4071 cum
1257 4006 1386 4069 Valesic
1398 4005 1519 4069 faciunt

413 4110 477 4172 dno
507 4110 617 4194 scripti
643 4110 714 4173 mei.
760 4110 852 4173 Nunc
881 4111 974 4175 addit
1008 4113 1170 4174 Burtonus
1200 4108 1284 4172 codd.
1315 4107 1401 4181 Med.
1429 4107 1517 4170 llloz.

414 4212 522 4274 Feta.

457 4312 542 4374 Ibid.
559 4311 579 4372 l.
596 4331 644 4372 ιι.
670 4312 804 4375 σπανίως
822 4312 878 4388 μὲν
896 4309 1033 4393 γεγονὸς]
1060 4309 1244 4372 Notandum
1261 4314 1310 4371 est
1331 4306 1415 4389 quod
1430 4305 1521 4368 aiunt

415 4412 656 4496 Lugdunenses,
677 4432 784 4472 rarum
804 4410 908 4473 adhuc
932 4411 965 4472 in
986 4411 1117 4474 eeclesia
1137 4409 1290 4494 ejusmodi
1314 4406 1519 4491 indulgentiae

414 4535 507 4576 usum
522 4512 617 4575 luisse
632 4533 708 4593 erga
727 4511 840 4594 lapsos.
886 4510 1013 4594 Nempe
1033 4510 1108 4593 quia
1132 4509 1174 4572 ad
1195 4509 1254 4572 hoc
1275 4529 1375 4592 usque
1396 4515 1522 4590 tempus

414 4613 508 4698 pauci
527 4613 699 4676 admodum
718 4612 799 4696 lapsi
822 4612 958 4675 hierant.
1005 4611 1120 4695 Itaque
1141 4618 1286 4673 cessante
1305 4608 1427 4680 morbo,
1444 4607 1521 4669 nihil

416 4737 496 4799 opus
522 4723 592 4777 erat
616 4713 797 4797 hujusmodi
821 4712 985 4776 medicina.
1032 4711 1216 4776 Subsecutis
1242 4718 1350 4775 eutem
1375 4729 1519 4793 persecu-

461 4838 530 4878 τοι.
548 4839 568 4878 ι.
928 4833 989 4896 ry
