3809 5650
397 691 460 753 142
763 689 1128 755 ANNOTATIONES

396 859 504 923 cherio
516 858 746 923 recentioribus
758 859 915 922 hincinde
927 861 1068 923 oolleotae
1084 868 1169 924 sunt.
1215 860 1376 943 Quidquid
1390 870 1499 924 autern

396 961 436 1023 de
451 963 623 1041 γνησιότητι
643 959 794 1023 librorum
811 961 961 1023 Eucherii
982 962 1150 1039 statuitur,
1165 969 1252 1025 certe
1272 984 1352 1045 opus
1372 962 1499 1046 quidem

397 1061 522 1126 Cbroom
538 1062 658 1124 dictum
674 1084 736 1124 non
750 1069 856 1125 totum
870 1084 891 1125 a
907 1062 1062 1126 Melitene
1077 1063 1206 1126 secundi
1222 1063 1329 1127 saeouli
1344 1063 1499 1146 scriptore

395 1163 491 1227 fuisse
506 1163 715 1246 compositum
729 1163 856 1227 aliunde
871 1164 997 1226 abunde
1014 1170 1151 1227 constat.
1199 1164 1249 1226 En
1264 1165 1347 1227 enim
1368 1188 1407 1228 ex
1428 1165 1499 1227 aliis

395 1265 477 1329 hano
491 1264 637 1349 glossam.
686 1267 759 1329 Tres
773 1266 818 1328 ed
828 1265 1133 1349 trimmfidoliam
1147 1267 1375 1349 professionem,
1392 1268 1429 1329 ia
1447 1278 1499 1343 cst,

396 1368 579 1441 clericorum,
595 1368 812 1440 armariorum,
829 1378 856 1430 ot
878 1367 1056 1452 conjapmm
1081 1368 1117 1430 do
1137 1367 1194 1430 boo
1215 1369 1379 1452 tripartita
1401 1369 1434 1431 ia
1456 1391 1498 1432 eo·

397 1467 488 1530 edesio
496 1467 682 1550 professione
691 1488 752 1550 por
765 1468 949 1531 Ezechielem
964 1468 1050 1531 Deae
1069 1467 1211 1552 loquitar,
1230 1470 1286 1531 &a
1334 1469 1499 1533 Proferam

397 1570 464 1632 haeo
488 1590 611 1653 quoque
633 1569 748 1642 vorba3
779 1569 892 1631 Hostia
912 1569 1067 1652 pacifica·
1094 1591 1169 1651 opas
1190 1571 1415 1647 irrisorioordic,
1431 1594 1499 1655 qaae

397 1672 464 1734 ideo
486 1671 582 1733 bost-ia
597 1671 732 1753 pacifica
751 1669 933 1753 adpellatar,
949 1692 980 1732 oo
995 1670 1075 1753 qaod
1092 1670 1169 1732 hosti
1188 1669 1306 1734 diabolo
1326 1673 1455 1745 resistat,
1472 1683 1501 1736 si

397 1775 464 1836 Deo
478 1773 622 1835 brainam
641 1771 819 1834 remissiliot.
865 1772 907 1833 Ia
923 1770 1057 1847 Psalmo,
1078 1771 1189 1834 Tollite
1209 1772 1320 1836 bodias
1340 1784 1367 1836 et
1388 1775 1500 1837 intrate

396 1876 430 1937 in
444 1876 529 1937 atria
543 1874 614 1954 aas.
662 1872 728 1935 Ubi
743 1873 784 1936 ad
800 1873 974 1957 marginem
990 1873 1115 1936 notavit
1129 1873 1254 1957 aliquis,
1269 1874 1393 1937 Allasio
1408 1875 1499 1938 bostis

396 1975 441 2037 ed
452 1974 665 2058 hostiamque
680 1975 800 2036 oonteia‘
814 1997 834 2036 a
847 1974 961 2036 Latino
971 1974 1113 2056 quopiam
1126 1975 1290 2058 eeeopitato
1300 1975 1348 2037 sit.
1381 1976 1499 2058 Itaque

396 2075 624 2140 additamentis
652 2084 782 2137 auctum
811 2075 915 2150 luisse,
941 2075 981 2136 de
1012 2096 1074 2158 quo
1100 2075 1235 2159 agimus,
1263 2074 1413 2150 libellum,
1440 2096 1499 2159 pro

397 2191 485 2239 corto
500 2175 690 2237 credendum
706 2196 773 2237 esse
788 2174 924 2237 dicerem
936 2198 945 2248 ;
960 2181 997 2236 nt
1008 2174 1034 2236 si
1046 2197 1067 2236 a
1078 2173 1232 2237 Melitene
1242 2174 1338 2238 fuerit
1350 2174 1497 2258 scriptus,

397 2277 481 2362 quod
511 2276 596 2338 haud
622 2275 810 2359 negaverim,
836 2275 993 2338 sincerum
1020 2282 1128 2338 tamen
1155 2284 1253 2359 atque
1279 2276 1498 2360 incorruptum

397 2400 478 2461 opus
493 2376 677 2460 neutiquam
696 2376 815 2440 censeri
836 2376 868 2437 id
889 2375 1015 2439 debeat.
1061 2375 1217 2459 Relinque
1239 2386 1347 2440 antem
1371 2379 1498 2461 proin-

396 2475 513 2539 stituto
530 2497 608 2551 ineo,
625 2495 819 2558 quaeounque
841 2474 964 2537 ineerta
985 2482 1071 2549 sunt,
1087 2496 1127 2536 ex
1150 2475 1264 2557 quibus
1286 2476 1429 2560 profecto
1453 2477 1498 2539 nil

397 2577 456 2640 nisi
473 2577 628 2639 incertum
643 2576 861 2660 colligandum.

442 2678 504 2741 Sed
520 2687 688 2761 postquam
704 2678 868 2761 superiora
882 2677 1005 2761 scripsi,
1020 2677 1180 2742 addidisse
1191 2678 1335 2760 quaedam
1352 2678 1391 2740 de
1403 2699 1499 2762 opere

397 2780 460 2843 isto
480 2788 578 2863 atque
602 2780 641 2843 de
663 2778 769 2844 codice
789 2778 1038 2843 Claramontano
1068 2779 1269 2844 Gallandium
1301 2787 1499 2864 compertum

397 2882 494 2945 habui
516 2883 547 2945 in
566 2882 777 2967 Prolegomm.
800 2889 877 2945 tom.
900 2881 924 2944 I.
949 2882 1033 2945 Bitl.
1058 2883 1128 2945 PP.
1147 2906 1173 2945 c.
1196 2900 1245 2961 24.
1266 2905 1296 2966 p.
1318 2905 1389 2945 cxx.
1414 2882 1499 2945 “Ex

398 2991 419 3021 “
432 2983 492 3047 hac
511 2984 600 3047 Clavi
615 2984 797 3068 ›dereptas-roe,
814 2983 930 3067 inquit,
944 2984 1109 3049 desunrtus
1123 2985 1206 3046 forte
1220 2983 1307 3046 loeus
1321 2983 1372 3045 illc
1387 2983 1441 3067 qui
1456 2983 1499 3046 ad

399 3093 418 3121 “
436 3086 541 3149 Gcacs.
573 3086 648 3148 xxii.
679 3106 723 3169 ¹3·
748 3086 781 3147 in
807 3086 911 3150 bibliis
935 3087 1069 3150 Sixtinis
1096 3087 1140 3150 sio
1166 3109 1186 3150 a
1208 3086 1335 3149 Nobilio
1357 3087 1497 3150 citatur:

399 3195 420 3225 “
437 3188 560 3260 Melite,
588 3189 687 3269 Syrus
710 3196 736 3249 oi
758 3186 909 3250 Holroeos
937 3188 1054 3264 dicant,
1084 3188 1273 3268 κρεμάμενος,
1299 3187 1441 3271 pendens,
1466 3196 1500 3249 al

399 3295 419 3323 ‘⁶
433 3287 623 3369 nranisostias
637 3289 784 3369 offiaporot
797 3309 922 3350 croam.
939 3288 1031 3363 (Vid.
1042 3310 1138 3371 supra
1152 3310 1225 3372 pag.
1240 3295 1325 3370 124.)
1350 3290 1499 3354 Ceterum

399 3398 419 3425 “
437 3410 533 3470 quum
548 3388 677 3450 Orusius
692 3387 814 3469 pridem
830 3387 863 3448 in
877 3409 911 3449 se
932 3388 1103 3469 recepisset
1126 3395 1226 3451 semet
1241 3390 1403 3452 editurum
1426 3410 1500 3451 cum

398 3497 419 3525 “
435 3487 505 3550 aliis
526 3487 748 3550 ecclesiasticae
770 3487 974 3571 antiquitatis
988 3488 1210 3563 monumentis,
1234 3488 1400 3571 antiquam
1415 3489 1501 3553 illius

397 3597 419 3625 “
434 3589 538 3672 operis
561 3586 735 3651 versionem
757 3609 829 3649 eum
851 3587 1125 3651 emendationibus
1141 3588 1379 3664 sirmondianis,
1396 3609 1500 3671 neque

399 3699 418 3725 ‘⁶
434 3710 573 3773 unquam
588 3688 673 3770 quod
689 3688 815 3770 quidem
830 3688 928 3750 sciam
952 3688 1116 3771 promissis
1142 3688 1305 3752 stetisset:
1329 3703 1501 3771 propterea

397 3799 418 3829 ‘'
434 3791 608 3855 amicorum
643 3788 782 3872 optimus
815 3810 886 3851 meo
921 3788 1048 3852 nomine
1083 3789 1124 3852 ad
1155 3789 1256 3852 virum
1286 3788 1500 3872 perillustrem

400 3903 419 3928 “
437 3891 567 3956 Parisiis
581 3901 728 3975 agentem
744 3890 869 3954 litteras
884 3890 1089 3974 perferendas
1104 3890 1238 3965 curavit,
1253 3891 1366 3974 quibus
1378 3899 1446 3954 tum
1460 3893 1500 3956 de

399 4003 418 4032 “
435 3994 495 4057 hoo
513 3993 676 4056 Melitonis
692 4014 787 4075 opere
803 3991 1035 4068 sciscitabatur,
1048 3999 1116 4055 tum
1141 3993 1181 4054 de
1196 3992 1265 4075 ipso
1280 3993 1388 4056 codice
1403 4015 1499 4057 manu

399 4105 420 4134 “
437 4104 570 4160 exarato
581 4094 787 4159 describendo
797 4092 959 4156 consilium
969 4092 1173 4176 studiumque
1181 4093 1356 4177 aperiebat.
1381 4096 1499 4157 Verum

399 4205 418 4233 “
435 4198 477 4259 ab
492 4219 530 4260 eo
547 4196 588 4257 V.
605 4198 643 4258 C.
659 4215 843 4278 responsum
865 4192 941 4256 tulit
963 4193 1161 4276 hujusmodi:
1186 4193 1231 4255 Le
1246 4194 1322 4257 livre
1338 4195 1430 4278 qu'on
1446 4196 1500 4257 de-

399 4306 419 4332 “
434 4297 579 4360 mandoit
602 4318 676 4359 sous
701 4296 730 4359 le
754 4317 829 4357 nom
855 4295 894 4357 do
919 4300 1022 4370 Κλεῖς,
1046 4317 1101 4358 sen
1126 4294 1232 4358 Chosis
1247 4295 1403 4358 bladonis
1423 4296 1499 4358 Sar·

400 4407 419 4431 “
434 4397 554 4471 diensis,
582 4396 654 4459 MS.
682 4395 725 4457 dn
752 4394 878 4478 Oollege
905 4394 944 4457 de
970 4394 1146 4468 Clermont,
1172 4404 1222 4457 est
1246 4417 1308 4458 une
1330 4397 1441 4479 espeoe
1459 4396 1500 4460 de

400 4506 419 4532 “
435 4496 632 4560 Dietioneire
647 4517 688 4559 ou
704 4495 917 4558 Venabulaire
936 4495 1159 4579 interpretatis
1175 4496 1231 4558 des
1251 4505 1336 4559 mots
1359 4496 1500 4560 difficiles

399 4603 420 4632 “
437 4594 477 4657 de
491 4594 662 4656 l’Eoriture
677 4594 789 4657 sainte.
836 4595 901 4657 Son
917 4594 1070 4658 veritable
1085 4596 1162 4658 titre
1184 4603 1255 4658 est:
1280 4596 1408 4660 Miletus
1423 4597 1500 4683 (sio)

400 4694 576 4756 “Asianas
609 4694 784 4777 epiecopus:
821 4694 899 4758 buoso
929 4693 1040 4759 libram
1069 4695 1177 4771 edidit,
1208 4716 1294 4779 qaam
1322 4706 1348 4759 ot
1373 4718 1502 4781 commeo
