3809 5650
524 691 747 757 EPISTOLA
771 691 1101 757 VIENNENSIUM
1127 691 1184 756 ΕΤ
1209 691 1345 758 LUuD.
1420 693 1485 756 808

385 852 492 932 ὁπότε
510 852 635 952 μηκέτι
651 851 762 953 μηδὲν
780 850 877 956 εἶχον
895 851 915 933 ὁ
932 851 1152 953 ποιήσουσιν
1170 854 1276 960 αὐτῷ,
1294 853 1336 933 τὸ
1358 864 1482 933 πελεν·

384 987 484 1058 ταῖον
520 987 660 1084 χαλκᾶς
696 982 842 1064 λεπίδος
879 980 1071 1083 διαπύρους
1105 982 1369 1084 προσεκὸλλων
1412 987 1487 1064 τοῖς

384 1114 668 1220 τρυφερωτάτοιο
696 1114 825 1213 μέλεσι
849 1124 912 1193 τοῦ
936 1114 1107 1212 σώματος
1134 1118 1252 1195 αὐτοῦ.
1282 1120 1342 1195 καὶ
1374 1123 1488 1195 ταῦτα

383 1247 449 1347 μέν
486 1249 631 1330 ἐκαίετο.
680 1246 785 1331 αὐτὸς
822 1246 860 1327 δέ
895 1248 1091 1351 παρέμενεν
1124 1250 1390 1348 ἀνεττίκαμπτος
1427 1255 1487 1329 καὶ

357 1381 580 1477 εάνένδοτος,
609 1378 759 1483 στεῤῥὸς
788 1378 879 1482 πρὸς
903 1380 969 1479 τὴν
995 1383 1204 1483 ὁμολογίαν,
1224 1380 1304 1462 ἰόττὸ
1331 1387 1395 1481 τῆς
1421 1383 1483 1462 οὐ·

384 1517 507 1617 ρανίου
524 1518 645 1615 πηγῆς
662 1523 726 1594 τοῦ
746 1516 874 1598 ὕδατος
891 1520 955 1613 τῆς
974 1516 1063 1618 ζωῆς·
1082 1526 1146 1596 τοῦ
1164 1517 1320 1622 ἐξιόντος
1349 1515 1404 1596 ιέκ
1422 1521 1487 1616 τῆς

386 1648 512 1748 νηδύος
536 1656 599 1727 τοῦ
617 1653 783 1750 Χριστοῦ
810 1646 1058 1751 δροσιᾷὁμενος
1086 1653 1145 1729 καὶ
1172 1648 1485 1749 ἐνδυναμοόμενος.

385 1782 427 1864 τὸ
453 1784 489 1864 δὲ
517 1782 701 1882 σωμάτιον
732 1781 867 1887 μάρτυς·
895 1783 940 1883 ἦν
971 1791 1043 1865 τῶν
1075 1783 1371 1885 συμβεβηκότων,
1399 1782 1487 1865 ὁλον

385 1927 525 2021 τραῦμα
543 1921 602 1995 καὶ
619 1918 776 2022 μώλωψ,
790 1921 848 1997 καὶ
866 1918 1178 2018 συνεσπασμένον,
1194 1922 1253 1998 καὶ
1270 1921 1484 2018 οἱποβεβλη·

340 2093 376 2130 10
386 2054 447 2137 κὸς
478 2052 545 2152 τὴν
574 2052 794 2155 ἀνθρώπειον
828 2053 961 2159 ἔξωθεν
989 2051 1147 2159 μορφήν·
1191 2056 1228 2134 έν
1265 2050 1295 2160 ᾧ
1332 2051 1488 2158 πάσχων

385 2188 547 2293 Χριστὸς
569 2188 733 2290 μεγάλας
757 2189 916 2269 ἐπετέλει
941 2188 1062 2296 δόξας,
1084 2196 1273 2292 καταργῶν
1297 2189 1361 2268 τὸν
1385 2191 1485 2269 ἀντι·

386 2327 555 2426 κείμενον,
575 2328 634 2404 καὶ
652 2323 700 2409 εἶς
718 2322 784 2422 τὴν
801 2332 873 2404 τῶν
897 2331 1035 2405 λοιπῶν
1063 2325 1295 2406 ὑποτύπωσιν
1322 2327 1483 2405 ὁποδεικ·

386 2459 488 2556 νόων,
517 2459 572 2537 ὁτι
601 2456 711 2557 μηδὲν
741 2458 901 2565 φοβερὸν
934 2457 1026 2538 ὅπου
1057 2457 1193 2561 πατρὸς
1230 2456 1364 2560 ἀγάπη,
1396 2457 1486 2558 μηδὲ

386 2591 553 2692 ἀλγεινὸν
581 2590 671 2669 ὅπου
698 2596 864 2692 Χριστοῦ
891 2592 994 2698 δόξα.
1035 2600 1107 2671 τῶν
1138 2591 1208 2695 γὸρ
1239 2590 1381 2692 ἀνόμων
1408 2594 1485 2690 μεθ

343 2758 375 2814 15
386 2725 519 2828 ἡμέρας
536 2722 648 2803 πάλιν
667 2723 945 2826 στρεβλοόντων
964 2727 1022 2803 καὶ
1048 2723 1221 2828 μάρτυρα,
1240 2730 1298 2805 καὶ
1323 2723 1485 2829 νομιῷν·

386 2895 468 2956 των,
495 2858 549 2937 ότι
577 2858 766 2937 οἰδούντων
794 2863 852 2938 καὶ
882 2856 1179 2965 φλεγμαινόντων
1205 2866 1278 2939 τῶν
1305 2858 1488 2957 σωμάτων

387 3001 416 3074 εὶ
435 2993 480 3072 rui
499 2992 589 3072 ut'rrui
606 2993 876 3094 προσενέγκοιεν
890 2992 1114 3095 κολαστήρια
1131 2993 1355 3096 περιέσοιντο
1370 2995 1489 3092 αότοῦ,

387 3126 493 3209 ὁπότε
531 3125 610 3206 οὐδὲ
641 3126 707 3225 τὴν
738 3125 811 3206 ἀπὸ
846 3133 918 3205 τῶν
957 3133 1084 3230 χειρῶν
1121 3126 1220 3234 ἁφὴν
1256 3128 1426 3232 ἠνείχετο·
1464 3125 1488 3227 ἢ

388 3375 422 3421 ut
432 3383 498 3420 cum
511 3362 583 3419 nihil
594 3360 718 3435 amplius
729 3359 799 3438 ipsiu
810 3380 910 3439 super.
963 3361 1088 3418 hominis
1116 3361 1240 3439 speciem
1269 3360 1408 3419 retinens.
1451 3359 1488 3418 Iu

342 3466 378 3503 20
388 3454 463 3501 esset
478 3461 537 3518 quo
551 3441 633 3499 illum
649 3452 829 3516 torquerent,
844 3461 911 3498 can.
963 3460 1022 3517 quo
1050 3441 1185 3498 Christus
1217 3440 1279 3519 ipse
1312 3441 1488 3518 perpetiens,

388 3525 490 3581 dentes
504 3522 568 3579 ruris
589 3521 710 3578 laminas
732 3520 912 3579 mollioribus
963 3541 1068 3598 magua
1082 3520 1220 3579 miracula
1231 3520 1375 3598 patrabat,
1385 3521 1489 3580 adver·

388 3605 452 3680 ejus
485 3602 621 3660 membris
652 3600 812 3677 affigerent.
871 3600 912 3658 Et
963 3601 1070 3660 sarium
1086 3600 1221 3659 funditus
1238 3600 1347 3666 delens,
1363 3610 1394 3658 et
1408 3600 1488 3660 illus·

389 3682 517 3741 membru
544 3680 662 3757 quidem
696 3679 910 3738 adurebarrtur:
963 3681 1001 3738 tri
1030 3681 1164 3758 exemplo
1191 3681 1296 3740 ceteris
1322 3680 1488 3747 ostendens,

388 3763 450 3841 ipse
466 3781 534 3819 vero
548 3772 644 3819 rectus
658 3771 746 3837 utque
759 3760 911 3818 inconcus·
963 3761 1037 3817 nihil
1062 3780 1125 3818 esse
1149 3760 1340 3818 metuendum
1365 3761 1415 3818 ubi
1441 3779 1489 3818 cu-

342 3857 376 3912 25
389 3861 447 3907 sus,
471 3841 561 3899 firmis
586 3840 716 3917 vestigiis
740 3840 770 3897 iu
798 3841 913 3898 confes-
963 3840 1034 3898 ritus
1058 3840 1154 3897 Putris
1176 3838 1268 3897 adsit:
1299 3838 1412 3897 nullum
1435 3838 1488 3896 do·

388 3921 469 3980 sione
500 3921 638 3999 perstitit.
668 3930 771 3997 utpote
805 3919 913 3978 coelesri
963 3918 1064 3984 iorem.
1079 3920 1130 3977 ubi
1144 3918 1237 3996 gioria
1248 3918 1373 3975 vertitur
1387 3918 1488 3977 Chris·

388 4001 471 4059 fonte
485 4020 566 4077 uquae
584 4001 658 4057 τίνα
677 4018 741 4075 quoe
760 4019 797 4058 ex
812 4012 912 4057 ventre
963 3999 996 4057 ti.
1022 3999 1141 4077 Quippe
1155 4018 1221 4057 cum
1233 3997 1314 4075 impii
1330 3996 1372 4053 illi
1387 3998 1490 4075 paucis

389 4080 498 4138 Christi
516 4079 645 4158 profluit,
661 4078 798 4156 perfusus
817 4078 912 4136 firma·
964 4088 1030 4156 pout
1038 4078 1141 4136 diebus
1151 4077 1259 4135 iterum
1268 4088 1405 4153 torquere
1414 4096 1490 4135 mur.

388 4171 505 4235 tusque.
548 4159 640 4216 Porro
654 4176 758 4235 corpus
772 4159 865 4235 ipsum
881 4179 911 4215 a·
963 4168 1056 4237 tyrern
1072 4158 1237 4235 coepissent,
1245 4155 1455 4233 crederemque
1465 4155 1491 4215 οἱ

341 4257 379 4313 30
389 4240 487 4298 bunde
508 4239 669 4297 testabatur
694 4256 728 4295 eu
752 4256 817 4312 quoe
839 4238 911 4295 ucci-
963 4237 1199 4314 turgescentibus
1213 4235 1308 4293 adhuc
1326 4246 1357 4293 et
1376 4235 1489 4294 influm-

389 4319 501 4384 derunt
516 4319 626 4396 quippe
640 4316 717 4393 quod
740 4317 813 4374 nihii
833 4317 912 4375 uliud
964 4318 1051 4375 matis
1060 4316 1230 4374 vulneribus
1239 4315 1490 4375 eudemtormeutu

389 4412 465 4458 esset
490 4410 595 4478 pruter
616 4396 737 4455 vulnera
761 4408 849 4473 atque
870 4398 914 4454 vi.
964 4397 1001 4455 de
1025 4397 1141 4473 integro
1165 4395 1346 4460 adhiberent,
1368 4396 1432 4453 fore
1455 4407 1490 4455 ut

389 4481 483 4539 bices:
509 4490 604 4538 totum
627 4487 806 4536 contractum
827 4487 915 4553 atque
966 4477 1017 4534 illo
1031 4477 1195 4556 superiores
1206 4474 1371 4541 evaderent,
1381 4476 1491 4555 quippe

389 4572 566 4629 contortum,
595 4578 648 4616 nec
675 4557 735 4634 jam
764 4567 913 4615 externam
966 4557 1016 4634 qui
1045 4576 1082 4615 ne
1109 4575 1248 4614 manuum
1276 4555 1392 4632 quidem
1421 4575 1490 4613 uou-

628 4719 721 4768 iJoun.
733 4720 764 4767 iv.
781 4732 818 4777 ¹4·
1081 4716 1178 4765 Uenu.
1191 4715 1233 4763 vii.
1245 4716 1285 4776 38.
