<?xml version="1.0" encoding="UTF-8"?>
<!DOCTYPE html PUBLIC "-//W3C//DTD XHTML 1.0 Transitional//EN"
    "http://www.w3.org/TR/xhtml1/DTD/xhtml1-transitional.dtd">
<html xmlns="http://www.w3.org/1999/xhtml" xml:lang="en" lang="en">
 <head>
  <title>
</title>
<meta http-equiv="Content-Type" content="text/html;charset=utf-8" />
  <meta name='ocr-system' content='tesseract 3.04.00' />
  <meta name='ocr-capabilities' content='ocr_page ocr_carea ocr_par ocr_line ocrx_word'/>
</head>
<body>
  <div class='ocr_page' id='page_1' title='image "./reliquiaesacrae07routgoog_0013.png"; bbox 0 0 3809 5650; ppageno 0'>
   <div class='ocr_carea' id='block_1_1' title="bbox 773 652 1453 728">
    <p class='ocr_par' dir='ltr' id='par_1_1' title="bbox 773 652 1453 728">
     <span class='ocr_line' id='line_1_1' title="bbox 773 652 1453 728; baseline 0.006 -4"><span class='ocrx_word' id='word_1_1' title='bbox 773 652 1074 727; x_wconf 85' lang='lat' dir='ltr'><strong>PRAEFATIO.</strong></span> <span class='ocrx_word' id='word_1_2' title='bbox 1412 657 1453 728; x_wconf 84' lang='lat' dir='ltr'>xi</span> 
     </span>
    </p>
   </div>
   <div class='ocr_carea' id='block_1_2' title="bbox 399 851 1463 4323">
    <p class='ocr_par' dir='ltr' id='par_1_2' title="bbox 399 851 1456 3354">
     <span class='ocr_line' id='line_1_2' title="bbox 400 851 1454 960; baseline 0.003 -28"><span class='ocrx_word' id='word_1_3' title='bbox 400 851 564 947; x_wconf 82' lang='lat' dir='ltr'>mentia,</span> <span class='ocrx_word' id='word_1_4' title='bbox 583 852 734 960; x_wconf 91' lang='lat' dir='ltr'>scripta</span> <span class='ocrx_word' id='word_1_5' title='bbox 759 853 898 933; x_wconf 92' lang='lat' dir='ltr'>omnia</span> <span class='ocrx_word' id='word_1_6' title='bbox 923 855 1175 935; x_wconf 83' lang='lat' dir='ltr'><strong>sanctiorum</strong></span> <span class='ocrx_word' id='word_1_7' title='bbox 1196 866 1369 935; x_wconf 85' lang='lat' dir='ltr'>aetatum</span> <span class='ocrx_word' id='word_1_8' title='bbox 1396 854 1454 936; x_wconf 89' lang='lat' dir='ltr'>le-</span> 
     </span>
     <span class='ocr_line' id='line_1_3' title="bbox 399 986 1453 1096; baseline 0.001 -28"><span class='ocrx_word' id='word_1_9' title='bbox 399 988 535 1096; x_wconf 88' lang='lat' dir='ltr'>genda</span> <span class='ocrx_word' id='word_1_10' title='bbox 550 1015 637 1067; x_wconf 90' lang='lat' dir='ltr'>esse</span> <span class='ocrx_word' id='word_1_11' title='bbox 652 987 806 1067; x_wconf 90' lang='lat' dir='ltr'>censui.</span> <span class='ocrx_word' id='word_1_12' title='bbox 838 987 898 1067; x_wconf 92' lang='lat' dir='ltr'>Et</span> <span class='ocrx_word' id='word_1_13' title='bbox 911 1015 1016 1082; x_wconf 89' lang='lat' dir='ltr'>vero,</span> <span class='ocrx_word' id='word_1_14' title='bbox 1031 988 1145 1095; x_wconf 93' lang='lat' dir='ltr'>quod</span> <span class='ocrx_word' id='word_1_15' title='bbox 1160 986 1266 1067; x_wconf 93' lang='lat' dir='ltr'>nihil</span> <span class='ocrx_word' id='word_1_16' title='bbox 1282 988 1453 1070; x_wconf 92' lang='lat' dir='ltr'>omnino</span> 
     </span>
     <span class='ocr_line' id='line_1_4' title="bbox 401 1122 1454 1230; baseline 0.001 -28"><span class='ocrx_word' id='word_1_17' title='bbox 401 1122 446 1202; x_wconf 94' lang='lat' dir='ltr'>in</span> <span class='ocrx_word' id='word_1_18' title='bbox 484 1122 562 1202; x_wconf 93' lang='lat' dir='ltr'>hoc</span> <span class='ocrx_word' id='word_1_19' title='bbox 601 1149 751 1228; x_wconf 84' lang='lat' dir='ltr'>genere</span> <span class='ocrx_word' id='word_1_20' title='bbox 791 1122 1108 1230; x_wconf 77' lang='lat' dir='ltr'>praetermittere</span> <span class='ocrx_word' id='word_1_21' title='bbox 1147 1123 1375 1218; x_wconf 85' lang='lat' dir='ltr'>statuerim,</span> <span class='ocrx_word' id='word_1_22' title='bbox 1410 1123 1454 1204; x_wconf 93' lang='lat' dir='ltr'>id</span> 
     </span>
     <span class='ocr_line' id='line_1_5' title="bbox 402 1255 1453 1365; baseline 0.002 -30"><span class='ocrx_word' id='word_1_23' title='bbox 402 1255 631 1365; x_wconf 92' lang='lat' dir='ltr'>plurimum</span> <span class='ocrx_word' id='word_1_24' title='bbox 660 1255 884 1336; x_wconf 87' lang='lat' dir='ltr'>contulisse</span> <span class='ocrx_word' id='word_1_25' title='bbox 912 1257 962 1336; x_wconf 90' lang='lat' dir='ltr'>ad</span> <span class='ocrx_word' id='word_1_26' title='bbox 997 1256 1232 1337; x_wconf 86' lang='lat' dir='ltr'>obscuriora</span> <span class='ocrx_word' id='word_1_27' title='bbox 1260 1258 1453 1364; x_wconf 88' lang='lat' dir='ltr'>quaedam</span> 
     </span>
     <span class='ocr_line' id='line_1_6' title="bbox 404 1386 1453 1497; baseline -0.002 -27"><span class='ocrx_word' id='word_1_28' title='bbox 404 1388 554 1470; x_wconf 90' lang='lat' dir='ltr'>clarius</span> <span class='ocrx_word' id='word_1_29' title='bbox 569 1386 839 1495; x_wconf 89' lang='lat' dir='ltr'>intelligenda</span> <span class='ocrx_word' id='word_1_30' title='bbox 854 1415 964 1496; x_wconf 88' lang='lat' dir='ltr'>saepe</span> <span class='ocrx_word' id='word_1_31' title='bbox 978 1416 1069 1469; x_wconf 92' lang='lat' dir='ltr'>sum</span> <span class='ocrx_word' id='word_1_32' title='bbox 1086 1408 1294 1497; x_wconf 81' lang='lat' dir='ltr'>expertus</span> <span class='ocrx_word' id='word_1_33' title='bbox 1328 1390 1453 1470; x_wconf 90' lang='lat' dir='ltr'>Certe</span> 
     </span>
     <span class='ocr_line' id='line_1_7' title="bbox 404 1522 1454 1633; baseline 0.001 -30"><span class='ocrx_word' id='word_1_34' title='bbox 404 1536 469 1604; x_wconf 89' lang='lat' dir='ltr'>tot</span> <span class='ocrx_word' id='word_1_35' title='bbox 502 1522 711 1630; x_wconf 85' lang='lat' dir='ltr'>negligere</span> <span class='ocrx_word' id='word_1_36' title='bbox 745 1524 983 1632; x_wconf 70' lang='lat' dir='ltr'>Scriptores</span> <span class='ocrx_word' id='word_1_37' title='bbox 1018 1525 1206 1633; x_wconf 88' lang='lat' dir='ltr'>quamvis</span> <span class='ocrx_word' id='word_1_38' title='bbox 1239 1524 1454 1606; x_wconf 86' lang='lat' dir='ltr'>mutilatos</span> 
     </span>
     <span class='ocr_line' id='line_1_8' title="bbox 404 1655 1453 1764; baseline 0.002 -29"><span class='ocrx_word' id='word_1_39' title='bbox 404 1655 592 1751; x_wconf 91' lang='lat' dir='ltr'>nimium,</span> <span class='ocrx_word' id='word_1_40' title='bbox 622 1655 736 1735; x_wconf 88' lang='lat' dir='ltr'>haud</span> <span class='ocrx_word' id='word_1_41' title='bbox 765 1655 1025 1763; x_wconf 85' lang='lat' dir='ltr'>oportuisset,</span> <span class='ocrx_word' id='word_1_42' title='bbox 1054 1683 1234 1763; x_wconf 93' lang='lat' dir='ltr'>quorum</span> <span class='ocrx_word' id='word_1_43' title='bbox 1265 1655 1453 1764; x_wconf 90' lang='lat' dir='ltr'>reliquiae</span> 
     </span>
     <span class='ocr_line' id='line_1_9' title="bbox 404 1791 1455 1899; baseline 0.002 -28"><span class='ocrx_word' id='word_1_44' title='bbox 404 1791 570 1899; x_wconf 90' lang='lat' dir='ltr'>pietate,</span> <span class='ocrx_word' id='word_1_45' title='bbox 596 1791 795 1887; x_wconf 87' lang='lat' dir='ltr'>doctrina,</span> <span class='ocrx_word' id='word_1_46' title='bbox 820 1791 1079 1885; x_wconf 88' lang='lat' dir='ltr'>auctoritate,</span> <span class='ocrx_word' id='word_1_47' title='bbox 1100 1792 1218 1872; x_wconf 91' lang='lat' dir='ltr'>nobis</span> <span class='ocrx_word' id='word_1_48' title='bbox 1247 1819 1455 1873; x_wconf 92' lang='lat' dir='ltr'>commen-</span> 
     </span>
     <span class='ocr_line' id='line_1_10' title="bbox 404 1924 1454 2033; baseline 0 -27"><span class='ocrx_word' id='word_1_49' title='bbox 404 1925 628 2006; x_wconf 89' lang='lat' dir='ltr'>datissimae</span> <span class='ocrx_word' id='word_1_50' title='bbox 648 1936 759 2005; x_wconf 88' lang='lat' dir='ltr'>sunt.</span> <span class='ocrx_word' id='word_1_51' title='bbox 821 1925 988 2006; x_wconf 83' lang='lat' dir='ltr'>Interea</span> <span class='ocrx_word' id='word_1_52' title='bbox 1013 1939 1152 2006; x_wconf 91' lang='lat' dir='ltr'>tamen</span> <span class='ocrx_word' id='word_1_53' title='bbox 1180 1953 1331 2033; x_wconf 87' lang='lat' dir='ltr'>magna</span> <span class='ocrx_word' id='word_1_54' title='bbox 1351 1924 1454 2006; x_wconf 93' lang='lat' dir='ltr'>mihi</span> 
     </span>
     <span class='ocr_line' id='line_1_11' title="bbox 404 2059 1454 2157; baseline 0 -17"><span class='ocrx_word' id='word_1_55' title='bbox 404 2059 593 2141; x_wconf 87' lang='lat' dir='ltr'>molestia</span> <span class='ocrx_word' id='word_1_56' title='bbox 621 2061 855 2141; x_wconf 87' lang='lat' dir='ltr'>devoranda</span> <span class='ocrx_word' id='word_1_57' title='bbox 880 2061 974 2157; x_wconf 86' lang='lat' dir='ltr'>fuit,</span> <span class='ocrx_word' id='word_1_58' title='bbox 998 2061 1100 2141; x_wconf 91' lang='lat' dir='ltr'>dum</span> <span class='ocrx_word' id='word_1_59' title='bbox 1131 2061 1257 2141; x_wconf 88' lang='lat' dir='ltr'>duces</span> <span class='ocrx_word' id='word_1_60' title='bbox 1287 2073 1454 2140; x_wconf 89' lang='lat' dir='ltr'>secutus</span> 
     </span>
     <span class='ocr_line' id='line_1_12' title="bbox 405 2194 1451 2304; baseline 0 -29"><span class='ocrx_word' id='word_1_61' title='bbox 405 2196 513 2277; x_wconf 92' lang='lat' dir='ltr'>viros</span> <span class='ocrx_word' id='word_1_62' title='bbox 532 2197 685 2292; x_wconf 71' lang='lat' dir='ltr'>doctos</span> <span class='ocrx_word' id='word_1_63' title='bbox 704 2198 775 2304; x_wconf 91' lang='lat' dir='ltr'>qui</span> <span class='ocrx_word' id='word_1_64' title='bbox 803 2197 856 2277; x_wconf 93' lang='lat' dir='ltr'>de</span> <span class='ocrx_word' id='word_1_65' title='bbox 877 2196 1152 2303; x_wconf 90' lang='lat' dir='ltr'>Scriptoribus</span> <span class='ocrx_word' id='word_1_66' title='bbox 1177 2194 1358 2277; x_wconf 91' lang='lat' dir='ltr'>ecclesiae</span> <span class='ocrx_word' id='word_1_67' title='bbox 1382 2224 1451 2276; x_wconf 93' lang='lat' dir='ltr'>eo·</span> 
     </span>
     <span class='ocr_line' id='line_1_13' title="bbox 405 2331 1455 2439; baseline -0.001 -28"><span class='ocrx_word' id='word_1_68' title='bbox 405 2359 584 2438; x_wconf 91' lang='lat' dir='ltr'>rumque</span> <span class='ocrx_word' id='word_1_69' title='bbox 618 2332 809 2439; x_wconf 91' lang='lat' dir='ltr'>operibus</span> <span class='ocrx_word' id='word_1_70' title='bbox 844 2342 1033 2437; x_wconf 87' lang='lat' dir='ltr'>egerunt,</span> <span class='ocrx_word' id='word_1_71' title='bbox 1065 2357 1228 2410; x_wconf 90' lang='lat' dir='ltr'>sursum</span> <span class='ocrx_word' id='word_1_72' title='bbox 1263 2331 1455 2411; x_wconf 90' lang='lat' dir='ltr'>deorsum</span> 
     </span>
     <span class='ocr_line' id='line_1_14' title="bbox 404 2465 1456 2575; baseline -0.002 -29"><span class='ocrx_word' id='word_1_73' title='bbox 404 2466 665 2562; x_wconf 90' lang='lat' dir='ltr'>cursitabam,</span> <span class='ocrx_word' id='word_1_74' title='bbox 701 2465 909 2574; x_wconf 92' lang='lat' dir='ltr'>quidquid</span> <span class='ocrx_word' id='word_1_75' title='bbox 954 2466 1114 2575; x_wconf 89' lang='lat' dir='ltr'>uspiam</span> <span class='ocrx_word' id='word_1_76' title='bbox 1158 2465 1202 2544; x_wconf 91' lang='lat' dir='ltr'>in</span> <span class='ocrx_word' id='word_1_77' title='bbox 1249 2465 1456 2572; x_wconf 88' lang='lat' dir='ltr'>impressis</span> 
     </span>
     <span class='ocr_line' id='line_1_15' title="bbox 404 2597 1451 2707; baseline -0.001 -29"><span class='ocrx_word' id='word_1_78' title='bbox 404 2597 519 2680; x_wconf 91' lang='lat' dir='ltr'>libris</span> <span class='ocrx_word' id='word_1_79' title='bbox 552 2610 713 2680; x_wconf 88' lang='lat' dir='ltr'>extaret</span> <span class='ocrx_word' id='word_1_80' title='bbox 748 2627 955 2706; x_wconf 87' lang='lat' dir='ltr'>germanae</span> <span class='ocrx_word' id='word_1_81' title='bbox 991 2598 1265 2707; x_wconf 70' lang='lat' dir='ltr'>antiquitatis</span> <span class='ocrx_word' id='word_1_82' title='bbox 1304 2597 1451 2679; x_wconf 91' lang='lat' dir='ltr'>sedulo</span> 
     </span>
     <span class='ocr_line' id='line_1_16' title="bbox 405 2732 1451 2844; baseline -0.002 -29"><span class='ocrx_word' id='word_1_83' title='bbox 405 2735 512 2844; x_wconf 91' lang='lat' dir='ltr'>pede</span> <span class='ocrx_word' id='word_1_84' title='bbox 539 2732 776 2842; x_wconf 85' lang='lat' dir='ltr'>quaeritans.</span> <span class='ocrx_word' id='word_1_85' title='bbox 834 2734 884 2813; x_wconf 93' lang='lat' dir='ltr'>Id</span> <span class='ocrx_word' id='word_1_86' title='bbox 909 2761 1004 2813; x_wconf 94' lang='lat' dir='ltr'>vero</span> <span class='ocrx_word' id='word_1_87' title='bbox 1033 2733 1168 2843; x_wconf 92' lang='lat' dir='ltr'>ipsum</span> <span class='ocrx_word' id='word_1_88' title='bbox 1200 2762 1253 2813; x_wconf 94' lang='lat' dir='ltr'>ne</span> <span class='ocrx_word' id='word_1_89' title='bbox 1281 2735 1451 2843; x_wconf 89' lang='lat' dir='ltr'>aggredi</span> 
     </span>
     <span class='ocr_line' id='line_1_17' title="bbox 404 2869 1456 2979; baseline -0.001 -28"><span class='ocrx_word' id='word_1_90' title='bbox 404 2870 574 2979; x_wconf 92' lang='lat' dir='ltr'>quidem</span> <span class='ocrx_word' id='word_1_91' title='bbox 605 2870 705 2950; x_wconf 89' lang='lat' dir='ltr'>milri</span> <span class='ocrx_word' id='word_1_92' title='bbox 736 2869 929 2965; x_wconf 75' lang='lat' dir='ltr'>licuisset,</span> <span class='ocrx_word' id='word_1_93' title='bbox 955 2870 1033 2949; x_wconf 92' lang='lat' dir='ltr'>nisi</span> <span class='ocrx_word' id='word_1_94' title='bbox 1065 2870 1106 2949; x_wconf 92' lang='lat' dir='ltr'>in</span> <span class='ocrx_word' id='word_1_95' title='bbox 1139 2869 1217 2949; x_wconf 91' lang='lat' dir='ltr'>hac</span> <span class='ocrx_word' id='word_1_96' title='bbox 1246 2870 1456 2951; x_wconf 84' lang='lat' dir='ltr'>academia</span> 
     </span>
     <span class='ocr_line' id='line_1_18' title="bbox 405 3002 1454 3111; baseline -0.001 -27"><span class='ocrx_word' id='word_1_97' title='bbox 405 3004 533 3085; x_wconf 85' lang='lat' dir='ltr'>vitam</span> <span class='ocrx_word' id='word_1_98' title='bbox 560 3004 775 3111; x_wconf 89' lang='lat' dir='ltr'>degerem;</span> <span class='ocrx_word' id='word_1_99' title='bbox 808 3003 913 3084; x_wconf 90' lang='lat' dir='ltr'>nihil</span> <span class='ocrx_word' id='word_1_100' title='bbox 934 3015 1044 3083; x_wconf 90' lang='lat' dir='ltr'>certe</span> <span class='ocrx_word' id='word_1_101' title='bbox 1073 3002 1315 3111; x_wconf 91' lang='lat' dir='ltr'>hujusmodi</span> <span class='ocrx_word' id='word_1_102' title='bbox 1343 3005 1454 3083; x_wconf 93' lang='lat' dir='ltr'>intra</span> 
     </span>
     <span class='ocr_line' id='line_1_19' title="bbox 403 3135 1455 3245; baseline -0.004 -28"><span class='ocrx_word' id='word_1_103' title='bbox 403 3138 614 3245; x_wconf 89' lang='lat' dir='ltr'>angustias</span> <span class='ocrx_word' id='word_1_104' title='bbox 639 3137 900 3218; x_wconf 80' lang='lat' dir='ltr'>bibliothecae</span> <span class='ocrx_word' id='word_1_105' title='bbox 926 3135 1106 3245; x_wconf 89' lang='lat' dir='ltr'>cujusvis</span> <span class='ocrx_word' id='word_1_106' title='bbox 1131 3135 1368 3215; x_wconf 88' lang='lat' dir='ltr'>domesticae</span> <span class='ocrx_word' id='word_1_107' title='bbox 1396 3135 1455 3214; x_wconf 88' lang='lat' dir='ltr'>ef-</span> 
     </span>
     <span class='ocr_line' id='line_1_20' title="bbox 407 3273 607 3354; baseline -0.01 -1"><span class='ocrx_word' id='word_1_108' title='bbox 407 3273 607 3354; x_wconf 88' lang='lat' dir='ltr'>fecturus.</span> 
     </span>
    </p>

    <p class='ocr_par' dir='ltr' id='par_1_3' title="bbox 407 3406 1463 4323">
     <span class='ocr_line' id='line_1_21' title="bbox 466 3406 1458 3516; baseline -0.006 -26"><span class='ocrx_word' id='word_1_109' title='bbox 466 3410 569 3490; x_wconf 91' lang='lat' dir='ltr'>Haec</span> <span class='ocrx_word' id='word_1_110' title='bbox 588 3410 689 3489; x_wconf 93' lang='lat' dir='ltr'>dum</span> <span class='ocrx_word' id='word_1_111' title='bbox 712 3409 951 3516; x_wconf 88' lang='lat' dir='ltr'>agebantur,</span> <span class='ocrx_word' id='word_1_112' title='bbox 972 3436 1056 3488; x_wconf 94' lang='lat' dir='ltr'>non</span> <span class='ocrx_word' id='word_1_113' title='bbox 1082 3419 1247 3515; x_wconf 86' lang='lat' dir='ltr'>poterat</span> <span class='ocrx_word' id='word_1_114' title='bbox 1272 3435 1353 3486; x_wconf 92' lang='lat' dir='ltr'>non</span> <span class='ocrx_word' id='word_1_115' title='bbox 1377 3406 1458 3485; x_wconf 85' lang='lat' dir='ltr'>fre-</span> 
     </span>
     <span class='ocr_line' id='line_1_22' title="bbox 407 3537 1460 3653; baseline -0.007 -29"><span class='ocrx_word' id='word_1_116' title='bbox 407 3558 587 3653; x_wconf 89' lang='lat' dir='ltr'>quenter</span> <span class='ocrx_word' id='word_1_117' title='bbox 615 3543 754 3623; x_wconf 91' lang='lat' dir='ltr'>animo</span> <span class='ocrx_word' id='word_1_118' title='bbox 782 3570 876 3623; x_wconf 92' lang='lat' dir='ltr'>meo</span> <span class='ocrx_word' id='word_1_119' title='bbox 905 3570 1133 3638; x_wconf 88' lang='lat' dir='ltr'>occurrere,</span> <span class='ocrx_word' id='word_1_120' title='bbox 1152 3569 1276 3648; x_wconf 88' lang='lat' dir='ltr'>quam</span> <span class='ocrx_word' id='word_1_121' title='bbox 1303 3537 1398 3619; x_wconf 92' lang='lat' dir='ltr'>utili</span> <span class='ocrx_word' id='word_1_122' title='bbox 1427 3540 1460 3618; x_wconf 93' lang='lat' dir='ltr'>is</span> 
     </span>
     <span class='ocr_line' id='line_1_23' title="bbox 409 3672 1463 3788; baseline -0.009 -28"><span class='ocrx_word' id='word_1_123' title='bbox 409 3707 534 3788; x_wconf 87' lang='lat' dir='ltr'>opera</span> <span class='ocrx_word' id='word_1_124' title='bbox 562 3679 843 3759; x_wconf 92' lang='lat' dir='ltr'>studiosorum</span> <span class='ocrx_word' id='word_1_125' title='bbox 875 3677 1102 3758; x_wconf 92' lang='lat' dir='ltr'>commodis</span> <span class='ocrx_word' id='word_1_126' title='bbox 1133 3674 1359 3769; x_wconf 85' lang='lat' dir='ltr'>inserviret,</span> <span class='ocrx_word' id='word_1_127' title='bbox 1387 3672 1463 3781; x_wconf 92' lang='lat' dir='ltr'>qui</span> 
     </span>
     <span class='ocr_line' id='line_1_24' title="bbox 409 3805 1461 3921; baseline -0.008 -27"><span class='ocrx_word' id='word_1_128' title='bbox 409 3816 523 3894; x_wconf 86' lang='lat' dir='ltr'>istaec</span> <span class='ocrx_word' id='word_1_129' title='bbox 553 3811 764 3921; x_wconf 92' lang='lat' dir='ltr'>Opuscula</span> <span class='ocrx_word' id='word_1_130' title='bbox 797 3826 841 3892; x_wconf 93' lang='lat' dir='ltr'>et</span> <span class='ocrx_word' id='word_1_131' title='bbox 869 3812 1118 3919; x_wconf 87' lang='lat' dir='ltr'>Fragmenta</span> <span class='ocrx_word' id='word_1_132' title='bbox 1147 3810 1191 3890; x_wconf 93' lang='lat' dir='ltr'>in</span> <span class='ocrx_word' id='word_1_133' title='bbox 1222 3837 1348 3889; x_wconf 86' lang='lat' dir='ltr'>unam</span> <span class='ocrx_word' id='word_1_134' title='bbox 1380 3805 1461 3914; x_wconf 91' lang='lat' dir='ltr'>syl-</span> 
     </span>
     <span class='ocr_line' id='line_1_25' title="bbox 409 3942 1460 4056; baseline -0.007 -29"><span class='ocrx_word' id='word_1_135' title='bbox 409 3946 531 4056; x_wconf 89' lang='lat' dir='ltr'>logen</span> <span class='ocrx_word' id='word_1_136' title='bbox 561 3948 746 4054; x_wconf 91' lang='lat' dir='ltr'>redigere</span> <span class='ocrx_word' id='word_1_137' title='bbox 774 3960 1020 4038; x_wconf 83' lang='lat' dir='ltr'>conaretur3</span> <span class='ocrx_word' id='word_1_138' title='bbox 1053 3945 1261 4053; x_wconf 86' lang='lat' dir='ltr'>praecipue</span> <span class='ocrx_word' id='word_1_139' title='bbox 1290 3970 1399 4037; x_wconf 90' lang='lat' dir='ltr'>vero,</span> <span class='ocrx_word' id='word_1_140' title='bbox 1427 3942 1460 4020; x_wconf 90' lang='lat' dir='ltr'>si</span> 
     </span>
     <span class='ocr_line' id='line_1_26' title="bbox 409 4073 1462 4191; baseline -0.01 -28"><span class='ocrx_word' id='word_1_141' title='bbox 409 4080 608 4191; x_wconf 88' lang='lat' dir='ltr'>opuscula</span> <span class='ocrx_word' id='word_1_142' title='bbox 633 4079 836 4161; x_wconf 88' lang='lat' dir='ltr'>nonnulla</span> <span class='ocrx_word' id='word_1_143' title='bbox 864 4079 948 4160; x_wconf 92' lang='lat' dir='ltr'>huc</span> <span class='ocrx_word' id='word_1_144' title='bbox 967 4107 1100 4186; x_wconf 90' lang='lat' dir='ltr'>usque</span> <span class='ocrx_word' id='word_1_145' title='bbox 1129 4079 1172 4157; x_wconf 95' lang='lat' dir='ltr'>in</span> <span class='ocrx_word' id='word_1_146' title='bbox 1200 4073 1462 4157; x_wconf 88' lang='lat' dir='ltr'>bibliothecis</span> 
     </span>
     <span class='ocr_line' id='line_1_27' title="bbox 410 4208 1461 4323; baseline -0.007 -27"><span class='ocrx_word' id='word_1_147' title='bbox 410 4214 627 4323; x_wconf 85' lang='lat' dir='ltr'>Europaeis</span> <span class='ocrx_word' id='word_1_148' title='bbox 655 4214 942 4296; x_wconf 89' lang='lat' dir='ltr'>delitescentia</span> <span class='ocrx_word' id='word_1_149' title='bbox 972 4214 1016 4292; x_wconf 95' lang='lat' dir='ltr'>in</span> <span class='ocrx_word' id='word_1_150' title='bbox 1044 4211 1180 4292; x_wconf 91' lang='lat' dir='ltr'>lucem</span> <span class='ocrx_word' id='word_1_151' title='bbox 1201 4208 1461 4301; x_wconf 82' lang='lat' dir='ltr'>extraheret3</span> 
     </span>
    </p>
   </div>
   <div class='ocr_carea' id='block_1_3' title="bbox 407 4344 1456 4460">
    <p class='ocr_par' dir='ltr' id='par_1_4' title="bbox 407 4344 1456 4460">
     <span class='ocr_line' id='line_1_28' title="bbox 407 4344 1456 4460; baseline -0.01 -27"><span class='ocrx_word' id='word_1_152' title='bbox 407 4364 452 4433; x_wconf 89' lang='lat' dir='ltr'>et</span> <span class='ocrx_word' id='word_1_153' title='bbox 482 4351 690 4460; x_wconf 93' lang='lat' dir='ltr'>quidquid</span> <span class='ocrx_word' id='word_1_154' title='bbox 712 4377 957 4458; x_wconf 90' lang='lat' dir='ltr'>germanum</span> <span class='ocrx_word' id='word_1_155' title='bbox 987 4360 1187 4456; x_wconf 86' lang='lat' dir='ltr'>praeterea</span> <span class='ocrx_word' id='word_1_156' title='bbox 1217 4344 1456 4452; x_wconf 88' lang='lat' dir='ltr'>suppedita-</span> 
     </span>
    </p>
   </div>
   <div class='ocr_carea' id='block_1_4' title="bbox 407 4481 1458 4689">
    <p class='ocr_par' dir='ltr' id='par_1_5' title="bbox 407 4481 1458 4689">
     <span class='ocr_line' id='line_1_29' title="bbox 407 4481 1458 4590; baseline -0.01 -22"><span class='ocrx_word' id='word_1_157' title='bbox 407 4501 505 4569; x_wconf 89' lang='lat' dir='ltr'>rent</span> <span class='ocrx_word' id='word_1_158' title='bbox 524 4488 692 4569; x_wconf 86' lang='lat' dir='ltr'>Catenae</span> <span class='ocrx_word' id='word_1_159' title='bbox 713 4486 900 4566; x_wconf 93' lang='lat' dir='ltr'>nondum</span> <span class='ocrx_word' id='word_1_160' title='bbox 921 4485 1056 4580; x_wconf 88' lang='lat' dir='ltr'>editae,</span> <span class='ocrx_word' id='word_1_161' title='bbox 1077 4481 1239 4590; x_wconf 89' lang='lat' dir='ltr'>aliaque</span> <span class='ocrx_word' id='word_1_162' title='bbox 1264 4482 1308 4561; x_wconf 92' lang='lat' dir='ltr'>id</span> <span class='ocrx_word' id='word_1_163' title='bbox 1327 4508 1458 4587; x_wconf 89' lang='lat' dir='ltr'>genus</span> 
     </span>
     <span class='ocr_line' id='line_1_30' title="bbox 904 4620 969 4689; baseline 0 0"><span class='ocrx_word' id='word_1_164' title='bbox 904 4620 927 4689; x_wconf 90' lang='lat' dir='ltr'>b</span> <span class='ocrx_word' id='word_1_165' title='bbox 946 4626 969 4689; x_wconf 71' lang='grc'>2</span> 
     </span>
    </p>
   </div>
   <div class='ocr_carea' id='block_1_5' title="bbox 0 0 1921 5650">
    <p class='ocr_par' dir='ltr' id='par_1_6' title="bbox 0 0 1921 5650">
     <span class='ocr_line' id='line_1_31' title="bbox 0 0 1921 5650; baseline 0 0"><span class='ocrx_word' id='word_1_166' title='bbox 0 0 1921 5650; x_wconf 95' lang='lat' dir='ltr'> </span> 
     </span>
    </p>
   </div>
  </div>
 </body>
</html>
