3809 5650
626 680 673 743 IN
697 679 944 743 HEGESIPPI
970 676 1270 745 FRAGMENTA.
1434 678 1494 741 231

400 853 503 927 modo,
534 851 550 911 ὀ
574 848 749 926 ὀνομασθεὶς
776 848 833 909 ὑπὸ
860 848 981 909 πάντων
1007 849 1117 912 δίκαιος
1143 847 1202 910 ἀπὸ
1225 853 1284 909 τῶν
1311 853 1363 910 τοῦ
1391 848 1500 927 Κυρίου

400 954 516 1034 χρόνων
530 950 618 1031 μέχρι
635 951 681 1011 καὶ
696 949 786 1025 ἡμῶν.
834 948 873 1009 ld
889 955 939 1009 est
959 947 1013 1030 qui
1032 947 1070 1010 ab
1089 948 1166 1032 ipsis
1188 948 1305 1012 Christi
1321 948 1501 1033 {creporibus

399 1076 489 1138 csqzte
511 1052 555 1114 od
576 1061 707 1113 noctram
731 1057 849 1110 (mntem
866 1047 968 1129 justus
989 1046 1027 1110 ab
1050 1048 1184 1112 omnibus
1206 1052 1431 1133 copnnrninotus
1449 1059 1499 1114 eet.

401 1154 446 1216 Et
467 1153 549 1215 bano
572 1151 699 1234 quidem
721 1147 958 1211 distinctionem
977 1147 1009 1209 in
1032 1148 1296 1232 interpretatione
1318 1172 1389 1213 mea
1412 1149 1501 1234 sequi

401 1254 509 1328 mului,
533 1258 605 1334 post
637 1249 819 1326 Musonium
846 1256 879 1312 et
910 1249 1253 1332 Ohristopborsonum:
1289 1250 1405 1335 quippe
1432 1272 1503 1334 quae

402 1353 519 1418 certior
534 1360 567 1414 et
581 1349 786 1433 sequentibus
802 1348 976 1432 Hegesippi
997 1350 1100 1412 verbis
1120 1351 1221 1434 magis
1235 1372 1409 1434 congruere
1426 1351 1503 1413 mihi

403 1456 571 1516 videretur.
618 1449 753 1531 Subjicit
781 1449 865 1512 enim
893 1449 1104 1533 Hegesippus,
1131 1453 1196 1513 ἐπεὶ
1224 1453 1336 1515 πολλοὶ
1364 1451 1504 1531 Ἰάκωβοι

405 1557 577 1622 ἐκαλοῦντο,
596 1552 651 1612 &a
690 1549 767 1628 Quae
788 1549 884 1612 verba
907 1549 974 1611 sine
995 1549 1091 1611 dubio
1111 1550 1292 1614 referuntur
1311 1552 1351 1613 ud
1374 1574 1413 1614 en
1432 1574 1503 1635 quse

405 1653 676 1735 prmcosserunt,d
700 1650 878 1728 ὀνομασθεὶς
900 1648 958 1712 ὑπὸ
978 1649 1098 1713 πάντων
1117 1650 1237 1715 δίκαιος.
1283 1650 1401 1716 Reddit
1421 1652 1504 1714 enim

405 1753 561 1814 rationem
579 1750 791 1835 Hegesippus‚
807 1772 865 1813 cur
883 1749 907 1811 J
908 1750 1026 1813 acobus
1042 1750 1149 1834 justus
1168 1750 1209 1813 ab
1229 1751 1375 1813 omnibus
1390 1773 1504 1836 cogno-

406 1853 544 1915 minatus
559 1853 610 1916 sit.
656 1852 788 1937 Quippe,
805 1851 918 1935 inquit,
934 1850 1025 1914 multi
1041 1851 1128 1914 suere
1142 1850 1279 1927 Jacobi3
1301 1852 1356 1914 sed
1371 1852 1422 1915 hic
1436 1873 1504 1934 pree

405 1954 518 2017 ceteris
529 1953 657 2038 justitia
672 1952 828 2027 excelluit,
846 1960 882 2014 ut
897 1951 1007 2014 multis
1017 1951 1214 2035 argumentis
1225 1950 1373 2035 deinceps
1388 1953 1505 2035 probat

405 2055 616 2139 Hegesippus.
662 2054 786 2118 Deinde
801 2053 827 2116 si
844 2053 982 2138 priorem
998 2052 1232 2117 distinctionem
1248 2075 1419 2137 sequamur
1433 2076 1505 2118 cum

405 2156 531 2235 Rufino,
560 2158 674 2221 salsum
703 2156 765 2220 erit
792 2155 869 2218 illud
899 2156 982 2239 quod
1014 2155 1167 2238 sequitur,
1197 2156 1356 2219 Jacobum
1385 2157 1504 2221 scilicet

405 2257 597 2344 Episcopum
612 2281 632 2321 a
646 2257 844 2343 temporibus
859 2256 989 2320 Domini
1009 2279 1107 2340 usque
1125 2257 1168 2319 ed
1183 2255 1356 2343 Hegesippi
1372 2266 1504 2324 aetatem

405 2361 622 2444 permansisse.
659 2360 748 2423 Nam
761 2361 782 2421 J
786 2359 904 2423 ucobus
918 2358 1046 2443 quidem
1060 2358 1083 2420 J
1086 2366 1176 2423 ustus
1192 2380 1291 2423 caesus
1305 2366 1355 2423 est
1368 2359 1504 2425 Neronis

405 2462 593 2544 principatu.
624 2460 826 2545 Hegesippus
837 2481 912 2522 vero
924 2460 1162 2523 Antoninorum
1177 2460 1373 2544 temporibus
1384 2461 1502 2535 floruit,

405 2570 442 2624 ut
458 2563 602 2644 superius
617 2561 790 2622 observavi.
826 2561 986 2621 Venustus.

451 2663 489 2722 P.
507 2663 579 2724 208.
604 2660 692 2742 l.13.
720 2659 815 2742 ἅγιος]
849 2659 941 2740 ἁγνὸς
964 2680 1023 2742 pro
1049 2660 1131 2739 ἅγιος
1157 2658 1270 2743 legisse
1295 2661 1421 2724 videtur
1446 2662 1504 2726 Oe·

408 2761 523 2823 ‹lrenus
538 2761 619 2822 Hist.
637 2759 798 2842 Compend.
823 2780 853 2842 p.
873 2760 943 2841 169.
966 2758 1011 2819 ed.
1027 2758 1128 2820 Basil.
1153 2758 1206 2820 ubi
1228 2759 1296 2823 haeo
1318 2761 1358 2823 de
1378 2763 1504 2827 Jacobo

407 2862 600 2936 breviantur,
617 2883 679 2923 non
694 2859 789 2922 dictis
804 2857 933 2921 Eusebii
950 2857 1189 2942 Hegesippique
1204 2861 1391 2925 nominibus.

453 2963 524 3025 Ibid
539 2962 559 3025 l.
583 2983 627 3041 ¹4·
644 2960 732 3042 ξυρὸν
748 2961 796 3022 ἐπὶ
811 2959 865 3037 τὴν
881 2958 1017 3040 κεφαλὴν
1034 2959 1109 3045 dre]
1135 2959 1225 3022 Idem
1242 2961 1281 3024 de
1298 2964 1396 3026 Petro
1418 2963 1505 3048 legas

407 3064 439 3126 in
455 3063 636 3148 Recognitt.
651 3061 824 3126 Clementis
838 3059 889 3123 vii.
902 3063 933 3121 6.
949 3059 1003 3122 ubi
1019 3059 1080 3122 vid.
1097 3058 1297 3125 Ootclerium.
1342 3065 1396 3128 De
1417 3064 1505 3130 Mat·

407 3167 493 3229 thaeo
517 3165 602 3248 apud
629 3164 823 3228 Clementem
847 3160 941 3224 Alex.
965 3160 1018 3223 lib.
1041 3159 1072 3222 ii.
1098 3161 1371 3247 o.1.l'oedsgogi.
1416 3164 1440 3227 J
1443 3166 1504 3230 .A.

409 3268 584 3341 Fennrcrus,
612 3266 654 3328 ad
673 3263 790 3327 Abdiae
814 3262 1019 3347 Apostolicam
1035 3261 1117 3324 Hic.
1141 3261 1250 3327 libri.
1277 3266 1306 3346 ξ.
1326 3283 1358 3349 5.
1376 3265 1408 3328 in
1429 3266 1504 3331 Cod.

407 3366 582 3451 Apocryplt.
599 3368 681 3429 Noc.
702 3363 917 3429 Petronii.
937 3386 970 3448 p.
985 3381 1060 3448 599.
1084 3364 1214 3443 editam,
1232 3367 1285 3430 ubi
1308 3367 1432 3432 Abdiae
1454 3369 1505 3433 ille

407 3470 488 3533 hanc
513 3470 553 3531 de
576 3468 701 3531 Jacobo
727 3465 941 3531 narrationem
968 3487 1008 3527 ex
1039 3465 1208 3531 Rufiniuna
1234 3468 1505 3556 Interpretatione

409 3573 497 3636 Hist.
518 3570 648 3633 Eusebii
664 3568 848 3654 desumpsit.
894 3566 986 3645 Quod
1009 3567 1050 3629 ad
1066 3569 1292 3635 abstinentiam
1308 3574 1376 3657 ejus
1389 3576 1431 3639 eb
1446 3599 1506 3641 usu

408 3672 549 3734 carnium
570 3671 698 3741 attinet.
720 3679 832 3734 contra
848 3673 1042 3759 Scaligcrum
1058 3673 1250 3753 Praesatienc
1269 3674 1303 3736 in
1322 3676 1506 3741 Chronimm

408 3772 613 3835 Eueebicnum
632 3773 671 3835 de
693 3772 867 3856 Hegesippi
891 3774 960 3838 loco
981 3781 1129 3860 agentem
1156 3773 1216 3836 hoc
1235 3777 1401 3858 respondit
1421 3778 1503 3841 Hel·

408 3873 530 3948 loixius,
553 3872 647 3935 verbe
672 3872 845 3956 Hegesippi
868 3874 908 3936 de
926 3874 1052 3957 privata
1072 3873 1138 3936 vite
1161 3878 1194 3935 et
1215 3873 1400 3954 quotidiano
1419 3877 1505 3941 victu

408 3972 610 4055 intelligenda
625 3993 702 4048 esse,
719 3994 783 4034 non
798 3993 872 4035 vero
887 3973 927 4035 de
950 3973 997 4049 iis,
1018 3994 1088 4056 quae
1104 3994 1144 4035 ex
1159 3971 1346 4056 praescripto
1358 3974 1436 4057 logis
1451 3976 1506 4039 ob-

409 4072 564 4136 servanda
584 4080 700 4134 essent.
736 4070 877 4155 Scaliger
898 4072 983 4134 enim
1005 4071 1080 4156 agni
1105 4069 1262 4156 paschalis
1287 4092 1357 4133 cum
1379 4074 1507 4139 Christo

409 4174 548 4237 Domino
578 4193 666 4235 esum
696 4169 880 4255 Hegesippo
910 4173 1081 4256 objecerat.
1119 4170 1194 4238 Vid.
1215 4170 1357 4235 Halloix.
1380 4195 1412 4257 p.
1430 4193 1505 4257 721.

410 4285 487 4340 tom.
505 4275 537 4337 ii.
556 4275 629 4337 Vitt.
647 4275 716 4336 ΡΡ.
735 4271 884 4336 Oriental.
899 4272 933 4334 in
946 4273 1127 4357 Repetam.

454 4381 533 4444 Ibid.
550 4379 569 4442 l.
590 4400 599 4440 ι
607 4397 637 4463 5.
661 4379 753 4461 τούτῳ
764 4379 845 4461 μόνῳ
862 4378 931 4454 ἐξῆν
946 4379 988 4443 εἰς
1002 4379 1040 4440 τὰ
1052 4377 1123 4457 ἅγια
1133 4376 1269 4461 εἰσιέναι]
1292 4377 1410 4444 Totum
1425 4382 1509 4450 huno

410 4480 584 4567 Hegesippi
607 4479 710 4542 locum
729 4477 920 4562 jampridem
935 4477 1128 4542 examinavit
1142 4477 1283 4563 Scaliger
1300 4477 1333 4542 in
1354 4478 1510 4551 Animad-

409 4584 604 4648 versionibus
632 4580 820 4644 Eusebianis
845 4602 878 4664 p.
896 4580 968 4662 178.
994 4579 1158 4663 multaque
1179 4580 1211 4643 in
1234 4603 1272 4644 eo
1293 4583 1509 4668 reprehendit,

410 4708 480 4769 quae
503 4706 607 4770 operae
630 4683 768 4767 pretium
790 4680 852 4745 erit
874 4680 988 4765 legere.
1032 4681 1130 4746 Adde
1149 4682 1247 4748 etiem
1265 4705 1336 4767 quae
1356 4685 1509 4755 adversus
