3809 5650
701 951 1299 1049 ANNOTATIONES

616 1214 669 1295 IN
703 1214 1002 1298 HEGESIPPI
1031 1215 1380 1298 FRAGMENTA.

850 1464 1131 1491 *-

491 1642 528 1705 P.
543 1658 614 1724 207.
628 1642 647 1705 l.
661 1646 692 1706 6.
703 1644 1005 1709 Oouuuurmuoauu
1021 1667 1146 1707 neruum
1164 1644 1365 1726 Eccumrnsr]
1385 1644 1423 1704 ln
1439 1642 1493 1704 lib.
1508 1642 1548 1705 iv.

447 1741 530 1805 Hier.
543 1765 608 1807 suae
622 1743 779 1809 Eusebius
791 1747 831 1809 do
844 1746 1019 1830 Hegesippi
1029 1745 1232 1809 oeleberrimo
1244 1767 1339 1828 opere
1351 1745 1418 1807 haee
1429 1743 1548 1827 posuit:

448 1845 482 1907 ἐν
496 1845 586 1909 πέντε
601 1849 634 1908 δὲ
654 1849 707 1911 σύν
729 1847 960 1929 συγγράμμασιν
979 1847 1067 1913 οὗτος
1087 1848 1141 1925 τῆν
1164 1850 1284 1923 ἀπλανῆ
1306 1846 1473 1924 παράδοσιν
1497 1852 1549 1907 τοῦ

445 1943 666 2010 Ἀποστολιιισῦ
682 1949 865 2028 κηρύγματος
880 1948 1072 2026 ἁπλουστάτη
1088 1948 1226 2024 συντάξει
1244 1953 1360 2027 γραφῆς
1378 1949 1548 2023 ὑπομνημα-

446 2045 615 2125 τισάμενος,
629 2049 683 2110 &o
694 2069 762 2131 oap.
777 2066 827 2112 22.
865 2048 1023 2124 Quoniam
1033 2070 1107 2111 vero
1115 2047 1265 2111 historias
1277 2047 1349 2109 inde
1359 2045 1472 2109 attulit
1484 2045 1548 2106 Eu-

447 2147 561 2225 sebius,
570 2150 620 2212 hio
630 2156 663 2213 et
675 2149 748 2223 illio,
759 2150 806 2212 uti
816 2149 940 2212 oooasio
948 2148 1144 2232 postulabat,
1154 2149 1281 2211 easdem
1292 2169 1351 2230 ego
1361 2146 1391 2207 iu
1404 2145 1548 2207 ordinem

447 2249 601 2333 redigere,
617 2258 713 2333 prout
729 2250 790 2313 illae
804 2250 835 2312 in
851 2251 920 2334 ipso
936 2249 1110 2334 Hegesippi
1126 2271 1222 2333 opere
1242 2248 1301 2311 sibi
1324 2248 1456 2310 invicem
1478 2268 1547 2309 sue·

446 2350 576 2413 oessisse
591 2350 748 2428 videntur,
759 2359 892 2415 conatus
907 2375 988 2415 sum.
1021 2353 1136 2436 Itaque
1153 2352 1302 2415 lectorem
1318 2370 1445 2413 monere
1457 2370 1548 2432 opor-

447 2449 539 2523 tebit,
555 2451 657 2535 primo
676 2452 745 2514 looo
767 2452 956 2516 collocatum
979 2475 1049 2517 esse
1071 2454 1284 2539 fragmentum
1308 2453 1348 2515 de
1372 2451 1466 2514 sectis
1488 2450 1548 2512 Ju-

448 2547 556 2628 duiois,
566 2552 641 2635 quia
655 2553 830 2638 praeivisset
842 2552 984 2617 historiae
999 2555 1039 2617 de
1053 2561 1157 2618 morto
1172 2554 1196 2616 J
1197 2553 1299 2630 aoobi,
1310 2554 1395 2636 quod
1410 2551 1549 2636 probant
1673 2629 1676 2633 ¹

449 2673 520 2736 quae
535 2652 567 2715 iu
582 2653 716 2718 historia
731 2655 880 2718 dicuntur
893 2677 924 2739 p.
942 2673 1014 2736 209.
1030 2654 1050 2717 l.
1066 2675 1097 2738 5.
1140 2655 1243 2719 Porro
1258 2655 1403 2740 proximo
1417 2655 1487 2717 loeo
1504 2653 1548 2716 al·

448 2759 553 2817 terum
565 2755 779 2839 fragmentum
790 2755 862 2819 ideo
872 2755 1032 2841 adjectum
1048 2764 1108 2833 est,
1119 2757 1203 2841 quod
1218 2757 1358 2821 haeretici
1373 2756 1415 2819 ibi
1431 2777 1548 2819 memo·

446 2856 510 2921 rati
533 2879 572 2920 ex
594 2858 754 2923 sententia
768 2858 906 2921 virorum
927 2858 1181 2922 doctissimorum
1196 2858 1328 2935 Valerii,
1345 2858 1443 2936 Gavii,
1462 2858 1548 2920 Dod-

447 2957 536 3035 wolli‚
549 2980 611 3022 uou
624 2958 805 3031 Christiani,
817 2959 873 3022 sed
887 2958 911 3020 J
913 2958 996 3021 udaei
1008 2958 1154 3022 videntur
1169 2960 1284 3036 fuisse3
1300 2960 1333 3022 id
1349 2961 1433 3043 quod
1445 2958 1548 3021 verbis

449 3057 525 3142 ipsis
545 3058 695 3122 innuitur.
734 3060 852 3136 Addua,
866 3060 950 3143 quod
967 3067 1063 3124 seotoe
1077 3060 1225 3126 Judaioae
1245 3061 1328 3125 inira
1347 3062 1549 3146 appellantur

448 3159 490 3222 ab
504 3161 686 3245 Hegesippo
697 3160 819 3224 imeres
830 3171 952 3244 septem
964 3161 1048 3244 apud
1059 3162 1220 3246 populum.
1245 3164 1373 3248 Alioqui
1385 3163 1464 3227 satis
1472 3170 1549 3247 apto

449 3259 552 3323 altera
567 3261 635 3322 haec-
649 3262 733 3340 ῥῆσις
747 3259 834 3344 sequi
850 3259 1011 3321 videretur
1025 3259 1111 3322 illam
1127 3262 1166 3323 de
1181 3261 1370 3325 Christianis
1392 3260 1488 3324 sectis
1508 3282 1549 3323 ex

452 3360 638 3442 Hegesippo
668 3360 699 3421 iu
730 3361 840 3422 eodem
871 3360 930 3421 hoo
956 3360 1061 3443 eapite
1083 3359 1223 3423 allatum.
1271 3360 1342 3423 Vid.
1374 3382 1446 3445 pag.
1476 3380 1548 3444 215.

447 3462 552 3525 Immo
571 3461 711 3524 nonnihil
730 3462 866 3525 sortasse
880 3462 1085 3539 difficultatis,
1102 3464 1150 3527 vel
1165 3464 1396 3539 inconstantiae,
1413 3470 1446 3526 et
1461 3463 1547 3527 istud

449 3560 555 3638 habet,
572 3562 656 3645 quod
677 3569 826 3625 extarent
845 3584 885 3625 ex
905 3584 1035 3626 numero
1055 3562 1178 3626 illorum
1199 3564 1432 3639 haeretioorum,
1447 3563 1500 3647 qui
1516 3563 1549 3626 iu

447 3663 545 3748 priori
564 3664 650 3742 ῥήσει
664 3664 761 3726 tribui
775 3662 800 3726 J
801 3664 871 3727 udae
886 3663 998 3727 infensi
1014 3664 1173 3741 diountm,
1188 3665 1330 3728 homiues
1350 3687 1390 3728 ex
1410 3665 1479 3749 ipsu
1493 3664 1547 3729 illa

448 3765 535 3830 tribu
550 3765 684 3828 oriundi.

495 3866 577 3930 Ibid.
597 3865 617 3930 l.
635 3886 663 3946 7.
677 3865 783 3929 Ἦσαν
809 3867 841 3929 δὲ
858 3867 987 3950 γνῶμαι]
1015 3865 1178 3930 Praemisit
1202 3866 1368 3942 Eusebius,
1380 3866 1449 3930 Ἔτι
1475 3870 1507 3930 δὲ
1533 3870 1550 3930 ὁ

452 3974 538 4041 αὐτὸς
560 3972 792 4057 (Hegesippus)
813 3973 861 4034 καὶ
886 3974 938 4037 τδς
961 3972 1056 4035 πάλαι
1080 3970 1281 4052 γεγενημένας
1304 3975 1384 4052 παρὰ
1397 3971 1551 4040 Ἰουδαίοις

451 4074 580 4155 αἱρέσεις
596 4077 710 4155 ἱστορεῖ
722 4073 830 4154 λέγων·
849 4071 978 4136 ἨΣΑΝ
1002 4076 1034 4137 δὲ
1058 4079 1172 4154 γνῶμαι
1198 4074 1254 4136 διο.
1300 4074 1389 4136 Idam
1398 4084 1551 4157 proetmd

447 4177 577 4260 arripior
602 4185 695 4237 sectus
721 4174 792 4237 illas
816 4197 884 4258 quw
912 4171 1063 4259 ριιοαιῐσοι
1091 4174 1179 4259 opud
1201 4174 1327 4237 ιΙιιάοός
1356 4175 1552 4238 invaluerunt

449 4277 635 4339 recesseritis
650 4275 755 4339 uerbis.
789 4276 955 4350 ERANT,
972 4276 1082 4360 inquit,
1099 4276 1230 4338 diversae
1246 4283 1341 4338 seotae
1359 4277 1414 4337 &e
1445 4273 1552 4338 Ἦσαν

451 4379 483 4438 δὲ
500 4379 546 4437 καὶ
563 4403 609 4454 γυ.
629 4377 745 4439 habere
761 4378 973 4460 Nicephorum,
991 4384 1084 4439 notat
1100 4376 1272 4438 Strothius.

498 4477 579 4538 ibid.
609 4481 642 4540 ἐν
665 4481 739 4543 υἱοῖς
764 4478 888 4556 Ἰσραὴλ
914 4485 972 4541 τῶν
1000 4482 1073 4541 κατὰ
1103 4484 1151 4555 τῆς
1178 4483 1275 4557 φυλῆς
1298 4477 1397 4539 Ἰούδα
1422 4479 1469 4539 καὶ
1498 4482 1551 4539 τοῦ

452 4579 597 4659 Χριστοῦ]
616 4578 655 4639 In
669 4579 776 4642 codiee
794 4580 878 4641 Mur.
895 4578 984 4641 Med.
997 4590 1030 4642 ot
1047 4578 1129 4641 Fuk.
1142 4578 1295 4662 seriptum
1311 4577 1414 4670 inveni
1431 4580 1464 4641 ἐν
1479 4581 1552 4642 υἱοῖς

450 4675 583 4756 Ἰσραήλ·
600 4678 618 4756 ῆ
635 4684 694 4741 τῶν
715 4682 788 4742 κατὰ
807 4682 858 4753 τῆς
878 4683 976 4760 φυλῆς
990 4678 1097 4753 Ἰούδα,
1117 4681 1175 4744 διο.
1192 4680 1276 4764 quod
1299 4679 1374 4765 quid
1395 4678 1455 4742 sibi
1476 4677 1552 4742 volit
