3809 5650
395 705 461 771 362
764 700 1126 769 ANNOTATIONES

395 874 484 948 sisse,
500 871 554 956 qui
574 871 658 934 hune
677 870 794 938 librum
812 892 939 935 sacrum
964 892 1060 955 supra
1080 870 1113 933 in
1129 870 1160 952 ξ.
1172 888 1205 954 3.
1220 890 1252 953 p.
1270 868 1345 952 298..
1358 874 1393 932 et
1416 866 1503 932 infra

397 978 426 1061 ξ.
446 995 492 1055 17.
508 997 540 1058 p.
549 992 624 1058 320.
636 978 755 1037 testem
765 974 938 1037 adducant.

441 1077 564 1160 Ps317.
579 1074 600 1139 i.
616 1077 663 1137 16.
681 1075 935 1156 έναποπνιγέντας
951 1078 1035 1161 έντῇ
1052 1075 1163 1159 alpuni]
1179 1073 1261 1140 Gum
1274 1071 1454 1137 addidisset
1470 1074 1505 1136 έν

396 1186 472 1244 ante
494 1180 540 1264 τῇ,
556 1178 589 1241 ni
611 1177 712 1252 fallor,
728 1199 769 1240 ex
790 1176 917 1261 scriptis
938 1176 1005 1241 suis
1027 1177 1182 1255 Valesius,
1204 1176 1289 1240 idem
1310 1175 1395 1238 enim
1417 1196 1504 1239 oom-

396 1285 489 1364 paret
512 1278 546 1341 iu
574 1278 646 1342 θοαί.
670 1277 763 1342 Bodl.
788 1299 844 1341 scu
869 1278 969 1342 Saoil.
996 1276 1155 1361 partienda
1177 1285 1287 1342 tamen
1310 1297 1332 1340 a
1356 1275 1505 1340 Strothio

397 1381 524 1446 exclusa
535 1388 594 1458 est,
605 1402 702 1465 quam
713 1380 814 1443 nescit
828 1401 953 1463 quoque
965 1380 1038 1444 dod.
1048 1379 1278 1465 Norsolct'easia
1294 1377 1506 1458 Παρέβαλλον

397 1505 456 1569 pro
467 1484 644 1564 παρέβαλον
657 1493 844 1570 receperunt
853 1485 886 1548 in
896 1491 1023 1549 textum
1034 1482 1198 1547 Strothius
1212 1488 1245 1546 et
1261 1481 1437 1557 Burtonus‚
1449 1478 1504 1564 qui

398 1586 527 1670 quidem
545 1587 681 1651 adnotat
701 1587 900 1667 παρέβαλλον
920 1585 1014 1650 scribi
1034 1592 1068 1649 et
1088 1584 1196 1669 paullo
1209 1604 1316 1668 supra,
1331 1583 1428 1668 idque
1449 1601 1503 1646 ex·

398 1674 507 1753 iubenti
525 1710 581 1752 sex
600 1689 842 1773 manusenptos.
888 1688 1022 1752 Habent
1036 1686 1205 1751 lectionem
1223 1685 1359 1750 alteram
1372 1691 1503 1749 tautum

399 1798 545 1874 quatuor.

443 1894 483 1956 P.
496 1894 571 1977 318.
586 1892 606 1955 Ι.
625 1912 653 1958 2.
677 1893 711 1971 δὴ
733 1892 894 1974 προθέντες
914 1890 984 1956 τότε
1006 1897 1065 1956 τῶν
1084 1891 1206 1975 θηρίων]
1223 1891 1258 1970 δὴ
1277 1895 1337 1954 τῶν
1356 1891 1392 1954 έν
1411 1890 1503 1970 ἀμφι-

400 1994 513 2079 θεάτρῳ
547 1995 794 2076 μαρτυρουμένων
827 1994 1010 2076 προσθέντες
1044 1993 1082 2057 τό
1116 2018 1159 2057 τε.
1212 1990 1379 2077 Ολνυῗαορλ.
1411 1991 1506 2056 Lam.

402 2098 538 2163 δέουσαν,

445 2197 527 2260 Ibid.
543 2196 564 2258 l.
576 2214 607 2278 3.
632 2200 672 2274 πῆ
695 2199 727 2259 δὲ
749 2197 975 2283 ἠνθρακωμένα]
1003 2199 1058 2262 lta
1079 2197 1181 2262 codex
1206 2195 1324 2281 Regius
1349 2200 1384 2260 et
1410 2193 1504 2259 Nice·

401 2299 529 2384 phorus.
575 2298 638 2360 Sed
663 2304 730 2361 tres
756 2298 868 2383 reliqui
894 2299 1019 2364 codices
1049 2298 1245 2374 Mazarinus,
1269 2297 1446 2361 Medicaeus
1472 2303 1506 2361 et

403 2399 601 2464 Fuketianus
617 2399 769 2483 scriptum
789 2400 910 2465 habent
928 2400 1160 2482 ἠνθρακωμένα.
1206 2400 1252 2464 Et
1270 2399 1459 2484 paulopost
1473 2397 1507 2461 in

402 2501 513 2565 iisdem
539 2501 699 2565 codicibus
719 2501 836 2587 legitur
857 2504 914 2583 πρὸ
940 2507 991 2581 τῆς
1017 2506 1129 2568 ἑαυτῶν
1153 2505 1273 2567 εἵλαντο
1299 2504 1410 2584 ψυχῆς,
1440 2519 1506 2562 nou

343 2646 346 2653 ·
403 2606 531 2675 εἴλοντο,
554 2609 592 2667 ut
614 2625 655 2670 ex
676 2603 777 2689 Regio
799 2605 971 2690 exemplari
995 2605 1096 2671 edidit
1118 2605 1309 2690 Stephanus.
1339 2602 1505 2666 Vnumus

404 2705 589 2770 lectionem
602 2712 764 2790 receptam
778 2707 992 2787 ἠνθρακωμένα
1005 2714 1162 2791 praestant
1176 2706 1261 2771 codd.
1274 2726 1401 2790 quoque
1412 2702 1506 2767 Bodl.

403 2830 461 2873 seu
488 2806 591 2873 Saoil.
623 2814 660 2872 et
685 2807 825 2892 Norfok.
856 2807 912 2873 sed
941 2811 1061 2880 εἴλοντο
1093 2808 1166 2892 (si)
1195 2830 1267 2881 eum
1301 2804 1415 2891 spiritu
1443 2801 1507 2867 leui

405 2910 496 2975 Bodl.
541 2909 675 2995 Recepit
689 2910 911 2991 ἠνθρακωμένα
926 2932 967 2974 ex
982 2911 1125 2996 pluribus
1139 2911 1270 2981 MSdtt's
1284 2909 1458 2973 Burtonus.

448 3012 531 3078 Ibid.
547 3012 568 3074 l.
580 3032 611 3092 4.
627 3018 686 3075 τῶν
699 3011 832 3097 λοιπῶν]
844 3017 904 3075 τῶν
915 3011 1063 3077 τυθέντων
1075 3012 1245 3098 Ολνυοέορλ.
1258 3012 1350 3077 Leon.
1372 3010 1507 3074 Suom,

405 3116 510 3179 Abest
524 3116 662 3181 ὡσαύτως
681 3137 702 3178 a
716 3114 779 3178 eod.
797 3114 936 3196 Norfolc.
961 3115 1044 3179 Mox
1066 3136 1124 3197 pro
1145 3113 1294 3196 ένεγέλον
1313 3112 1413 3177 habet
1431 3114 1504 3178 έπο·

405 3216 504 3298 γέλων
522 3213 703 3298 (έπεγέλων)
720 3215 801 3280 idem
815 3215 915 3280 codes.

450 3318 534 3380 Ibid.
550 3317 570 3380 1.
583 3337 612 3399 9.
630 3314 691 3395 ἅμα
705 3321 742 3380 τὰ
758 3321 867 3381 εἴδωλα
881 3318 991 3403 αὐτῶν]
1017 3317 1107 3381 Auxi
1125 3318 1302 3382 orationem
1317 3317 1431 3382 vocula
1444 3316 1508 3398 ἅμα

404 3442 444 3484 ex
458 3420 543 3483 codd.
560 3418 651 3482 Bodl.
668 3425 702 3482 et
721 3419 858 3503 Norsolc.
879 3421 1057 3504 desumpta.
1102 3420 1249 3483 Eundem
1268 3420 1436 3483 verborum
1455 3441 1507 3483 or-

405 3522 522 3597 dinem,
536 3541 630 3605 quem
651 3520 781 3584 exhibet
802 3520 986 3605 Stephanos,
1001 3521 1035 3585 in
1056 3521 1106 3585 ed.
1124 3542 1213 3585 suam
1236 3520 1398 3591 strothius
1418 3543 1508 3591 revo-

405 3622 499 3701 cavit,
514 3623 568 3709 qui
582 3628 632 3687 est
647 3621 794 3685 αὐτῶντὸ
809 3626 926 3686 εἴδωλα.

450 3724 537 3788 Ibid.
549 3725 569 3787 l.
586 3741 633 3808 15.
651 3722 728 3808 εἶχε]
749 3724 812 3806 ἔχει
827 3723 872 3786 ed.
886 3724 990 3809 Sept.
1018 3725 1149 3787 Sinonn.

448 3825 530 3889 Ibid.
551 3826 572 3888 L
592 3828 641 3889 16.
664 3829 701 3888 τὰ
723 3827 847 3904 σώματα
869 3829 980 3907 κρύψαι
1001 3829 1035 3912 τῇ
1060 3826 1113 3910 γῇ]
1139 3824 1244 3889 Moris
1264 3846 1388 3910 semper
1408 3824 1509 3891 fuisse

405 3927 593 3994 Christianis
608 3948 742 4011 corpora
763 3933 962 3990 mortuorum
983 3926 1160 4004 inhumare,
1175 3928 1315 3992 ostendit
1333 3950 1373 3992 ex
1395 3929 1507 3994 mult-is

404 4028 587 4095 auctoribus
609 4028 805 4113 Bingbamus
826 4029 980 4114 Amiqec‘t.
1002 4028 1115 4092 Ecolce.
1130 4028 1184 4092 lib.
1200 4028 1285 4092 xxiii.
1302 4051 1371 4114 cap.
1384 4050 1413 4096 a·
1430 4034 1460 4114 ξ.
1471 4052 1505 4113 4.

450 4130 535 4194 Ibid.
560 4130 652 4212 l.17.
678 4132 745 4194 οὔτε
770 4132 895 4211 ἀργύρια
915 4130 1049 4216 ἔπειθεν]
1074 4132 1157 4195 Haeo
1180 4130 1277 4193 verba
1296 4152 1359 4194 non
1386 4132 1505 4196 habeu-

404 4240 459 4297 tur
473 4232 506 4295 in
520 4232 624 4296 tribus
638 4232 798 4296 codicibus
815 4232 994 4308 Mazaiiuo,
1011 4232 1167 4296 Medieaeo
1182 4240 1216 4295 et
1232 4231 1371 4296 Fuketii.
1411 4233 1508 4298 Solus

404 4335 504 4397 codex
526 4334 645 4418 Regius
666 4356 705 4397 ea
726 4334 853 4406 retinet,
871 4333 921 4397 cui
943 4333 1181 4419 adstipulantur
1201 4333 1335 4396 Rufinus
1356 4341 1389 4397 et
1411 4335 1503 4399 Nice·

404 4435 531 4519 phorus.
578 4435 665 4498 Nam
681 4435 814 4498 Rufinus
833 4436 958 4519 quidem
979 4436 1026 4501 ita
1040 4435 1154 4499 vertit:
1180 4435 1279 4519 Apud
1295 4455 1348 4497 ooo
1367 4456 1434 4497 νονο
1455 4437 1506 4499 ἰνν-

401 4555 473 4618 pone
488 4534 583 4598 lactas
596 4535 771 4613 Ινοόοόαλον,
779 4538 938 4621 precipuo
951 4537 1032 4621 qaod
1043 4558 1102 4600 ννονν
1110 4557 1261 4621 possem
1275 4558 1401 4622 conpore
1419 4536 1506 4601 humi

404 4634 544 4698 tradere.-
568 4636 678 4720 qnippe
693 4636 799 4723 quibas
813 4660 864 4701 nec
879 4638 971 4702 noctis
990 4648 1118 4723 tempore
1139 4639 1244 4724 aliquo
1265 4639 1311 4703 ad
1327 4639 1378 4702 boc
1398 4660 1508 4725 oppon
