<?xml version="1.0" encoding="UTF-8"?>
<!DOCTYPE html PUBLIC "-//W3C//DTD XHTML 1.0 Transitional//EN"
    "http://www.w3.org/TR/xhtml1/DTD/xhtml1-transitional.dtd">
<html xmlns="http://www.w3.org/1999/xhtml" xml:lang="en" lang="en">
 <head>
  <title>
</title>
<meta http-equiv="Content-Type" content="text/html;charset=utf-8" />
  <meta name='ocr-system' content='tesseract 3.04.00' />
  <meta name='ocr-capabilities' content='ocr_page ocr_carea ocr_par ocr_line ocrx_word'/>
</head>
<body>
  <div class='ocr_page' id='page_1' title='image "./reliquiaesacrae07routgoog_0215.png"; bbox 0 0 3809 5650; ppageno 0'>
   <div class='ocr_carea' id='block_1_1' title="bbox 468 687 1451 755">
    <p class='ocr_par' dir='ltr' id='par_1_1' title="bbox 468 687 1451 755">
     <span class='ocr_line' id='line_1_1' title="bbox 468 687 1451 755; baseline 0.006 -6"><span class='ocrx_word' id='word_1_1' title='bbox 468 687 517 751; x_wconf 88' lang='lat' dir='ltr'>IN</span> <span class='ocrx_word' id='word_1_2' title='bbox 541 688 573 752; x_wconf 91' lang='lat' dir='ltr'>S.</span> <span class='ocrx_word' id='word_1_3' title='bbox 602 687 914 752; x_wconf 82' lang='lat' dir='ltr'>APOLLlNARIS</span> <span class='ocrx_word' id='word_1_4' title='bbox 939 688 1128 752; x_wconf 86' lang='lat' dir='ltr'><strong>HIERAP.</strong></span> <span class='ocrx_word' id='word_1_5' title='bbox 1154 688 1328 753; x_wconf 81' lang='lat' dir='ltr'>FRAeM.</span> <span class='ocrx_word' id='word_1_6' title='bbox 1390 687 1451 755; x_wconf 87' lang='grc'>169</span> 
     </span>
    </p>
   </div>
   <div class='ocr_carea' id='block_1_2' title="bbox 215 857 1446 945">
    <p class='ocr_par' dir='ltr' id='par_1_2' title="bbox 215 857 1446 945">
     <span class='ocr_line' id='line_1_2' title="bbox 215 857 1446 945; baseline -0.002 -23"><span class='ocrx_word' id='word_1_7' title='bbox 215 934 221 945; x_wconf 45' lang='lat'>‚</span> <span class='ocrx_word' id='word_1_8' title='bbox 341 857 514 941; x_wconf 87' lang='lat' dir='ltr'>seriptores</span> <span class='ocrx_word' id='word_1_9' title='bbox 534 857 600 933; x_wconf 89' lang='lat' dir='ltr'>alii,</span> <span class='ocrx_word' id='word_1_10' title='bbox 618 858 671 940; x_wconf 91' lang='lat' dir='ltr'>qui</span> <span class='ocrx_word' id='word_1_11' title='bbox 695 857 924 920; x_wconf 80' lang='lat' dir='ltr'>recentioribus</span> <span class='ocrx_word' id='word_1_12' title='bbox 945 857 1143 940; x_wconf 76' lang='lat' dir='ltr'><strong>temporibus</strong></span> <span class='ocrx_word' id='word_1_13' title='bbox 1164 864 1359 932; x_wconf 84' lang='lat' dir='ltr'>statuerunt,</span> <span class='ocrx_word' id='word_1_14' title='bbox 1381 857 1446 919; x_wconf 92' lang='lat' dir='ltr'>Do-</span> 
     </span>
    </p>
   </div>
   <div class='ocr_carea' id='block_1_3' title="bbox 328 956 1516 3957">
    <p class='ocr_par' dir='ltr' id='par_1_3' title="bbox 335 956 1445 2245">
     <span class='ocr_line' id='line_1_3' title="bbox 341 956 1445 1041; baseline 0 -22"><span class='ocrx_word' id='word_1_15' title='bbox 341 957 460 1020; x_wconf 90' lang='lat' dir='ltr'>minum</span> <span class='ocrx_word' id='word_1_16' title='bbox 483 964 676 1020; x_wconf 87' lang='lat' dir='ltr'>nostramet</span> <span class='ocrx_word' id='word_1_17' title='bbox 698 957 721 1018; x_wconf 91' lang='lat' dir='ltr'><strong>J</strong></span> <span class='ocrx_word' id='word_1_18' title='bbox 724 957 832 1020; x_wconf 85' lang='lat' dir='ltr'>udaeos</span> <span class='ocrx_word' id='word_1_19' title='bbox 855 979 918 1020; x_wconf 92' lang='lat' dir='ltr'>non</span> <span class='ocrx_word' id='word_1_20' title='bbox 933 959 1043 1020; x_wconf 87' lang='lat' dir='ltr'>eodem</span> <span class='ocrx_word' id='word_1_21' title='bbox 1065 957 1116 1020; x_wconf 91' lang='lat' dir='ltr'>die</span> <span class='ocrx_word' id='word_1_22' title='bbox 1133 958 1252 1040; x_wconf 87' lang='lat' dir='ltr'>paseha</span> <span class='ocrx_word' id='word_1_23' title='bbox 1275 956 1388 1041; x_wconf 81' lang='lat' dir='ltr'>egisse,</span> <span class='ocrx_word' id='word_1_24' title='bbox 1405 956 1445 1019; x_wconf 91' lang='lat' dir='ltr'>de</span> 
     </span>
     <span class='ocr_line' id='line_1_4' title="bbox 340 1056 1443 1121; baseline 0 -1"><span class='ocrx_word' id='word_1_25' title='bbox 340 1063 457 1120; x_wconf 89' lang='lat' dir='ltr'>natura</span> <span class='ocrx_word' id='word_1_26' title='bbox 471 1065 579 1120; x_wconf 88' lang='lat' dir='ltr'>tamen</span> <span class='ocrx_word' id='word_1_27' title='bbox 595 1078 694 1120; x_wconf 85' lang='lat' dir='ltr'>eoenae</span> <span class='ocrx_word' id='word_1_28' title='bbox 712 1057 833 1121; x_wconf 87' lang='lat' dir='ltr'>ultimae</span> <span class='ocrx_word' id='word_1_29' title='bbox 849 1059 1026 1121; x_wconf 86' lang='lat' dir='ltr'>Dominioae</span> <span class='ocrx_word' id='word_1_30' title='bbox 1042 1080 1062 1120; x_wconf 88' lang='lat' dir='ltr'>a</span> <span class='ocrx_word' id='word_1_31' title='bbox 1077 1058 1238 1121; x_wconf 88' lang='lat' dir='ltr'>veteribus</span> <span class='ocrx_word' id='word_1_32' title='bbox 1253 1056 1313 1120; x_wconf 90' lang='lat' dir='ltr'>illis</span> <span class='ocrx_word' id='word_1_33' title='bbox 1329 1058 1443 1120; x_wconf 88' lang='lat' dir='ltr'>disere-</span> 
     </span>
     <span class='ocr_line' id='line_1_5' title="bbox 341 1158 1443 1242; baseline 0.001 -22"><span class='ocrx_word' id='word_1_34' title='bbox 341 1165 463 1242; x_wconf 81' lang='lat' dir='ltr'>pantes.</span> <span class='ocrx_word' id='word_1_35' title='bbox 510 1158 626 1221; x_wconf 82' lang='lat' dir='ltr'>Itidem</span> <span class='ocrx_word' id='word_1_36' title='bbox 645 1159 842 1242; x_wconf 74' lang='lat' dir='ltr'>Hippolytus</span> <span class='ocrx_word' id='word_1_37' title='bbox 863 1160 895 1221; x_wconf 91' lang='lat' dir='ltr'>in</span> <span class='ocrx_word' id='word_1_38' title='bbox 914 1160 1025 1222; x_wconf 86' lang='lat' dir='ltr'>eadem</span> <span class='ocrx_word' id='word_1_39' title='bbox 1045 1158 1187 1221; x_wconf 78' lang='lat' dir='ltr'>Clroaiea&#39;</span> <span class='ocrx_word' id='word_1_40' title='bbox 1205 1159 1294 1221; x_wconf 67' lang='lat' dir='ltr'>Aloe.</span> <span class='ocrx_word' id='word_1_41' title='bbox 1316 1160 1443 1242; x_wconf 78' lang='lat' dir='ltr'>Proesa·</span> 
     </span>
     <span class='ocr_line' id='line_1_6' title="bbox 340 1257 1442 1343; baseline 0.004 -23"><span class='ocrx_word' id='word_1_42' title='bbox 340 1257 418 1320; x_wconf 79' lang='lat' dir='ltr'>lione</span> <span class='ocrx_word' id='word_1_43' title='bbox 443 1258 602 1332; x_wconf 82' lang='lat' dir='ltr'>laudatus,</span> <span class='ocrx_word' id='word_1_44' title='bbox 628 1280 691 1321; x_wconf 92' lang='lat' dir='ltr'>non</span> <span class='ocrx_word' id='word_1_45' title='bbox 715 1259 831 1321; x_wconf 91' lang='lat' dir='ltr'>nemini</span> <span class='ocrx_word' id='word_1_46' title='bbox 856 1259 1051 1343; x_wconf 88' lang='lat' dir='ltr'>respondens</span> <span class='ocrx_word' id='word_1_47' title='bbox 1077 1259 1108 1321; x_wconf 93' lang='lat' dir='ltr'>in</span> <span class='ocrx_word' id='word_1_48' title='bbox 1133 1260 1214 1322; x_wconf 92' lang='lat' dir='ltr'>libro</span> <span class='ocrx_word' id='word_1_49' title='bbox 1241 1281 1299 1322; x_wconf 91' lang='lat' dir='ltr'>suo</span> <span class='ocrx_word' id='word_1_50' title='bbox 1327 1262 1442 1324; x_wconf 74' lang='lat' dir='ltr'>Contra</span> 
     </span>
     <span class='ocr_line' id='line_1_7' title="bbox 338 1359 1442 1446; baseline 0.004 -26"><span class='ocrx_word' id='word_1_51' title='bbox 338 1379 436 1422; x_wconf 74' lang='lat' dir='ltr'>omnes</span> <span class='ocrx_word' id='word_1_52' title='bbox 449 1359 586 1422; x_wconf 76' lang='lat' dir='ltr'>Hoereses</span> <span class='ocrx_word' id='word_1_53' title='bbox 601 1359 668 1422; x_wconf 83' lang='lat' dir='ltr'>haeo</span> <span class='ocrx_word' id='word_1_54' title='bbox 684 1360 815 1423; x_wconf 78' lang='lat' dir='ltr'>scribit:</span> <span class='ocrx_word' id='word_1_55' title='bbox 844 1361 1032 1438; x_wconf 80' lang='grc' dir='ltr'>πεπλάνηται</span> <span class='ocrx_word' id='word_1_56' title='bbox 1052 1363 1084 1422; x_wconf 74' lang='grc' dir='ltr'>δὲ</span> <span class='ocrx_word' id='word_1_57' title='bbox 1105 1361 1145 1439; x_wconf 76' lang='grc' dir='ltr'>μὴ</span> <span class='ocrx_word' id='word_1_58' title='bbox 1167 1362 1333 1442; x_wconf 83' lang='grc' dir='ltr'>γινιθσκων,</span> <span class='ocrx_word' id='word_1_59' title='bbox 1358 1363 1404 1424; x_wconf 87' lang='grc' dir='ltr'>ὅτι</span> <span class='ocrx_word' id='word_1_60' title='bbox 1419 1360 1442 1446; x_wconf 65' lang='grc' dir='ltr'>θ</span> 
     </span>
     <span class='ocr_line' id='line_1_8' title="bbox 340 1460 1442 1544; baseline 0.005 -22"><span class='ocrx_word' id='word_1_61' title='bbox 340 1464 428 1544; x_wconf 74' lang='grc' dir='ltr'>καιρῷ</span> <span class='ocrx_word' id='word_1_62' title='bbox 444 1460 581 1542; x_wconf 77' lang='grc' dir='ltr'>ἔπασχεν</span> <span class='ocrx_word' id='word_1_63' title='bbox 596 1463 612 1523; x_wconf 87' lang='lat' dir='ltr'>d</span> <span class='ocrx_word' id='word_1_64' title='bbox 627 1461 765 1540; x_wconf 83' lang='grc' dir='ltr'>Χριστὸς,</span> <span class='ocrx_word' id='word_1_65' title='bbox 782 1463 834 1525; x_wconf 80' lang='grc' dir='ltr'>οὐκ</span> <span class='ocrx_word' id='word_1_66' title='bbox 850 1463 946 1542; x_wconf 78' lang='grc' dir='ltr'>ἔφαγε</span> <span class='ocrx_word' id='word_1_67' title='bbox 969 1462 1003 1523; x_wconf 80' lang='grc' dir='ltr'>τὸ</span> <span class='ocrx_word' id='word_1_68' title='bbox 1025 1465 1098 1523; x_wconf 82' lang='grc' dir='ltr'>κατὰ</span> <span class='ocrx_word' id='word_1_69' title='bbox 1114 1461 1205 1538; x_wconf 84' lang='grc' dir='ltr'>νόμον</span> <span class='ocrx_word' id='word_1_70' title='bbox 1220 1460 1333 1542; x_wconf 84' lang='grc' dir='ltr'>πάσχα.</span> <span class='ocrx_word' id='word_1_71' title='bbox 1358 1462 1442 1528; x_wconf 74' lang='grc' dir='ltr'>οὗτος</span> 
     </span>
     <span class='ocr_line' id='line_1_9' title="bbox 338 1560 1440 1643; baseline 0.002 -21"><span class='ocrx_word' id='word_1_72' title='bbox 338 1562 396 1640; x_wconf 76' lang='grc' dir='ltr'>γᾶρ</span> <span class='ocrx_word' id='word_1_73' title='bbox 419 1560 457 1639; x_wconf 73' lang='grc' dir='ltr'>ἦν</span> <span class='ocrx_word' id='word_1_74' title='bbox 480 1561 514 1623; x_wconf 84' lang='grc' dir='ltr'>τὸ</span> <span class='ocrx_word' id='word_1_75' title='bbox 537 1561 643 1643; x_wconf 91' lang='grc' dir='ltr'>πάσχα</span> <span class='ocrx_word' id='word_1_76' title='bbox 668 1561 702 1623; x_wconf 80' lang='grc' dir='ltr'>τὸ</span> <span class='ocrx_word' id='word_1_77' title='bbox 728 1561 1014 1642; x_wconf 74' lang='grc' dir='ltr'>προκεκηρυγμένον,</span> <span class='ocrx_word' id='word_1_78' title='bbox 1043 1562 1090 1623; x_wconf 80' lang='grc' dir='ltr'>καὶ</span> <span class='ocrx_word' id='word_1_79' title='bbox 1112 1560 1146 1622; x_wconf 84' lang='grc' dir='ltr'>τὸ</span> <span class='ocrx_word' id='word_1_80' title='bbox 1171 1562 1379 1638; x_wconf 85' lang='grc' dir='ltr'>τελειοθμενον</span> <span class='ocrx_word' id='word_1_81' title='bbox 1405 1563 1440 1640; x_wconf 77' lang='grc' dir='ltr'>τῇ</span> 
     </span>
     <span class='ocr_line' id='line_1_10' title="bbox 339 1659 1440 1744; baseline 0.005 -23"><span class='ocrx_word' id='word_1_82' title='bbox 339 1660 486 1739; x_wconf 77' lang='grc' dir='ltr'>ὁρισμένη</span> <span class='ocrx_word' id='word_1_83' title='bbox 506 1660 611 1744; x_wconf 78' lang='grc' dir='ltr'>ἡμέρη.</span> <span class='ocrx_word' id='word_1_84' title='bbox 653 1661 806 1725; x_wconf 80' lang='lat' dir='ltr'>Similiter</span> <span class='ocrx_word' id='word_1_85' title='bbox 824 1662 969 1726; x_wconf 74' lang='lat' dir='ltr'>Clemens</span> <span class='ocrx_word' id='word_1_86' title='bbox 984 1660 1077 1723; x_wconf 82' lang='lat' dir='ltr'>Alex.</span> <span class='ocrx_word' id='word_1_87' title='bbox 1104 1660 1220 1723; x_wconf 90' lang='lat' dir='ltr'>ibidem</span> <span class='ocrx_word' id='word_1_88' title='bbox 1240 1659 1300 1722; x_wconf 89' lang='lat' dir='ltr'>hoe</span> <span class='ocrx_word' id='word_1_89' title='bbox 1323 1660 1440 1735; x_wconf 85' lang='lat' dir='ltr'>habet3</span> 
     </span>
     <span class='ocr_line' id='line_1_11' title="bbox 337 1759 1439 1849; baseline 0.005 -27"><span class='ocrx_word' id='word_1_90' title='bbox 337 1759 470 1824; x_wconf 79' lang='grc' dir='ltr'>πέπονθε</span> <span class='ocrx_word' id='word_1_91' title='bbox 492 1764 525 1824; x_wconf 73' lang='lat' dir='ltr'>a</span> <span class='ocrx_word' id='word_1_92' title='bbox 546 1764 722 1849; x_wconf 76' lang='grc' dir='ltr'>τῇέπιούσῃ</span> <span class='ocrx_word' id='word_1_93' title='bbox 742 1764 824 1843; x_wconf 84' lang='lat' dir='ltr'>(soil.</span> <span class='ocrx_word' id='word_1_94' title='bbox 845 1764 896 1826; x_wconf 90' lang='lat' dir='ltr'>die</span> <span class='ocrx_word' id='word_1_95' title='bbox 915 1784 1038 1826; x_wconf 87' lang='lat' dir='ltr'>eoenam</span> <span class='ocrx_word' id='word_1_96' title='bbox 1062 1763 1206 1826; x_wconf 83' lang='lat' dir='ltr'>ultimam</span> <span class='ocrx_word' id='word_1_97' title='bbox 1229 1769 1439 1845; x_wconf 75' lang='lat' dir='ltr'>sequente,)6</span> 
     </span>
     <span class='ocr_line' id='line_1_12' title="bbox 337 1860 1438 1945; baseline 0.005 -23"><span class='ocrx_word' id='word_1_98' title='bbox 337 1860 439 1940; x_wconf 75' lang='grc' dir='ltr'>Σωτὴρ</span> <span class='ocrx_word' id='word_1_99' title='bbox 465 1862 547 1940; x_wconf 76' lang='grc' dir='ltr'>ἡμῶν</span> <span class='ocrx_word' id='word_1_100' title='bbox 571 1863 659 1928; x_wconf 82' lang='grc' dir='ltr'>αὐτὸς</span> <span class='ocrx_word' id='word_1_101' title='bbox 685 1864 727 1926; x_wconf 74' lang='grc' dir='ltr'>ὢν</span> <span class='ocrx_word' id='word_1_102' title='bbox 756 1865 790 1925; x_wconf 86' lang='grc' dir='ltr'>τὸ</span> <span class='ocrx_word' id='word_1_103' title='bbox 820 1863 935 1945; x_wconf 88' lang='grc' dir='ltr'>πάσχα,</span> <span class='ocrx_word' id='word_1_104' title='bbox 966 1864 1171 1943; x_wconf 79' lang='grc' dir='ltr'>καλλιερηθεὶς</span> <span class='ocrx_word' id='word_1_105' title='bbox 1195 1864 1253 1925; x_wconf 82' lang='grc' dir='ltr'>ὑπὸ</span> <span class='ocrx_word' id='word_1_106' title='bbox 1275 1863 1438 1929; x_wconf 81' lang='grc' dir='ltr'>Ἰουδαίων.</span> 
     </span>
     <span class='ocr_line' id='line_1_13' title="bbox 338 1959 1438 2045; baseline 0.006 -24"><span class='ocrx_word' id='word_1_107' title='bbox 338 1959 433 2022; x_wconf 86' lang='lat' dir='ltr'>Prius</span> <span class='ocrx_word' id='word_1_108' title='bbox 456 1961 629 2045; x_wconf 78' lang='lat' dir='ltr'>scripserat</span> <span class='ocrx_word' id='word_1_109' title='bbox 651 1962 807 2038; x_wconf 75' lang='lat' dir='ltr'>clemens,</span> <span class='ocrx_word' id='word_1_110' title='bbox 829 1966 943 2040; x_wconf 78' lang='grc' dir='ltr'>ἐδίδαξε</span> <span class='ocrx_word' id='word_1_111' title='bbox 969 1965 1026 2040; x_wconf 76' lang='grc' dir='ltr'>μὲν</span> <span class='ocrx_word' id='word_1_112' title='bbox 1049 1963 1116 2028; x_wconf 80' lang='grc' dir='ltr'>τοὺς</span> <span class='ocrx_word' id='word_1_113' title='bbox 1136 1962 1269 2040; x_wconf 83' lang='grc' dir='ltr'>μάθητας</span> <span class='ocrx_word' id='word_1_114' title='bbox 1291 1968 1377 2027; x_wconf 81' lang='grc' dir='ltr'>τοῦτο</span> <span class='ocrx_word' id='word_1_115' title='bbox 1403 1967 1438 2028; x_wconf 86' lang='grc' dir='ltr'>τὸ</span> 
     </span>
     <span class='ocr_line' id='line_1_14' title="bbox 335 2061 1438 2146; baseline 0.006 -23"><span class='ocrx_word' id='word_1_116' title='bbox 335 2061 497 2141; x_wconf 78' lang='grc' dir='ltr'>μυστήριον</span> <span class='ocrx_word' id='word_1_117' title='bbox 514 2066 549 2140; x_wconf 78' lang='grc' dir='ltr'>τῇ</span> <span class='ocrx_word' id='word_1_118' title='bbox 570 2061 622 2143; x_wconf 84' lang='grc' dir='ltr'>ιγ’,</span> <span class='ocrx_word' id='word_1_119' title='bbox 642 2065 676 2126; x_wconf 76' lang='grc' dir='ltr'>ἒν</span> <span class='ocrx_word' id='word_1_120' title='bbox 697 2062 715 2142; x_wconf 77' lang='grc' dir='ltr'><strong><em>ᾗ</em></strong></span> <span class='ocrx_word' id='word_1_121' title='bbox 740 2067 789 2127; x_wconf 88' lang='grc' dir='ltr'>καὶ</span> <span class='ocrx_word' id='word_1_122' title='bbox 807 2064 1008 2127; x_wconf 80' lang='grc' dir='ltr'>πυνθάνονται</span> <span class='ocrx_word' id='word_1_123' title='bbox 1030 2069 1087 2125; x_wconf 84' lang='grc' dir='ltr'>ποῦ</span> <span class='ocrx_word' id='word_1_124' title='bbox 1110 2064 1210 2129; x_wconf 81' lang='grc' dir='ltr'>θέλεις</span> <span class='ocrx_word' id='word_1_125' title='bbox 1234 2065 1438 2146; x_wconf 74' lang='grc' dir='ltr'>ἑτοιμάσωμέν</span> 
     </span>
     <span class='ocr_line' id='line_1_15' title="bbox 336 2162 980 2245; baseline 0.003 -23"><span class='ocrx_word' id='word_1_126' title='bbox 336 2186 386 2225; x_wconf 89' lang='grc' dir='ltr'>σοι</span> <span class='ocrx_word' id='word_1_127' title='bbox 400 2162 434 2224; x_wconf 86' lang='grc' dir='ltr'>τὸ</span> <span class='ocrx_word' id='word_1_128' title='bbox 449 2162 554 2244; x_wconf 92' lang='grc' dir='ltr'>πάσχα</span> <span class='ocrx_word' id='word_1_129' title='bbox 569 2170 702 2245; x_wconf 85' lang='grc' dir='ltr'>φαγεῖν;</span> <span class='ocrx_word' id='word_1_130' title='bbox 725 2165 806 2227; x_wconf 80' lang='lat' dir='ltr'>Mal.</span> <span class='ocrx_word' id='word_1_131' title='bbox 823 2164 909 2225; x_wconf 85' lang='lat' dir='ltr'>xxvi.</span> <span class='ocrx_word' id='word_1_132' title='bbox 931 2181 980 2245; x_wconf 82' lang='lat'>17.</span> 
     </span>
    </p>

    <p class='ocr_par' dir='ltr' id='par_1_4' title="bbox 330 2261 1516 3447">
     <span class='ocr_line' id='line_1_16' title="bbox 380 2261 1436 2348; baseline 0.01 -25"><span class='ocrx_word' id='word_1_133' title='bbox 380 2261 462 2325; x_wconf 91' lang='lat' dir='ltr'>Ibid.</span> <span class='ocrx_word' id='word_1_134' title='bbox 477 2263 497 2325; x_wconf 93' lang='lat' dir='ltr'>l.</span> <span class='ocrx_word' id='word_1_135' title='bbox 509 2266 537 2324; x_wconf 77' lang='lat' dir='ltr'>a.</span> <span class='ocrx_word' id='word_1_136' title='bbox 554 2264 787 2343; x_wconf 63' lang='lat' dir='ltr'>&amp;mutereo-rc</span> <span class='ocrx_word' id='word_1_137' title='bbox 804 2264 894 2347; x_wconf 78' lang='grc' dir='ltr'>νόμῳ]</span> <span class='ocrx_word' id='word_1_138' title='bbox 912 2262 1095 2348; x_wconf 88' lang='lat' dir='ltr'>Legendum</span> <span class='ocrx_word' id='word_1_139' title='bbox 1111 2265 1236 2328; x_wconf 90' lang='lat' dir='ltr'>videtur</span> <span class='ocrx_word' id='word_1_140' title='bbox 1247 2268 1436 2348; x_wconf 81' lang='grc' dir='ltr'>ἀσύμφωνος,</span> 
     </span>
     <span class='ocr_line' id='line_1_17' title="bbox 334 2362 1437 2449; baseline 0.007 -26"><span class='ocrx_word' id='word_1_141' title='bbox 334 2369 431 2445; x_wconf 89' lang='lat' dir='ltr'>prout</span> <span class='ocrx_word' id='word_1_142' title='bbox 446 2362 479 2424; x_wconf 95' lang='lat' dir='ltr'>in</span> <span class='ocrx_word' id='word_1_143' title='bbox 498 2362 762 2446; x_wconf 77' lang='lat' dir='ltr'>interpretatione</span> <span class='ocrx_word' id='word_1_144' title='bbox 779 2362 905 2426; x_wconf 84' lang='lat' dir='ltr'>Latina.</span> <span class='ocrx_word' id='word_1_145' title='bbox 954 2364 1056 2446; x_wconf 87' lang='lat' dir='ltr'>quue</span> <span class='ocrx_word' id='word_1_146' title='bbox 1078 2385 1161 2427; x_wconf 89' lang='lat' dir='ltr'>nune</span> <span class='ocrx_word' id='word_1_147' title='bbox 1184 2366 1310 2427; x_wconf 90' lang='lat' dir='ltr'>demum</span> <span class='ocrx_word' id='word_1_148' title='bbox 1331 2368 1437 2449; x_wconf 82' lang='lat' dir='ltr'>posuit</span> 
     </span>
     <span class='ocr_line' id='line_1_18' title="bbox 333 2461 1516 2546; baseline 0.003 -24"><span class='ocrx_word' id='word_1_149' title='bbox 333 2461 366 2523; x_wconf 93' lang='lat' dir='ltr'>in</span> <span class='ocrx_word' id='word_1_150' title='bbox 381 2483 503 2545; x_wconf 89' lang='lat' dir='ltr'>nupera</span> <span class='ocrx_word' id='word_1_151' title='bbox 517 2463 657 2526; x_wconf 85' lang='lat' dir='ltr'>editione</span> <span class='ocrx_word' id='word_1_152' title='bbox 676 2486 734 2526; x_wconf 90' lang='lat' dir='ltr'>sua</span> <span class='ocrx_word' id='word_1_153' title='bbox 749 2463 943 2538; x_wconf 87' lang='lat' dir='ltr'>Dindorfius‚</span> <span class='ocrx_word' id='word_1_154' title='bbox 960 2486 1044 2526; x_wconf 85' lang='lat' dir='ltr'>anno</span> <span class='ocrx_word' id='word_1_155' title='bbox 1064 2463 1154 2546; x_wconf 80' lang='lat'>1832.</span> <span class='ocrx_word' id='word_1_156' title='bbox 1192 2466 1350 2529; x_wconf 83' lang='lat' dir='ltr'>Oaeterum</span> <span class='ocrx_word' id='word_1_157' title='bbox 1365 2467 1436 2531; x_wconf 86' lang='lat' dir='ltr'>ideo</span> <span class='ocrx_word' id='word_1_158' title='bbox 1513 2521 1516 2525; x_wconf 78' lang='grc'><em>,</em></span> 
     </span>
     <span class='ocr_line' id='line_1_19' title="bbox 334 2560 1435 2648; baseline 0.006 -25"><span class='ocrx_word' id='word_1_159' title='bbox 334 2560 411 2625; x_wconf 86' lang='lat' dir='ltr'>dieit</span> <span class='ocrx_word' id='word_1_160' title='bbox 437 2563 640 2646; x_wconf 83' lang='lat' dir='ltr'>Apollinaris,</span> <span class='ocrx_word' id='word_1_161' title='bbox 670 2563 732 2648; x_wconf 85' lang='lat' dir='ltr'>legi</span> <span class='ocrx_word' id='word_1_162' title='bbox 761 2564 955 2627; x_wconf 83' lang='lat' dir='ltr'>contrariam</span> <span class='ocrx_word' id='word_1_163' title='bbox 984 2586 1052 2626; x_wconf 86' lang='lat' dir='ltr'>esse</span> <span class='ocrx_word' id='word_1_164' title='bbox 1081 2562 1214 2628; x_wconf 87' lang='lat' dir='ltr'>alteram</span> <span class='ocrx_word' id='word_1_165' title='bbox 1246 2566 1435 2648; x_wconf 84' lang='lat' dir='ltr'>opinionem,</span> 
     </span>
     <span class='ocr_line' id='line_1_20' title="bbox 333 2662 1435 2749; baseline 0.007 -25"><span class='ocrx_word' id='word_1_166' title='bbox 333 2662 409 2745; x_wconf 91' lang='lat' dir='ltr'>quia</span> <span class='ocrx_word' id='word_1_167' title='bbox 423 2684 494 2725; x_wconf 87' lang='lat' dir='ltr'>eum</span> <span class='ocrx_word' id='word_1_168' title='bbox 509 2686 549 2726; x_wconf 84' lang='lat' dir='ltr'>ex</span> <span class='ocrx_word' id='word_1_169' title='bbox 564 2663 713 2728; x_wconf 88' lang='lat' dir='ltr'>instituto</span> <span class='ocrx_word' id='word_1_170' title='bbox 728 2664 806 2749; x_wconf 82' lang='lat' dir='ltr'>legis</span> <span class='ocrx_word' id='word_1_171' title='bbox 820 2687 922 2749; x_wconf 82' lang='lat' dir='ltr'>agnus</span> <span class='ocrx_word' id='word_1_172' title='bbox 939 2664 1097 2747; x_wconf 80' lang='lat' dir='ltr'>paschalis</span> <span class='ocrx_word' id='word_1_173' title='bbox 1117 2685 1164 2743; x_wconf 90' lang='lat'>14.</span> <span class='ocrx_word' id='word_1_174' title='bbox 1181 2665 1233 2726; x_wconf 89' lang='lat' dir='ltr'>die</span> <span class='ocrx_word' id='word_1_175' title='bbox 1250 2665 1332 2730; x_wconf 83' lang='lat' dir='ltr'>lunae</span> <span class='ocrx_word' id='word_1_176' title='bbox 1352 2690 1435 2732; x_wconf 87' lang='lat' dir='ltr'>mae·</span> 
     </span>
     <span class='ocr_line' id='line_1_21' title="bbox 333 2764 1436 2851; baseline 0.005 -24"><span class='ocrx_word' id='word_1_177' title='bbox 333 2764 451 2827; x_wconf 80' lang='lat' dir='ltr'>tendus</span> <span class='ocrx_word' id='word_1_178' title='bbox 466 2772 562 2840; x_wconf 86' lang='lat' dir='ltr'>esset,</span> <span class='ocrx_word' id='word_1_179' title='bbox 578 2764 765 2828; x_wconf 78' lang='lat' dir='ltr'>conveniens</span> <span class='ocrx_word' id='word_1_180' title='bbox 779 2764 840 2851; x_wconf 83' lang='lat' dir='ltr'>legi</span> <span class='ocrx_word' id='word_1_181' title='bbox 857 2766 916 2829; x_wconf 87' lang='lat' dir='ltr'>hoe</span> <span class='ocrx_word' id='word_1_182' title='bbox 932 2765 1123 2829; x_wconf 84' lang='lat' dir='ltr'>censendum</span> <span class='ocrx_word' id='word_1_183' title='bbox 1138 2764 1229 2839; x_wconf 87' lang='lat' dir='ltr'>foret,</span> <span class='ocrx_word' id='word_1_184' title='bbox 1245 2765 1279 2829; x_wconf 85' lang='grc' dir='ltr'>τὸ</span> <span class='ocrx_word' id='word_1_185' title='bbox 1292 2769 1436 2846; x_wconf 75' lang='grc' dir='ltr'>ἀληθινὸν</span> 
     </span>
     <span class='ocr_line' id='line_1_22' title="bbox 332 2863 1434 2954; baseline 0.008 -29"><span class='ocrx_word' id='word_1_186' title='bbox 332 2863 438 2947; x_wconf 81' lang='grc' dir='ltr'>πάσχα</span> <span class='ocrx_word' id='word_1_187' title='bbox 460 2864 570 2928; x_wconf 80' lang='lat' dir='ltr'>lesum</span> <span class='ocrx_word' id='word_1_188' title='bbox 592 2866 754 2931; x_wconf 76' lang='lat' dir='ltr'>Christum</span> <span class='ocrx_word' id='word_1_189' title='bbox 777 2868 887 2930; x_wconf 92' lang='lat' dir='ltr'>eodem</span> <span class='ocrx_word' id='word_1_190' title='bbox 912 2867 963 2930; x_wconf 90' lang='lat' dir='ltr'>die</span> <span class='ocrx_word' id='word_1_191' title='bbox 988 2887 1116 2951; x_wconf 87' lang='lat' dir='ltr'>passum</span> <span class='ocrx_word' id='word_1_192' title='bbox 1138 2888 1215 2929; x_wconf 87' lang='lat' dir='ltr'>esse.</span> <span class='ocrx_word' id='word_1_193' title='bbox 1261 2867 1306 2930; x_wconf 87' lang='lat' dir='ltr'>Et</span> <span class='ocrx_word' id='word_1_194' title='bbox 1331 2871 1434 2954; x_wconf 87' lang='lat' dir='ltr'>pergit</span> 
     </span>
     <span class='ocr_line' id='line_1_23' title="bbox 332 2965 1432 3050; baseline 0.005 -23"><span class='ocrx_word' id='word_1_195' title='bbox 332 2965 480 3043; x_wconf 78' lang='lat' dir='ltr'>seribere,</span> <span class='ocrx_word' id='word_1_196' title='bbox 497 2968 545 3030; x_wconf 74' lang='grc' dir='ltr'>καὶ</span> <span class='ocrx_word' id='word_1_197' title='bbox 560 2966 731 3041; x_wconf 77' lang='grc' dir='ltr'>στασιάζειν</span> <span class='ocrx_word' id='word_1_198' title='bbox 745 2971 828 3030; x_wconf 81' lang='grc' dir='ltr'>δοκεῖ</span> <span class='ocrx_word' id='word_1_199' title='bbox 842 2966 902 3030; x_wconf 88' lang='grc' dir='ltr'>κατ’</span> <span class='ocrx_word' id='word_1_200' title='bbox 919 2968 1024 3032; x_wconf 81' lang='grc' dir='ltr'>αὐτοὺς</span> <span class='ocrx_word' id='word_1_201' title='bbox 1038 2970 1075 3028; x_wconf 80' lang='grc' dir='ltr'>τὰ</span> <span class='ocrx_word' id='word_1_202' title='bbox 1091 2966 1262 3046; x_wconf 76' lang='grc' dir='ltr'>εὐαγγέλια,</span> <span class='ocrx_word' id='word_1_203' title='bbox 1279 2968 1354 3050; x_wconf 91' lang='lat' dir='ltr'>quia</span> <span class='ocrx_word' id='word_1_204' title='bbox 1369 2970 1432 3032; x_wconf 88' lang='lat' dir='ltr'>‹lis-</span> 
     </span>
     <span class='ocr_line' id='line_1_24' title="bbox 332 3066 1431 3150; baseline 0.004 -22"><span class='ocrx_word' id='word_1_205' title='bbox 332 3066 459 3129; x_wconf 88' lang='lat' dir='ltr'>eordem</span> <span class='ocrx_word' id='word_1_206' title='bbox 484 3066 528 3129; x_wconf 92' lang='lat' dir='ltr'>illi</span> <span class='ocrx_word' id='word_1_207' title='bbox 555 3066 687 3139; x_wconf 77' lang='lat' dir='ltr'>faciunt,</span> <span class='ocrx_word' id='word_1_208' title='bbox 715 3067 740 3128; x_wconf 82' lang='lat' dir='ltr'>si</span> <span class='ocrx_word' id='word_1_209' title='bbox 770 3068 863 3131; x_wconf 89' lang='lat' dir='ltr'>audis</span> <span class='ocrx_word' id='word_1_210' title='bbox 889 3066 1118 3150; x_wconf 82' lang='lat' dir='ltr'>Apollinarem,</span> <span class='ocrx_word' id='word_1_211' title='bbox 1142 3067 1335 3131; x_wconf 88' lang='lat' dir='ltr'>Matthaeum</span> <span class='ocrx_word' id='word_1_212' title='bbox 1362 3092 1431 3132; x_wconf 87' lang='lat' dir='ltr'>oum</span> 
     </span>
     <span class='ocr_line' id='line_1_25' title="bbox 330 3165 1432 3251; baseline 0.004 -22"><span class='ocrx_word' id='word_1_213' title='bbox 330 3165 467 3244; x_wconf 88' lang='lat' dir='ltr'>Joanue,</span> <span class='ocrx_word' id='word_1_214' title='bbox 485 3168 537 3251; x_wconf 93' lang='lat' dir='ltr'>qui</span> <span class='ocrx_word' id='word_1_215' title='bbox 554 3168 683 3251; x_wconf 92' lang='lat' dir='ltr'>quidem</span> <span class='ocrx_word' id='word_1_216' title='bbox 698 3190 821 3231; x_wconf 88' lang='lat' dir='ltr'>eoenam</span> <span class='ocrx_word' id='word_1_217' title='bbox 841 3168 988 3231; x_wconf 86' lang='lat' dir='ltr'>ultimam</span> <span class='ocrx_word' id='word_1_218' title='bbox 1004 3167 1206 3229; x_wconf 86' lang='lat' dir='ltr'>Dominioam</span> <span class='ocrx_word' id='word_1_219' title='bbox 1224 3176 1300 3231; x_wconf 89' lang='lat' dir='ltr'>ante</span> <span class='ocrx_word' id='word_1_220' title='bbox 1315 3169 1432 3233; x_wconf 86' lang='lat' dir='ltr'>festum</span> 
     </span>
     <span class='ocr_line' id='line_1_26' title="bbox 332 3270 1432 3355; baseline 0.003 -22"><span class='ocrx_word' id='word_1_221' title='bbox 332 3271 464 3335; x_wconf 81' lang='lat' dir='ltr'>Pasehae</span> <span class='ocrx_word' id='word_1_222' title='bbox 491 3272 560 3351; x_wconf 85' lang='lat' dir='ltr'>(sed</span> <span class='ocrx_word' id='word_1_223' title='bbox 581 3271 657 3355; x_wconf 91' lang='lat' dir='ltr'>quid</span> <span class='ocrx_word' id='word_1_224' title='bbox 677 3270 738 3334; x_wconf 91' lang='lat' dir='ltr'>hoe</span> <span class='ocrx_word' id='word_1_225' title='bbox 760 3272 812 3345; x_wconf 88' lang='lat' dir='ltr'>sit,</span> <span class='ocrx_word' id='word_1_226' title='bbox 834 3270 1100 3354; x_wconf 73' lang='lat' dir='ltr'>disquirendum)</span> <span class='ocrx_word' id='word_1_227' title='bbox 1120 3270 1313 3334; x_wconf 81' lang='lat' dir='ltr'>celebratam</span> <span class='ocrx_word' id='word_1_228' title='bbox 1337 3273 1432 3337; x_wconf 85' lang='lat' dir='ltr'>luisse</span> 
     </span>
     <span class='ocr_line' id='line_1_27' title="bbox 330 3370 737 3447; baseline 0 -14"><span class='ocrx_word' id='word_1_229' title='bbox 330 3372 447 3445; x_wconf 80' lang='lat' dir='ltr'>refert3</span> <span class='ocrx_word' id='word_1_230' title='bbox 476 3373 566 3434; x_wconf 82' lang='lat' dir='ltr'>Joaa.</span> <span class='ocrx_word' id='word_1_231' title='bbox 583 3370 648 3433; x_wconf 86' lang='lat' dir='ltr'>xiii.</span> <span class='ocrx_word' id='word_1_232' title='bbox 666 3392 690 3447; x_wconf 88' lang='grc' dir='ltr'>ι,</span> <span class='ocrx_word' id='word_1_233' title='bbox 709 3389 737 3434; x_wconf 84' lang='lat'>2.</span> 
     </span>
    </p>

    <p class='ocr_par' dir='ltr' id='par_1_5' title="bbox 328 3471 1431 3957">
     <span class='ocr_line' id='line_1_28' title="bbox 373 3471 1430 3559; baseline 0.004 -25"><span class='ocrx_word' id='word_1_234' title='bbox 373 3473 411 3536; x_wconf 92' lang='lat' dir='ltr'>P.</span> <span class='ocrx_word' id='word_1_235' title='bbox 426 3493 495 3555; x_wconf 83' lang='lat'>150.</span> <span class='ocrx_word' id='word_1_236' title='bbox 516 3472 600 3537; x_wconf 57' lang='grc' dir='ltr'>ἱνα.</span> <span class='ocrx_word' id='word_1_237' title='bbox 625 3471 659 3533; x_wconf 85' lang='grc' dir='ltr'>τὸ</span> <span class='ocrx_word' id='word_1_238' title='bbox 683 3472 843 3556; x_wconf 80' lang='grc' dir='ltr'>ἀληθινὸν]</span> <span class='ocrx_word' id='word_1_239' title='bbox 868 3472 920 3536; x_wconf 86' lang='lat' dir='ltr'>lta</span> <span class='ocrx_word' id='word_1_240' title='bbox 943 3474 1038 3550; x_wconf 87' lang='lat' dir='ltr'>edidi,</span> <span class='ocrx_word' id='word_1_241' title='bbox 1061 3497 1118 3559; x_wconf 92' lang='lat' dir='ltr'>pro</span> <span class='ocrx_word' id='word_1_242' title='bbox 1141 3481 1194 3537; x_wconf 82' lang='grc' dir='ltr'>τοῦ</span> <span class='ocrx_word' id='word_1_243' title='bbox 1218 3477 1369 3552; x_wconf 84' lang='grc' dir='ltr'>ἀληθινοῦ,</span> <span class='ocrx_word' id='word_1_244' title='bbox 1391 3498 1430 3538; x_wconf 89' lang='lat' dir='ltr'>ex</span> 
     </span>
     <span class='ocr_line' id='line_1_29' title="bbox 329 3571 1431 3661; baseline 0.004 -26"><span class='ocrx_word' id='word_1_245' title='bbox 329 3572 436 3636; x_wconf 82' lang='lat' dir='ltr'>codiee</span> <span class='ocrx_word' id='word_1_246' title='bbox 467 3571 540 3635; x_wconf 89' lang='lat' dir='ltr'>MS.</span> <span class='ocrx_word' id='word_1_247' title='bbox 567 3571 718 3635; x_wconf 90' lang='lat' dir='ltr'>Biblioth.</span> <span class='ocrx_word' id='word_1_248' title='bbox 749 3572 839 3635; x_wconf 88' lang='lat' dir='ltr'>Bodl.</span> <span class='ocrx_word' id='word_1_249' title='bbox 867 3595 997 3636; x_wconf 90' lang='lat' dir='ltr'>numero</span> <span class='ocrx_word' id='word_1_250' title='bbox 1021 3595 1119 3658; x_wconf 83' lang='lat'><strong>340¹·</strong></span> <span class='ocrx_word' id='word_1_251' title='bbox 1150 3575 1284 3658; x_wconf 84' lang='lat' dir='ltr'>signate,</span> <span class='ocrx_word' id='word_1_252' title='bbox 1310 3575 1342 3637; x_wconf 91' lang='lat' dir='ltr'>in</span> <span class='ocrx_word' id='word_1_253' title='bbox 1368 3599 1431 3661; x_wconf 91' lang='lat' dir='ltr'>qno</span> 
     </span>
     <span class='ocr_line' id='line_1_30' title="bbox 329 3672 1430 3758; baseline 0.004 -22"><span class='ocrx_word' id='word_1_254' title='bbox 329 3679 446 3756; x_wconf 87' lang='lat' dir='ltr'>praeter</span> <span class='ocrx_word' id='word_1_255' title='bbox 466 3672 546 3736; x_wconf 80' lang='lat' dir='ltr'>alias</span> <span class='ocrx_word' id='word_1_256' title='bbox 562 3674 776 3756; x_wconf 73' lang='lat' dir='ltr'>Proesalimis,</span> <span class='ocrx_word' id='word_1_257' title='bbox 793 3695 863 3756; x_wconf 87' lang='lat' dir='ltr'>quae</span> <span class='ocrx_word' id='word_1_258' title='bbox 884 3681 1026 3750; x_wconf 85' lang='lat' dir='ltr'>vocatur,</span> <span class='ocrx_word' id='word_1_259' title='bbox 1048 3676 1142 3758; x_wconf 86' lang='lat' dir='ltr'>hujus</span> <span class='ocrx_word' id='word_1_260' title='bbox 1163 3675 1310 3739; x_wconf 81' lang='lat' dir='ltr'>Ohroniei</span> <span class='ocrx_word' id='word_1_261' title='bbox 1333 3677 1430 3758; x_wconf 85' lang='lat' dir='ltr'>parti-</span> 
     </span>
     <span class='ocr_line' id='line_1_31' title="bbox 329 3772 1428 3857; baseline 0.005 -23"><span class='ocrx_word' id='word_1_262' title='bbox 329 3772 424 3848; x_wconf 80' lang='lat' dir='ltr'>eulas,</span> <span class='ocrx_word' id='word_1_263' title='bbox 436 3772 504 3835; x_wconf 82' lang='lat' dir='ltr'>haee</span> <span class='ocrx_word' id='word_1_264' title='bbox 516 3772 711 3856; x_wconf 85' lang='lat' dir='ltr'>Apollinaris</span> <span class='ocrx_word' id='word_1_265' title='bbox 723 3773 763 3836; x_wconf 92' lang='lat' dir='ltr'>de</span> <span class='ocrx_word' id='word_1_266' title='bbox 779 3773 932 3857; x_wconf 85' lang='lat' dir='ltr'>paschate</span> <span class='ocrx_word' id='word_1_267' title='bbox 947 3775 1127 3857; x_wconf 80' lang='lat' dir='ltr'>fragmenta</span> <span class='ocrx_word' id='word_1_268' title='bbox 1137 3782 1260 3838; x_wconf 83' lang='lat' dir='ltr'>extent.</span> <span class='ocrx_word' id='word_1_269' title='bbox 1304 3777 1428 3839; x_wconf 84' lang='lat' dir='ltr'>laedit.</span> 
     </span>
     <span class='ocr_line' id='line_1_32' title="bbox 328 3869 1012 3957; baseline 0.006 -24"><span class='ocrx_word' id='word_1_270' title='bbox 328 3869 475 3935; x_wconf 80' lang='lat' dir='ltr'>Dindorf.</span> <span class='ocrx_word' id='word_1_271' title='bbox 491 3895 574 3937; x_wconf 88' lang='lat' dir='ltr'>nuno</span> <span class='ocrx_word' id='word_1_272' title='bbox 590 3875 728 3957; x_wconf 88' lang='lat' dir='ltr'>positum</span> <span class='ocrx_word' id='word_1_273' title='bbox 744 3882 793 3937; x_wconf 89' lang='lat' dir='ltr'>est</span> <span class='ocrx_word' id='word_1_274' title='bbox 808 3875 842 3935; x_wconf 84' lang='grc' dir='ltr'>τὸ</span> <span class='ocrx_word' id='word_1_275' title='bbox 858 3876 1012 3949; x_wconf 76' lang='grc' dir='ltr'>ἀληθινόν.</span> 
     </span>
    </p>
   </div>
   <div class='ocr_carea' id='block_1_4' title="bbox 319 4070 1429 4757">
    <p class='ocr_par' dir='ltr' id='par_1_6' title="bbox 319 4070 1429 4757">
     <span class='ocr_line' id='line_1_33' title="bbox 371 4070 1429 4158; baseline -0.002 -23"><span class='ocrx_word' id='word_1_276' title='bbox 371 4073 453 4137; x_wconf 87' lang='lat' dir='ltr'>lbid.</span> <span class='ocrx_word' id='word_1_277' title='bbox 480 4074 500 4136; x_wconf 93' lang='lat' dir='ltr'>l.</span> <span class='ocrx_word' id='word_1_278' title='bbox 524 4091 574 4158; x_wconf 83' lang='lat'>25.</span> <span class='ocrx_word' id='word_1_279' title='bbox 606 4077 622 4136; x_wconf 86' lang='grc' dir='ltr'>ὁ</span> <span class='ocrx_word' id='word_1_280' title='bbox 652 4076 785 4154; x_wconf 75' lang='grc' dir='ltr'>ὑψωθεὶς</span> <span class='ocrx_word' id='word_1_281' title='bbox 814 4075 863 4137; x_wconf 73' lang='grc' dir='ltr'>ἐπὶ</span> <span class='ocrx_word' id='word_1_282' title='bbox 894 4072 1025 4153; x_wconf 81' lang='grc' dir='ltr'>κεράτων</span> <span class='ocrx_word' id='word_1_283' title='bbox 1058 4071 1272 4154; x_wconf 76' lang='grc' dir='ltr'>μονοκέρωτοι]</span> <span class='ocrx_word' id='word_1_284' title='bbox 1310 4070 1429 4134; x_wconf 82' lang='lat' dir='ltr'>Confer</span> 
     </span>
     <span class='ocr_line' id='line_1_34' title="bbox 324 4170 1428 4238; baseline -0.003 -2"><span class='ocrx_word' id='word_1_285' title='bbox 324 4173 434 4236; x_wconf 77' lang='lat' dir='ltr'>Psalm</span> <span class='ocrx_word' id='word_1_286' title='bbox 448 4174 524 4237; x_wconf 84' lang='lat' dir='ltr'>xxii.</span> <span class='ocrx_word' id='word_1_287' title='bbox 540 4195 654 4236; x_wconf 82' lang='lat' dir='ltr'>comm.</span> <span class='ocrx_word' id='word_1_288' title='bbox 673 4193 721 4238; x_wconf 76' lang='grc' dir='ltr'>οι.</span> <span class='ocrx_word' id='word_1_289' title='bbox 739 4180 772 4236; x_wconf 89' lang='lat' dir='ltr'>ot</span> <span class='ocrx_word' id='word_1_290' title='bbox 789 4175 846 4236; x_wconf 76' lang='lat' dir='ltr'>Pe.</span> <span class='ocrx_word' id='word_1_291' title='bbox 862 4174 932 4235; x_wconf 87' lang='lat' dir='ltr'>xeii.</span> <span class='ocrx_word' id='word_1_292' title='bbox 949 4193 1061 4235; x_wconf 86' lang='lat' dir='ltr'>eornm.</span> <span class='ocrx_word' id='word_1_293' title='bbox 1082 4190 1129 4232; x_wconf 92' lang='lat'>10.</span> <span class='ocrx_word' id='word_1_294' title='bbox 1168 4170 1318 4234; x_wconf 88' lang='lat' dir='ltr'>Ostendit</span> <span class='ocrx_word' id='word_1_295' title='bbox 1334 4172 1428 4235; x_wconf 74' lang='lat' dir='ltr'>Pear</span> 
     </span>
     <span class='ocr_line' id='line_1_35' title="bbox 322 4272 1428 4358; baseline -0.003 -20"><span class='ocrx_word' id='word_1_296' title='bbox 322 4275 430 4339; x_wconf 88' lang='lat' dir='ltr'>senius</span> <span class='ocrx_word' id='word_1_297' title='bbox 459 4276 492 4337; x_wconf 91' lang='lat' dir='ltr'>in</span> <span class='ocrx_word' id='word_1_298' title='bbox 521 4276 635 4358; x_wconf 74' lang='grc' dir='ltr'>Εαροι.</span> <span class='ocrx_word' id='word_1_299' title='bbox 662 4274 804 4356; x_wconf 75' lang='lat' dir='ltr'>Symboli,</span> <span class='ocrx_word' id='word_1_300' title='bbox 837 4274 941 4336; x_wconf 85' lang='lat' dir='ltr'>Artie.</span> <span class='ocrx_word' id='word_1_301' title='bbox 970 4272 1153 4353; x_wconf 70' lang='lat' dir='ltr'>Cmafiaus,</span> <span class='ocrx_word' id='word_1_302' title='bbox 1179 4279 1303 4354; x_wconf 87' lang='lat' dir='ltr'>partem</span> <span class='ocrx_word' id='word_1_303' title='bbox 1327 4274 1428 4336; x_wconf 84' lang='lat' dir='ltr'>erucis</span> 
     </span>
     <span class='ocr_line' id='line_1_36' title="bbox 321 4370 1427 4458; baseline -0.001 -21"><span class='ocrx_word' id='word_1_304' title='bbox 321 4374 408 4438; x_wconf 82' lang='lat' dir='ltr'>illem</span> <span class='ocrx_word' id='word_1_305' title='bbox 433 4397 454 4438; x_wconf 89' lang='lat' dir='ltr'>a</span> <span class='ocrx_word' id='word_1_306' title='bbox 475 4375 650 4457; x_wconf 81' lang='lat' dir='ltr'>pictoribus</span> <span class='ocrx_word' id='word_1_307' title='bbox 673 4375 738 4436; x_wconf 85' lang='lat' dir='ltr'>lere</span> <span class='ocrx_word' id='word_1_308' title='bbox 761 4373 948 4458; x_wconf 82' lang='lat' dir='ltr'>neglectam,</span> <span class='ocrx_word' id='word_1_309' title='bbox 975 4394 1045 4456; x_wconf 84' lang='lat' dir='ltr'>quae</span> <span class='ocrx_word' id='word_1_310' title='bbox 1063 4371 1096 4433; x_wconf 92' lang='lat' dir='ltr'>in</span> <span class='ocrx_word' id='word_1_311' title='bbox 1118 4370 1222 4433; x_wconf 89' lang='lat' dir='ltr'>medio</span> <span class='ocrx_word' id='word_1_312' title='bbox 1243 4370 1316 4455; x_wconf 82' lang='lat' dir='ltr'>pelo</span> <span class='ocrx_word' id='word_1_313' title='bbox 1339 4382 1427 4436; x_wconf 84' lang='lat' dir='ltr'>recto</span> 
     </span>
     <span class='ocr_line' id='line_1_37' title="bbox 320 4472 1427 4558; baseline 0.001 -21"><span class='ocrx_word' id='word_1_314' title='bbox 320 4474 386 4538; x_wconf 84' lang='lat' dir='ltr'>fixa</span> <span class='ocrx_word' id='word_1_315' title='bbox 415 4497 455 4538; x_wconf 90' lang='lat' dir='ltr'>ex</span> <span class='ocrx_word' id='word_1_316' title='bbox 484 4497 522 4538; x_wconf 93' lang='lat' dir='ltr'>eo</span> <span class='ocrx_word' id='word_1_317' title='bbox 549 4475 759 4558; x_wconf 87' lang='lat' dir='ltr'>prominebat,</span> <span class='ocrx_word' id='word_1_318' title='bbox 790 4475 903 4558; x_wconf 82' lang='lat' dir='ltr'>auique</span> <span class='ocrx_word' id='word_1_319' title='bbox 933 4472 1130 4536; x_wconf 86' lang='lat' dir='ltr'>innitebatur</span> <span class='ocrx_word' id='word_1_320' title='bbox 1159 4492 1283 4533; x_wconf 81' lang='lat' dir='ltr'>eaerum</span> <span class='ocrx_word' id='word_1_321' title='bbox 1313 4494 1427 4558; x_wconf 85' lang='lat' dir='ltr'>eorpus</span> 
     </span>
     <span class='ocr_line' id='line_1_38' title="bbox 320 4570 1425 4659; baseline 0 -21"><span class='ocrx_word' id='word_1_322' title='bbox 320 4575 449 4651; x_wconf 75' lang='lat' dir='ltr'>Christi,</span> <span class='ocrx_word' id='word_1_323' title='bbox 465 4598 486 4639; x_wconf 86' lang='lat' dir='ltr'>a</span> <span class='ocrx_word' id='word_1_324' title='bbox 500 4575 523 4636; x_wconf 86' lang='lat' dir='ltr'>J</span> <span class='ocrx_word' id='word_1_325' title='bbox 525 4575 632 4638; x_wconf 90' lang='lat' dir='ltr'>ustino</span> <span class='ocrx_word' id='word_1_326' title='bbox 648 4576 795 4656; x_wconf 88' lang='lat' dir='ltr'>Martyre</span> <span class='ocrx_word' id='word_1_327' title='bbox 809 4574 841 4636; x_wconf 92' lang='lat' dir='ltr'>in</span> <span class='ocrx_word' id='word_1_328' title='bbox 859 4574 988 4657; x_wconf 73' lang='grc' dir='ltr'>ὒίοθνρο</span> <span class='ocrx_word' id='word_1_329' title='bbox 999 4570 1145 4646; x_wconf 80' lang='lat' dir='ltr'>describi,</span> <span class='ocrx_word' id='word_1_330' title='bbox 1157 4571 1425 4659; x_wconf 82' lang='lat' dir='ltr'>rhinocerotisque</span> 
     </span>
     <span class='ocr_line' id='line_1_39' title="bbox 319 4670 1423 4757; baseline -0.005 -20"><span class='ocrx_word' id='word_1_331' title='bbox 319 4695 392 4737; x_wconf 88' lang='lat' dir='ltr'>eum</span> <span class='ocrx_word' id='word_1_332' title='bbox 406 4697 504 4739; x_wconf 86' lang='lat' dir='ltr'>eornu</span> <span class='ocrx_word' id='word_1_333' title='bbox 518 4676 560 4738; x_wconf 89' lang='lat' dir='ltr'>ab</span> <span class='ocrx_word' id='word_1_334' title='bbox 576 4696 614 4738; x_wconf 91' lang='lat' dir='ltr'>eo</span> <span class='ocrx_word' id='word_1_335' title='bbox 629 4673 825 4756; x_wconf 83' lang='lat' dir='ltr'>comparari3</span> <span class='ocrx_word' id='word_1_336' title='bbox 845 4673 1053 4757; x_wconf 88' lang='lat' dir='ltr'>similiterque</span> <span class='ocrx_word' id='word_1_337' title='bbox 1069 4670 1300 4735; x_wconf 85' lang='lat' dir='ltr'>Tertullianum</span> <span class='ocrx_word' id='word_1_338' title='bbox 1314 4672 1368 4737; x_wconf 93' lang='lat' dir='ltr'>lib.</span> <span class='ocrx_word' id='word_1_339' title='bbox 1381 4675 1423 4738; x_wconf 89' lang='lat' dir='ltr'>iii.</span> 
     </span>
    </p>
   </div>
   <div class='ocr_carea' id='block_1_5' title="bbox 362 4798 880 4839">
    <p class='ocr_par' dir='ltr' id='par_1_7' title="bbox 362 4798 880 4839">
     <span class='ocr_line' id='line_1_40' title="bbox 362 4798 880 4839; baseline -0.004 -2"><span class='ocrx_word' id='word_1_340' title='bbox 362 4798 429 4839; x_wconf 84' lang='lat' dir='ltr'>VOL.</span> <span class='ocrx_word' id='word_1_341' title='bbox 446 4799 467 4838; x_wconf 86' lang='grc' dir='ltr'>Ι.</span> <span class='ocrx_word' id='word_1_342' title='bbox 863 4798 880 4835; x_wconf 83' lang='lat' dir='ltr'>Z</span> 
     </span>
    </p>
   </div>
   <div class='ocr_carea' id='block_1_6' title="bbox 0 0 1910 5650">
    <p class='ocr_par' dir='ltr' id='par_1_8' title="bbox 0 0 1910 5650">
     <span class='ocr_line' id='line_1_41' title="bbox 0 0 1910 5650; baseline 0 9"><span class='ocrx_word' id='word_1_343' title='bbox 0 0 1910 5650; x_wconf 95' lang='lat' dir='ltr'> </span> 
     </span>
    </p>
   </div>
  </div>
 </body>
</html>
