3809 5650
464 698 530 763 aas
799 700 1042 784 nunlounn
1066 700 1241 769 sacam

878 926 958 991 Alia
972 927 1163 1013 Fraptmnto

726 1075 824 1160 Apud
837 1075 1003 1142 Eusebium
1016 1078 1111 1163 ηἰωιί.
1129 1077 1179 1143 lib.
1194 1100 1262 1164 οορ.
1280 1098 1309 1146 2.

522 1234 582 1340 ιζ.
612 1235 663 1316 Oi
682 1239 740 1317 καὶ
758 1239 815 1318 ἐπὶ
832 1247 1009 1318 τοσοῦτον
1027 1239 1181 1342 ζηλωταὶ
1200 1241 1259 1317 καὶ
1275 1241 1425 1337 μιμηταὶ
1442 1242 1563 1340 Χρισ-

465 1380 530 1452 τοῦ
557 1371 749 1473 ἐγένοντολ,
779 1369 818 1455 ῦς
846 1374 883 1451 ε’ν
909 1378 1035 1479 μορφῇ
1064 1379 1160 1452 Θεοῦ
1189 1371 1370 1477 ὑπάρχων,
1400 1374 1475 1477 οὐχ’
1497 1375 1562 1474 ἀρ·

464 1504 613 1607 παγμῦν
639 1504 803 1608 ἡγήσατο
829 1504 872 1585 τὸ
900 1502 987 1586 εἶναι
1014 1505 1080 1585 ἰ’σα
1106 1511 1202 1612 θεῷ·
1234 1504 1328 1585 ὥστε
1356 1509 1393 1584 ἐν
1420 1507 1594 1612 τοιαύτῃ5

465 1638 555 1745 δόξῃ
584 1637 812 1745 ὑπάρχοντες,
837 1643 896 1720 καὶ
924 1642 991 1746 οῦχ
1016 1639 1122 1748 ἅπαξ
1146 1640 1225 1721 οῦδὲ
1253 1643 1314 1739 δὶς,
1340 1639 1441 1720 ἀλλὰ
1467 1653 1561 1721 πολ·

361 1837 363 1842 .
465 1774 570 1860 λάκις
605 1774 907 1880 μαρτυρήσαντες,
944 1779 1003 1855 καὶ
1039 1779 1078 1856 ἐκ
1111 1778 1242 1878 θηρίων
1285 1777 1385 1860 αὖθις
1423 1779 1563 1876 ἀναλη-

464 1911 623 2018 φθέντες,
650 1914 710 1989 καὶ
733 1908 779 1989 τὰ
810 1907 982 2013 καυτήρια
1009 1912 1067 1988 καὶ
1099 1908 1181 1992 τοῦς
1213 1909 1397 2007 μώλωπας
1425 1914 1483 1987 καὶ
1517 1910 1564 1988 τὰ

465 2041 651 2147 τραύματα
687 2043 828 2145 ἔχοντες
864 2041 1096 2145 περικείμενα,
1133 2041 1205 2120 οὔτ’
1243 2042 1342 2119 αὐτοὶ
1380 2039 1563 2141 μάρτυρας

464 2174 608 2259 ἑαυτοῦς
639 2172 884 2277 ἀνεκὴριπτον,
912 2177 992 2253 οὔτε
1019 2172 1092 2274 μὴν
1118 2176 1202 2273 ἡμῖν
1229 2174 1420 2276 ε’πὲτρεπον
1447 2173 1560 2278 τούτῷ
1574 2208 1611 2246 ιο

463 2314 516 2415 τῷ
551 2306 699 2408 ὀνόματι
732 2307 1014 2411 προσαγορεύειν
1051 2308 1188 2391 αῦτοῦς·
1232 2308 1317 2386 ἀλλ’
1356 2306 1476 2385 εἴποτέ
1508 2340 1562 2388 τις

462 2443 565 2543 ἡμῶν
582 2445 628 2521 δι’
640 2445 835 2542 ἐπιστολῆς
852 2439 876 2542 ἢ
893 2440 953 2522 διὰ
971 2441 1085 2543 λόγον
1101 2440 1283 2545 μα’ρτνρας
1301 2438 1428 2523 αῦτοῦς
1444 2474 1562 2543 προσ-

463 2583 569 2674 εῖπεν,
587 2577 825 2677 ἐπέπλησσον
842 2583 987 2678 πικρῶς.
1015 2576 1125 2675 ἡδέως
1146 2574 1217 2677 γὰρ
1242 2574 1472 2678 παρεχώρουν
1496 2571 1563 2672 τὴν

462 2713 528 2809 τῆς
558 2711 752 2813 μαρτυρίας
779 2712 1030 2814 προσηγορίαν
1055 2715 1107 2816 τῷ
1135 2714 1300 2815 Χριστῷ·
1343 2714 1415 2814 ττῷ
1439 2713 1561 2814 πιστῷ

461 2845 521 2925 καὶ
548 2847 707 2951 ἀληθινῷ
733 2841 886 2949 μάρτυρι
914 2848 973 2923 καὶ
998 2842 1215 2951 πρωτοτόκῷ
1242 2849 1314 2922 τῶν
1342 2848 1484 2943 νεκρῶν,
1504 2844 1608 2925 satu

462 2980 612 3085 ἆρχηγῷ
640 2982 704 3077 τῆς
728 2976 817 3080 ζωῆς
842 2987 906 3058 τοῦ
930 2984 1036 3059 Θεοῦ·
1070 2981 1130 3058 καὶ
1156 2974 1462 3077 ἐπερωμνήσκοντο
1489 2982 1562 3055 τιῦν

460 3111 733 3219 ἐξεληλυθότων
760 3113 829 3213 ἤδη
856 3112 1056 3215 μαρτύρων,
1084 3114 1142 3191 καὶ
1169 3112 1308 3214 ἔλεγον·
1342 3113 1465 3190 ἐκεῖνοι
1492 3111 1560 3210 ἤδη

506 3405 554 3462 17.
573 3388 634 3459 Qui
648 3388 765 3466 quidem
781 3390 930 3447 Christum
945 3409 983 3446 ω·
1035 3388 1137 3467 pellari
1164 3398 1344 3466 paterentur.
1397 3386 1510 3446 Verum
1534 3388 1560 3446 si

461 3466 566 3525 mulari
590 3478 678 3543 atque
702 3467 809 3525 imitari
831 3477 986 3545 tantopere
1035 3468 1100 3544 quis
1115 3478 1247 3525 nostrum
1263 3487 1315 3543 per
1333 3467 1441 3534 literas,
1457 3478 1508 3525 aut
1527 3467 1559 3524 iu

461 3545 648 3611 studuerunt,
674 3545 723 3624 qui
746 3567 810 3603 cum
834 3545 863 3603 in
880 3545 985 3624 forma
1034 3546 1170 3603 familiari
1187 3546 1331 3622 colloquio
1350 3566 1400 3605 cos
1418 3557 1559 3625 martyres
1570 3563 1607 3603 no

462 3625 522 3685 Des·
536 3633 618 3692 cred,
632 3646 687 3684 non
701 3625 836 3702 rapinam
855 3625 983 3683 arbitra·
1035 3624 1245 3701 compellasset,
1259 3626 1451 3703 objurgabant
1464 3627 1558 3704 gravi.

461 3714 508 3764 las
522 3713 563 3764 ert
577 3726 638 3763 ease
650 3726 682 3763 ee
694 3705 828 3783 equalem
843 3704 927 3762 Deo:
950 3716 985 3763 ut
1034 3715 1080 3761 ter
1094 3716 1181 3781 atque
1192 3704 1389 3782 increpabant.
1419 3706 1559 3785 Martyris

461 3785 592 3864 quamvis
613 3784 644 3843 in
664 3795 780 3843 tantum
800 3783 900 3862 gloria
921 3783 984 3841 cul·
1033 3784 1110 3841 enim
1126 3782 1350 3861 appeliationem
1368 3783 1559 3843 libentissime

460 3886 528 3925 men
542 3865 637 3925 evecti
651 3875 757 3931 essent,
773 3883 826 3923 nec
840 3862 928 3922 semel
939 3874 984 3921 at.
1034 3863 1230 3921 concedebant
1245 3863 1373 3930 Christo,
1385 3874 1489 3942 utpote
1500 3863 1558 3922 fido

459 3966 518 4023 que
545 3946 662 4012 iterum,
691 3944 742 4003 sed
770 3944 876 4022 sapius
908 3963 983 4001 mar-
1034 3962 1161 4019 veroque
1192 3941 1271 4007 besti,
1300 3953 1331 4001 et
1363 3944 1558 4022 primogenito
1569 3963 1605 4020 ις

460 4025 570 4105 tyrium
598 4025 762 4094 subiissent,
787 4034 818 4081 et
843 4043 861 4082 a
884 4023 985 4082 bestiis
1034 4034 1226 4092 mortuorum,
1269 4022 1395 4101 vitaque
1436 4023 1559 4082 celestis

460 4105 558 4164 denuo
571 4106 602 4163 in
617 4125 759 4164 carcerem
773 4102 857 4163 relati
868 4113 983 4174 essent;
1035 4102 1159 4181 principi
1173 4113 1204 4162 et
1218 4103 1340 4161 auctori.
1370 4104 1558 4181 anquoque

460 4185 592 4262 quamvis
617 4184 728 4263 ignium
755 4185 894 4261 impressa
921 4202 985 4241 ves-
1035 4183 1085 4259 qui
1097 4182 1157 4258 jam
1173 4202 1209 4241 ex
1224 4183 1277 4241 hac
1291 4182 1352 4241 vita
1364 4183 1558 4261 migraverant

460 4265 542 4341 tigia,
553 4263 684 4341 quamvis
697 4263 805 4323 vibices
819 4276 849 4321 et
863 4262 984 4321 vulnera
1035 4273 1185 4341 martyres,
1194 4263 1278 4320 nobis
1286 4262 1557 4328 commemorabant,

460 4352 525 4402 toto
546 4363 665 4423 corpore
687 4343 917 4408 circumferrent,
939 4352 983 4400 ta·
1035 4343 1225 4419 aiebantque:
1251 4342 1282 4399 hi
1304 4343 1365 4419 jam
1389 4352 1458 4399 sunt
1482 4361 1557 4397 mar-
1567 4364 1607 4420 30

460 4441 527 4479 men
543 4442 596 4481 nec
610 4443 641 4482 se
655 4424 733 4501 ipsos
750 4433 892 4502 martyres
911 4441 984 4500 prae-
1034 4432 1123 4499 tyren,
1145 4441 1218 4499 quos
1238 4423 1269 4479 in
1291 4424 1354 4500 ipsa
1378 4420 1558 4479 confessione

460 4498 600 4572 dicarent,
614 4522 669 4561 nec
683 4523 701 4560 a
718 4503 803 4562 nobis
822 4503 864 4560 ita
882 4522 914 4561 ae
932 4522 984 4580 ap.
1035 4501 1171 4560 Christus
1192 4501 1298 4560 assumi
1319 4500 1424 4568 voluit,
1446 4500 1557 4579 profes·

679 4737 693 4773 a
707 4726 771 4776 Phil.
782 4728 808 4775 ii.
819 4725 843 4775 6.
1040 4727 1140 4788 rapae.
1152 4727 1167 4774 i.
1181 4740 1205 4788 5.
1218 4735 1243 4774 et
1253 4726 1288 4774 iii.
1300 4738 1338 4784 14.
