3809 5650
397 688 461 753 478
764 681 1117 748 ANNOTATIONES

397 871 522 934 quoque
545 850 674 912 ineunte
700 850 814 913 saeculo
841 858 957 935 quarto
982 856 1118 932 martyr,
1138 848 1224 911 haud
1247 847 1433 931 culpandos
1458 873 1520 914 eos

397 950 534 1033 assequi
554 949 721 1032 pecuniam
740 950 912 1025 dedissent,
928 957 1000 1014 uta
1020 949 1173 1013 molestiis
1187 957 1437 1032 persecutorum
1453 951 1518 1013 im-

397 1072 508 1114 munes
524 1051 644 1112 fierent.
691 1050 771 1113 Vide
785 1051 948 1114 canonem
963 1051 1032 1134 ejus
1047 1049 1102 1112 xii.
1143 1049 1336 1132 Temporum
1350 1049 1518 1115 nimirum

396 1150 598 1233 sequentium
612 1150 715 1215 laxior
730 1151 906 1234 disciplina.

444 1253 479 1312 P.
495 1250 570 1328 468.
586 1249 605 1311 Ι.
626 1271 673 1331 19.
685 1254 864 1329 μιμούμενος
878 1250 931 1313 τὸν
946 1248 1132 1332 ἀπόστολον]
1144 1248 1337 1331 Apostolum
1351 1249 1516 1333 aliquem,

397 1349 444 1413 uti
468 1350 564 1413 vertit
580 1350 722 1424 Rufinus,
738 1349 907 1433 apostolica
924 1348 983 1412 citt
1002 1349 1126 1433 αῐὶιριιὶό
1142 1348 1332 1411 auctoritatis
1350 1370 1518 1415 σςουυιονι-

397 1461 463 1513 torn.
510 1450 586 1514 Vid.
602 1457 668 1513 not.
684 1450 727 1513 ad
742 1449 874 1511 Drours.
895 1449 1046 1513 Οονιντν.
1064 1470 1095 1532 p.
1116 1464 1185 1531 195.
1200 1452 1356 1526 μιμεῖσθαι
1376 1471 1443 1532 pro
1463 1478 1517 1530 μι-

396 1553 543 1629 μούμενος
557 1552 635 1613 MS.
653 1549 793 1632 Norsok.

441 1651 478 1711 P.
494 1655 568 1731 469.
581 1649 603 1711 l.
618 1669 644 1710 1.
661 1655 723 1714 τοῖς
737 1652 788 1725 τῆς
803 1649 987 1728 κενοφωνίας
1007 1648 1125 1730 λόγοις]
1145 1647 1287 1731 Legebat
1302 1648 1444 1732 aninns
1459 1655 1518 1729 τῆς

398 1750 606 1830 καιυοφονίας,
632 1748 685 1833 qui
711 1749 817 1824 vortit,
842 1770 934 1811 nonos
959 1747 1114 1811 certorum
1139 1748 1373 1811 adinventiones.
1424 1750 1516 1814 Mox

396 1849 487 1912 addit
502 1848 634 1932 Niceph.
652 1852 693 1914 εἰς
708 1857 784 1912 anto
798 1849 866 1914 τοὺς
880 1850 1080 1914 ἀποστόλους.
1128 1849 1244 1911 Verum
1259 1847 1419 1911 omittunt
1435 1872 1516 1933 par-

397 1951 527 2014 ticulam
543 1954 584 2017 εἰς
598 1958 674 2014 ante
688 1971 781 2012 voces
799 1949 853 2011 τὸν
874 1950 994 2027 Κύριον,
1012 1947 1156 2011 Burtono
1171 1954 1361 2023 attestante,
1375 1949 1445 2012 duo
1461 1951 1514 2016 illi

397 2052 583 2114 It'lorontino'.

443 2152 526 2215 ibid.
541 2152 562 2215 l.
583 2170 612 2213 2.
632 2154 855 2229 βλασφημῆσαι
875 2152 916 2215 εἰς
937 2152 990 2213 τὸν
1012 2152 1120 2229 Κύριον
1142 2150 1191 2212 καὶ
1212 2149 1278 2213 τοὺς
1300 2149 1511 2226 ἀποστόλους,

398 2254 446 2314 καὶ
470 2252 523 2328 τὴν
545 2253 635 2330 ἁγίαν
663 2251 837 2329 ἐκκλησίαν]
866 2249 1009 2312 Aiebant
1035 2249 1089 2313 isti
1117 2271 1151 2313 se
1177 2249 1307 2312 edoctos
1332 2270 1353 2311 a
1376 2249 1513 2335 Spiritu

399 2350 558 2412 Paracloti
583 2348 675 2432 plura
696 2348 832 2423 novisse,
854 2370 951 2431 quam
975 2371 1045 2431 quae
1068 2350 1214 2414 Christus
1236 2356 1269 2412 et
1291 2351 1431 2432 apostoli
1455 2375 1512 2417 ec·

398 2450 527 2514 alesiam
542 2449 734 2513 docuissent.

442 2553 525 2615 lbid.
550 2551 571 2615 Ι.
595 2571 629 2630 4.
662 2551 767 2634 ἑτέρων]
792 2550 893 2630 ἑτέρου
923 2550 1092 2615 lectionem
1126 2551 1235 2635 primae
1266 2549 1416 2614 editionis
1447 2576 1511 2619 ssu

399 2654 623 2738 Stephanianae
648 2652 807 2717 revocavit
831 2651 1006 2727 Strothius,
1020 2672 1114 2736 quam
1140 2675 1161 2715 a
1180 2650 1351 2734 Niccpioro
1374 2673 1512 2737 quoque

398 2755 557 2818 firmatam
572 2754 639 2826 ait;
666 2751 783 2815 Valesii
798 2759 907 2816 autem
922 2752 1114 2837 scripturam
1128 2775 1168 2815 cx
1183 2755 1305 2835 Rufino,
1318 2759 1352 2815 et
1363 2751 1511 2820 sortasse

399 2878 438 2919 ex
450 2856 586 2940 scriptis,
597 2864 757 2937 sumptam
772 2854 901 2916 exhibet
912 2855 1003 2917 cadon
1014 2855 1105 2917 Bodl.
1118 2856 1194 2917 dum
1206 2854 1309 2934 ἑτέρον
1318 2875 1376 2936 pro
1392 2855 1511 2936 ἑτέρων

398 2957 548 3019 mendose
563 2954 713 3019 scribitur
727 2956 759 3017 in
771 2956 846 3017 MS.
858 2954 997 3037 Norfoic.
1039 2956 1132 3018 Adde
1148 2955 1233 3038 quod
1248 2975 1448 3037 nequaquam
1463 2957 1511 3021 de

399 3058 466 3120 solo
482 3058 667 3121 Alexandro
691 3057 741 3119 hio
765 3057 881 3141 agitur.
926 3055 1061 3120 Codices
1083 3064 1238 3121 memorat
1262 3056 1426 3119 Burton'us
1449 3061 1510 3142 qui

400 3158 509 3236 ἑτέρων
523 3167 688 3242 praestant,
701 3160 786 3222 Μαι.
799 3157 885 3221 Μοό.
898 3158 1004 3220 Fukct.
1021 3164 1054 3220 et
1068 3157 1268 3221 Fbrnctinos.
1300 3157 1416 3221 Altera
1427 3181 1510 3226 vero

399 3258 492 3322 lectio
515 3260 626 3340 ἑτέρου,
643 3283 738 3345 quam
759 3259 879 3343 recepit
899 3258 967 3342 ipse
987 3279 1059 3320 cum
1079 3257 1345 3337 Zimmermanno‚
1361 3258 1393 3320 in
1413 3260 1508 3326 codd.

399 3360 473 3443 Εορ.
490 3361 597 3422 Paris.
615 3371 738 3444 utroquo
753 3368 786 3423 et
803 3360 903 3423 Vocet.
918 3366 1020 3423 extat.

444 3459 527 3522 lbid.
541 3459 560 3520 l.
573 3463 605 3522 6.
620 3462 636 3536 ἡ
651 3461 809 3542 προφῆτις]
822 3460 937 3523 Ferme
952 3461 1105 3536 adducor,
1117 3465 1154 3523 ut
1165 3466 1275 3543 putem
1287 3461 1510 3544 reponendum

399 3580 468 3621 esse
479 3560 496 3620 ό
509 3558 670 3637 προφήτης,
682 3567 814 3642 propter
823 3560 920 3622 verba
931 3582 1002 3641 quae
1018 3568 1194 3645 sequuntur
1205 3583 1279 3645 pag.
1291 3577 1365 3643 470.
1378 3560 1434 3624 lin.
1452 3581 1507 3641 14.

400 3659 436 3722 dv
456 3661 473 3721 ό
493 3658 646 3739 προφήτης
666 3660 797 3721 συνόντα
816 3665 944 3725 πολλοῖς
965 3661 1066 3724 ἔτεσιν
1086 3664 1200 3742 ἀγνοεῖ.
1246 3661 1321 3724 Vid.
1336 3667 1403 3723 not.
1419 3660 1511 3726 infra

399 3762 439 3823 ad
455 3761 476 3824 l.
493 3781 540 3823 11.
578 3761 698 3823 Verum
712 3761 848 3824 fortasse
860 3760 984 3824 viderat
996 3760 1185 3844 Apollonius
1196 3761 1405 3846 prophetissae
1416 3782 1509 3825 rave-

400 3864 534 3927 lationos
567 3863 699 3947 aliquas,
726 3862 835 3947 quales
862 3861 1051 3925 Maximillae
1072 3862 1223 3927 attribuit
1249 3861 1447 3947 Epiphanius
1471 3861 1509 3926 in

399 3965 518 4026 Haercs.
535 3964 631 4026 xlviii.
647 3987 715 4047 cap.
736 3983 785 4028 12.
801 3970 834 4026 et
853 3983 900 4045 13.
1497 4014 1501 4018 .

445 4066 529 4128 lbid.
546 4064 566 4126 Ι.
584 4067 613 4127 8.
631 4064 654 4147 ᾧ
674 4070 878 4145 προσκυνοῦσι
901 4064 947 4126 καὶ
971 4064 1047 4146 αὐτῷ
1070 4064 1196 4144 πολλοὶ]
1226 4060 1433 4124 scribendum
1457 4063 1506 4125 vi-

401 4167 495 4229 detur
510 4167 558 4228 καὶ
573 4166 678 4237 αὐτῶν,
690 4166 722 4228 id
737 4172 788 4228 ost
803 4164 1087 4227 Montanistarum.
1104 4161 1269 4225 Vnnnsrus.
1307 4160 1354 4224 At
1367 4160 1509 4227 Rufinus

401 4264 503 4328 locum
526 4266 570 4327 sio
595 4265 736 4341 exhibet,
757 4288 843 4350 qnam
866 4266 977 4329 odorat
999 4274 1033 4327 ut
1048 4266 1156 4327 Dcnrn.
1180 4263 1312 4341 Srsorn.
1356 4260 1509 4343 Amplec-

401 4366 498 4428 tenda
518 4373 625 4428 tamen
646 4365 772 4429 videtur
794 4365 915 4429 Valesii
935 4364 1125 4428 emendatio.
1171 4363 1308 4426 Praefert
1331 4360 1419 4423 Far.
1435 4383 1509 4443 ρος.

400 4467 492 4527 unior
507 4473 591 4529 teste
607 4467 754 4529 Burtono
770 4466 869 4538 αὐτοῦ,
886 4464 997 4528 itidem
1005 4464 1107 4547 prior,
1123 4483 1219 4525 manu
1234 4460 1381 4523 secunda.

446 4562 527 4624 lbid.
543 4563 564 4626 Ι.
583 4584 633 4627 11.
647 4566 762 4627 ἀλλάό
786 4566 984 4643 ὀπισθόδομος
1005 4562 1082 4645 ἔχει]
1098 4562 1236 4624 Athenis
1254 4559 1420 4622 dicebatur
1440 4562 1509 4623 ότι-

401 4662 556 4737 αθόδομος,
570 4664 657 4727 scdos
679 4666 825 4747 quadam
847 4671 920 4748 post
941 4663 1095 4748 templum
1117 4662 1272 4725 Minervae
1295 4659 1449 4736 Poliadis,
1473 4660 1509 4723 in
