3809 5650
554 669 605 736 IN
629 674 879 739 HEGESIPPI
906 674 1211 740 FRAGMENTA.
1374 672 1437 734 265

337 838 485 902 ecodiee
507 839 664 906 Vaticano
684 842 813 926 protuli,
829 840 1008 907 cardinalis
1031 840 1137 905 Maius
1158 839 1191 904 in
1211 842 1303 905 Nova
1318 839 1437 903 Colleet.

347 939 410 1002 Vct.
437 939 637 1024 Scriptorum
659 943 719 1004 vol.
734 943 754 1006 i.
777 945 815 1005 P.
835 943 856 1006 i.
875 965 906 1026 p.
930 962 1001 1026 155.
1045 943 1195 1006 Ceterum
1219 941 1321 1005 tradit
1342 939 1440 1002 tertio

339 1038 450 1102 itidem
471 1043 587 1105 saeculo
605 1043 757 1126 Origenes
782 1043 815 1106 in
832 1043 885 1106 lib.
901 1045 941 1106 vi.
968 1043 1038 1106 cdo.
1070 1041 1188 1105 Catum
1201 1064 1231 1103 n.
1252 1061 1301 1104 11.
1347 1038 1441 1102 Dosi-

339 1139 483 1215 theanos,
507 1141 560 1223 qui
581 1164 638 1205 nee
660 1150 767 1217 antea,
788 1151 825 1206 ut
846 1143 903 1219 ait,
926 1143 1017 1206 valde
1038 1142 1220 1217 floruerant,
1244 1140 1441 1224 temporibus

340 1240 406 1303 suis
427 1243 508 1305 adeo
529 1242 692 1321 defecisse,
707 1251 745 1308 ut
763 1265 911 1306 numerus
931 1262 1041 1306 eorum
1060 1243 1102 1306 ad
1122 1242 1256 1326 triginta
1274 1242 1327 1304 vix
1347 1248 1381 1304 et
1401 1261 1441 1303 ne

340 1339 393 1402 vix
407 1341 535 1424 quidem
549 1365 715 1428 assurgere
730 1345 898 1407 diceretur.
945 1343 1117 1407 Interitum
1132 1364 1256 1427 quoque
1277 1341 1441 1405 haeretico·

341 1461 412 1503 rum
428 1440 681 1507 simonianorum
696 1451 852 1508 memorat
867 1443 983 1508 ibidem
999 1444 1163 1528 Origenes.

386 1541 424 1604 P.
447 1545 519 1606 216.
535 1543 555 1606 l.
574 1565 605 1628 3.
627 1546 698 1608 ὅθεν
721 1546 899 1623 Γορθηωνοί·
923 1545 971 1606 καὶ
994 1545 1196 1620 Μασβῶθεος,
1213 1544 1285 1607 ὅθεν
1306 1548 1442 1620 Mardu-

341 1644 429 1704 ector
465 1643 524 1705 dud
549 1645 661 1706 τούτων
688 1645 978 1726 Μενανδριανισταὶ]
1008 1643 1109 1721 (Edd.
1136 1642 1242 1726 Sept.
1269 1650 1302 1705 et
1325 1642 1443 1704 Valerii

342 1740 471 1817 habent,
490 1744 561 1805 ὅθεν
581 1744 750 1822 Γορθηωνοὶ
770 1745 819 1806 καὶ
840 1749 1052 1820 Μασβωθαῖοι,
1071 1744 1143 1806 ὅθεν
1164 1743 1223 1806 ἀπὸ
1244 1744 1357 1804 τούτων
1376 1748 1440 1804 Με-

343 1843 574 1922 vcvtpscuierci,
598 1843 652 1915 ubi
675 1842 743 1905 haec
767 1842 910 1905 Valesius
919 1844 943 1921 ι)
970 1842 1100 1906 Rectius
1122 1842 1206 1926 apud
1229 1841 1443 1923 Nicephorum

343 1938 376 2001 in
401 1962 470 2024 cap.
484 1941 535 2004 vii.
558 1941 653 2022 lib.4
681 1944 729 2005 καὶ
755 1946 897 2016 Γορθαῖος
922 1944 993 2005 ὅθεν
1018 1945 1204 2022 Γορθαιανοί·
1229 1942 1277 2004 καὶ
1306 1940 1444 2016 Μασβά-

344 2044 412 2107 otor
444 2042 516 2104 ὅθεν
548 2043 783 2118 Μασβωθεανοί·
820 2042 879 2104 ἀπὸ
917 2043 1029 2105 τούτων
1058 2041 1343 2120 Μενανδριανισταὶ,
1387 2042 1443 2102 dxc.

346 2142 449 2223 Quam
479 2142 734 2206 emendationem
767 2144 935 2208 confirmat
973 2144 1078 2208 Rufini
1109 2142 1342 2228 interpretatio.
1403 2139 1445 2202 In

346 2242 453 2307 codice
483 2242 598 2327 Regio,
630 2243 719 2305 Max.
751 2243 836 2307 Fuk.
868 2252 902 2308 et
932 2244 1004 2308 Sar.
1034 2245 1212 2325 Γοροθηυοὶε
1253 2242 1338 2326 apud
1367 2239 1444 2324 Epi-

345 2340 496 2423 phanium
517 2341 550 2404 in
565 2345 732 2405 Ancorato
754 2346 919 2422 Γοραθηνοὶ
939 2344 1105 2408 dicuntur:
1128 2345 1161 2406 in
1176 2342 1316 2407 Panario
1337 2348 1447 2403 eutem

347 2443 499 2521 Γορθηνοί.
553 2442 657 2505 Porro
686 2442 745 2505 hes
779 2442 915 2505 haereses
948 2465 988 2506 ex
1023 2451 1145 2527 septem
1174 2442 1304 2506 Judai'ci
1338 2438 1448 2525 populi

347 2541 442 2603 sectis
467 2541 621 2626 originem
647 2542 793 2616 traxisse,
819 2550 907 2605 recte
934 2543 1137 2626 Hegesippus
1162 2542 1319 2605 observat.
1364 2540 1448 2603 Nam

349 2638 532 2715 Simoniani,
547 2640 747 2716 Dositheani,
765 2641 922 2705 Gortheni
943 2650 978 2704 et
1000 2642 1122 2725 reliqua
1144 2662 1287 2704 errorum
1309 2640 1447 2712 nomina,

349 2739 427 2801 nihil
451 2740 537 2803 aliud
563 2739 692 2803 fuerunt
714 2761 810 2823 quam
836 2741 894 2804 rivi
916 2763 956 2803 ex
978 2740 1002 2803 J
1004 2742 1124 2804 udaiei
1145 2738 1207 2803 illis
1228 2740 1370 2802 sontibus
1392 2739 1447 2801 de-

348 2839 491 2902 fluentes.
537 2840 585 2903 At
601 2840 814 2904 Theodoritus
833 2841 866 2903 in
887 2840 968 2904 libro
986 2842 1013 2903 1.
1030 2841 1251 2903 haereticarum
1270 2839 1449 2902 fabularum

349 2960 418 3022 cap.
443 2959 469 3001 1.
494 2940 553 3003 has
577 2963 687 3003 omnes
709 2941 846 3004 haereses
870 2963 910 3003 ex
934 2940 1071 3004 Simonis
1096 2941 1185 3002 fonte
1208 2939 1337 3001 fluxisse
1361 2938 1452 3014 dicit,

351 3039 542 3103 Cleobianos
577 3041 708 3114 scilicet,
744 3040 970 3116 Dositheanos,
1004 3040 1195 3113 Gorthenos,
1229 3037 1451 3112 Masbotheos‚

352 3140 611 3215 Menandrianos‚
639 3139 830 3223 Eutychitas
856 3147 891 3203 et
916 3140 1075 3204 Oanistas.
1105 3141 1138 3201 ἐκ
1163 3142 1247 3215 triste
1272 3142 1323 3213 τῆς
1352 3161 1452 3215 πικρο-

351 3240 439 3318 nime
453 3241 629 3320 ἆνεφύησαν
643 3242 722 3319 ῥίζης
739 3242 919 3317 Κλεοβαυοὶ,
936 3240 1128 3310 Δοσιθεανοὶ,
1144 3237 1299 3316 Γορθηνοὶ,
1315 3236 1451 3312 Macrini-

352 3345 424 3411 θεοι,
437 3338 651 3417 Ἀδριανισταὶ,
670 3339 845 3419 Εὐτυχηταὶ,
864 3340 1019 3400 Kariatas.
1050 3337 1113 3400 Sed
1128 3358 1199 3399 eum
1214 3342 1338 3398 constet
1350 3334 1453 3417 ipsam

354 3438 571 3501 Simonianam
597 3436 742 3499 haeresim
764 3458 804 3499 ex
825 3438 972 3500 Judai'cis
998 3438 1092 3501 sectis
1116 3436 1269 3519 originem
1293 3435 1452 3510 habuisse,

352 3538 470 3602 rectius
484 3537 617 3599 dixisset
629 3536 843 3599 Theodoritus
854 3559 909 3601 eas
925 3558 1033 3600 omnes
1044 3559 1085 3599 ex
1096 3537 1118 3599 J
1119 3535 1240 3600 uda'r'ois
1252 3536 1346 3601 sectis
1357 3535 1454 3598 fuisse

352 3643 564 3719 propagatas:
591 3635 728 3700 maxime
749 3657 821 3699 cum
844 3637 990 3719 quaedam
1012 3637 1137 3699 illarum
1158 3635 1332 3711 haereseou,
1354 3635 1454 3698 Simo-

354 3735 449 3797 niaua
475 3736 666 3798 vetustiores
691 3757 760 3799 esse
785 3736 962 3812 videantur,
986 3736 1074 3799 verbi
1098 3736 1205 3819 gratia
1230 3735 1396 3798 Gorthena
1420 3739 1455 3797 et

355 3832 562 3896 Dositheana.
598 3835 763 3898 queslus.
809 3835 930 3899 Nostra
954 3834 1049 3897 leutio
1073 3833 1153 3912 (scil.
1177 3834 1225 3896 καὶ
1249 3837 1456 3909 Μασβωθαῖοι

267 3919 271 3925 ’
354 3933 425 3994 ὅθεν
452 3936 702 4010 Μασβωθαιανοὶ,
726 3934 785 3996 ἀπὸ
806 3938 919 3998 τούτων
943 3934 1231 4015 Μενανδριαυισταὶ)
1253 3938 1345 3994 extat
1369 3929 1452 4013 apud

354 4033 459 4113 Rufio.
481 4031 610 4114 Niceplt.
634 4032 800 4115 Otmstoplt.
822 4032 1022 4114 discrepante
1041 4037 1152 4092 tamen
1171 4028 1257 4112 apud
1277 4027 1337 4089 hos
1358 4026 1456 4109 scrip-

354 4138 437 4193 tura.
484 4130 630 4212 Namque
650 4129 822 4212 christoph.
837 4130 930 4191 Lecti.
951 4128 1072 4190 habent
1091 4131 1306 4204 Μασβωθαῖοι,
1321 4124 1454 4207 Niceplt.

355 4232 547 4307 Μασβῶθεος
566 4236 601 4292 et
621 4229 851 4306 Μασβοθεανοὶ,
869 4226 974 4290 Rufin.
989 4224 1186 4289 Maebutheue
1203 4232 1237 4289 et
1253 4224 1455 4307 Maedytltoni.

356 4327 389 4390 S.
408 4330 448 4389 V.
465 4327 624 4391 Semlerus
643 4334 735 4389 acute
753 4326 842 4403 vidit,
858 4325 944 4411 ipsos
961 4324 1161 4389 Ohmtianos
1175 4346 1196 4387 a
1208 4323 1232 4385 J
1234 4323 1333 4386 udaeis
1353 4322 1457 4385 dictos

355 4447 424 4488 esse
440 4433 631 4496 merum)
646 4447 703 4489 seu
717 4432 931 4489 contemtores
946 4424 1091 4488 Sabbati.
1121 4424 1198 4487 Vid.
1210 4424 1278 4509 ejus
1289 4423 1331 4486 ad
1341 4421 1457 4484 Baum-

355 4525 482 4606 garteni
498 4525 690 4589 Geschichte
710 4526 767 4587 der
786 4524 1155 4608 Religions-Partheyeu
1180 4547 1211 4608 p.
1229 4538 1300 4603 270.
1324 4522 1456 4585 Sraoru.

357 4625 495 4687 Prorsus
516 4625 710 4689 contrariam
731 4624 1030 4709 interpretationem
1056 4623 1294 4707 excogitaverat
1313 4621 1362 4684 vir
1382 4621 1456 4683 doc-

401 4745 467 4785 vot.
486 4745 509 4785 1.
869 4744 942 4785 um
