3809 5650
668 689 717 754 IN
740 690 903 753 PAPIAE
925 689 1231 755 FRAGMENTA.
1455 692 1498 753 85

401 849 472 913 dius
486 852 653 938 Prolcpom.
669 853 702 917 in
722 854 865 918 Bibliotl.
887 855 1029 931 Petraea,
1051 875 1120 938 cap.
1138 876 1170 916 x.
1193 875 1224 937 p.
1241 854 1293 932 67.
1314 852 1367 936 qui
1390 851 1498 916 omnia

399 952 588 1035 fragmenta,
605 976 675 1037 quae
695 954 833 1018 Crabius
853 954 962 1038 Papiae
984 953 1161 1038 collegerat,
1184 953 1217 1014 in
1232 951 1417 1016 Bibliotheca
1436 951 1497 1016 hac

400 1075 459 1115 sna
473 1054 591 1127 edidit3
615 1076 726 1118 vereor
738 1063 847 1119 autem
866 1063 903 1119 ut
917 1055 976 1118 viri
991 1054 1107 1118 eruditi
1122 1054 1162 1116 de
1177 1053 1345 1117 verborum
1360 1053 1445 1116 inter
1461 1075 1494 1116 se

399 1155 611 1237 repugnantia
625 1156 716 1239 plene
731 1157 955 1220 satisfecerint.

445 1254 508 1316 Sed
527 1255 595 1318 haec
609 1255 770 1320 hactenus.
815 1257 871 1320 Ad
896 1258 1017 1322 fontem
1039 1258 1194 1342 opinionis
1209 1259 1294 1342 quod
1317 1257 1437 1322 attinet
1456 1256 1497 1320 de

399 1355 604 1419 renovatione
617 1357 704 1419 orbis
718 1365 886 1433 terrarum,
903 1380 973 1441 quae
988 1359 1081 1443 longe
1091 1360 1217 1443 lateque
1232 1360 1307 1423 olim
1322 1359 1446 1442 serpsit,
1464 1365 1498 1422 et

401 1455 499 1517 etiam
513 1477 596 1519 nunc
610 1456 731 1520 diemm
751 1459 835 1521 inter
848 1458 966 1522 multos
980 1460 1155 1542 permansit
1170 1460 1345 1544 theologos,
1357 1459 1496 1523 Grabius

401 1560 477 1617 ante
501 1556 643 1619 ostendit
661 1557 702 1619 ad
718 1557 805 1641 prius
820 1579 859 1620 ex
876 1560 1001 1622 Irenaeo
1018 1559 1125 1643 Papiae
1139 1560 1363 1644 fragmentum,
1379 1560 1497 1624 invete-

401 1674 489 1716 rasse
503 1655 598 1719 istam
612 1658 697 1741 apud
712 1659 831 1741 priscos
846 1661 988 1723 Judaeos.
1024 1660 1098 1723 Vid.
1111 1682 1208 1744 supra
1218 1683 1291 1745 pag.
1308 1682 1359 1743 29.
1394 1662 1498 1724 Porro

401 1753 440 1817 cl.
460 1755 555 1819 docet
573 1757 769 1820 Moshemius
786 1759 818 1820 in
841 1781 936 1842 opere
951 1758 1066 1822 celebri
1081 1761 1132 1822 Dc
1143 1758 1240 1822 Belca
1254 1760 1497 1823 Christianorum

400 1865 471 1918 ante
484 1858 715 1921 Camertinum
729 1860 778 1922 Μ.
788 1857 867 1923 Saee.
878 1859 922 1922 iii.
940 1862 970 1939 ξ.
980 1860 1035 1942 38.
1046 1882 1076 1943 p.
1090 1878 1162 1941 721.
1177 1868 1253 1923 ante
1270 1859 1406 1943 Papiam
1418 1859 1498 1922 exti-

400 1957 478 2021 tisse
495 1958 668 2022 Chilisstas
690 1981 769 2043 quos
790 1966 915 2032 vocant,
937 1960 1022 2024 inter
1045 1961 1254 2038 Christianos,
1278 1982 1336 2023 nec
1358 1960 1499 2023 Eusebio

401 2057 497 2121 fidem
520 2059 699 2122 habendam
723 2080 800 2136 esse,
825 2060 880 2144 qui
906 2059 947 2122 ab
967 2061 1115 2144 episcopo
1142 2060 1387 2144 Hierapolitano
1410 2082 1499 2144 spem

401 2157 486 2220 mille
505 2179 660 2221 annorum
679 2161 721 2223 ad
736 2168 904 2244 sequentes
919 2162 1066 2224 doctores
1080 2183 1225 2225 manasse
1240 2161 1349 2224 tradit.
1395 2160 1499 2240 Quum

402 2257 485 2321 enim
501 2259 619 2342 Papias
634 2260 813 2343 opinionem
830 2283 894 2324 non
915 2262 1062 2345 princeps
1080 2261 1317 2345 excogitaverit,
1333 2281 1442 2323 verum
1455 2260 1497 2323 ab

401 2358 471 2421 aliis
485 2360 653 2443 acceperit,
669 2362 753 2444 quod
775 2361 842 2445 ipse
863 2384 926 2425 non
947 2362 1062 2426 reticet
1079 2362 1235 2425 Eusebius
1257 2361 1410 2438 hocloco,
1427 2383 1497 2445 per·

402 2460 545 2543 spicuam
555 2481 624 2523 esse
634 2461 681 2524 ait
692 2461 898 2538 Moshemius,
913 2470 989 2525 ante
1003 2463 1107 2545 ipsum
1114 2463 1182 2546 jam
1197 2461 1394 2526 Christianos
1410 2468 1496 2524 certe

403 2561 557 2644 quosdam
567 2583 606 2624 ea
620 2561 759 2626 imbutos
768 2562 875 2638 luisse,
890 2584 911 2625 a
925 2563 1040 2646 quibus
1054 2563 1174 2647 posteri
1185 2584 1256 2627 eam
1270 2563 1391 2626 discere
1404 2569 1498 2647 potu-

402 2662 495 2725 erint.
542 2661 656 2725 Monet
669 2663 730 2726 hoc
750 2671 906 2747 praeterea
922 2663 971 2726 vir
989 2663 1028 2726 cl.
1042 2664 1198 2728 Irenaeum
1212 2665 1282 2727 loeo
1303 2685 1324 2728 a
1338 2686 1389 2727 me
1403 2685 1501 2749 supra

403 2762 563 2846 descripto
576 2783 650 2846 pag.
664 2781 712 2825 10.
758 2763 893 2847 Papiam
903 2785 967 2826 non
982 2770 1135 2847 tanquam
1148 2771 1311 2828 auctorem
1323 2764 1417 2850 hujus
1430 2785 1500 2828 sen-

403 2864 513 2928 teutiae
530 2863 671 2938 laudare,
684 2862 740 2925 sed
762 2863 945 2927 testimonio
969 2872 1095 2928 tantum
1116 2866 1185 2948 ejus
1203 2887 1236 2927 se
1256 2865 1348 2928 tueri.
1395 2865 1500 2927 Immo
1521 2858 1525 2864 ⁴

403 2967 444 3029 ab
459 2966 528 3049 ipso
541 2963 654 3047 Papia,
663 2963 695 3026 ni
709 2963 810 3039 fallor,
821 2964 999 3049 presbyteri
1012 2964 1109 3047 aliqui
1125 2971 1277 3047 tanquam
1293 2962 1502 3026 traditionum

402 3066 535 3129 istarum
558 3073 704 3129 auctores
731 3064 820 3129 allati
838 3064 975 3128 fuerant.
1021 3063 1087 3127 Fac
1111 3071 1219 3128 autem
1248 3064 1313 3126 ista
1338 3085 1412 3126 vera
1433 3085 1502 3127 esse

404 3168 518 3243 omnia,
545 3167 578 3229 id
602 3174 710 3230 tamen
736 3164 1060 3243 animadvertendum,
1089 3164 1262 3228 Eusebium
1286 3185 1350 3227 non
1370 3163 1500 3239 dixisse,

405 3266 540 3351 Papiam
560 3265 717 3350 opinionis
736 3266 828 3328 istius
850 3269 944 3328 αἴτιον
966 3265 1122 3349 maginem,
1142 3266 1197 3328 sed
1217 3266 1373 3344 παραίτιον
1395 3264 1502 3336 fuisse,

402 3388 526 3430 caucam
549 3366 624 3430 atie
645 3367 840 3449 majaactam,
867 3375 904 3430 ut
927 3389 990 3430 vox
1014 3366 1174 3430 interdum
1196 3372 1301 3442 sonat,
1324 3386 1387 3449 quo
1408 3385 1503 3427 sensu

403 3466 463 3530 illae
478 3488 603 3552 quoque
622 3468 772 3534 ouvalrsoe
795 3474 828 3530 et
851 3469 999 3546 μεταίτιος
1023 3468 1098 3551 poni
1123 3468 1245 3541 solent;
1270 3467 1360 3550 cujus
1375 3465 1503 3550 quidem

404 3568 578 3632 notationis
591 3567 769 3653 exemplum
784 3568 875 3632 dabit
887 3568 1086 3652 Epiphanius
1099 3569 1170 3631 ada.
1181 3569 1326 3641 Hermes,
1337 3565 1426 3629 Haer.
1438 3565 1504 3628 xlii.

403 3691 433 3753 p.
452 3671 526 3754 368.
547 3671 595 3732 ed.
614 3670 748 3745 Patavii,
764 3670 818 3732 ubi
838 3669 927 3753 legis,
948 3677 1106 3752 quatenus
1126 3668 1254 3731 moralis
1272 3674 1331 3742 est,
1355 3668 1502 3730 observa·

404 3769 522 3833 tionem
547 3773 703 3850 παραίτιον
728 3770 841 3834 salutis
865 3770 1016 3854 appellat,
1043 3769 1103 3833 hoc
1128 3769 1272 3853 proxime
1287 3774 1362 3852 post
1378 3767 1502 3844 addito,

404 3870 497 3934 fidem
522 3870 555 3932 in
576 3870 739 3934 Christum
764 3871 796 3932 in
820 3869 932 3934 eadem
952 3868 1021 3954 lege
1044 3870 1231 3953 praedictam
1250 3890 1329 3944 esse,
1350 3868 1418 3930 sine
1441 3888 1504 3949 qua

403 3991 497 4034 nemo
520 3970 689 4053 justificari
715 3970 826 4054 possit.
871 3969 1006 4046 Deinde,
1030 3970 1114 4053 quod
1148 3969 1321 4032 maximum
1344 3974 1405 4041 est,
1427 3987 1499 4028 eum

404 4070 541 4134 omnium
574 4078 756 4134 nostrorum
789 4071 990 4154 scriptorum,
1025 4070 1079 4152 qui
1115 4068 1294 4131 istiusmodi
1327 4066 1403 4149 quid
1434 4066 1506 4129 lite-

403 4170 447 4233 ris
480 4171 729 4255 consignassent,
762 4171 810 4234 vel
840 4171 888 4234 ita
919 4170 1056 4233 «loannis
1089 4165 1307 4251 Apocalypsin
1342 4163 1504 4248 exposuis-

403 4278 486 4347 sent,
509 4272 748 4356 antiquissimus
774 4272 870 4337 fuerit
886 4271 1024 4355 -Papias,
1050 4270 1117 4332 dux
1146 4268 1245 4350 igitur
1265 4273 1363 4349 atque
1392 4272 1507 4329 auctor

402 4373 473 4436 aliis
486 4373 581 4457 hujus
595 4374 736 4437 fovendae
752 4373 919 4437 sententiae
932 4373 973 4436 de
986 4390 1084 4455 regno
1100 4367 1222 4432 Christi
1234 4367 1341 4451 aliqua
1355 4389 1396 4430 ex
1411 4373 1504 4451 parte

404 4472 502 4535 videri
517 4481 635 4556 posset.

447 4572 485 4636 P.
503 4593 551 4658 13.
566 4574 587 4636 l.
601 4589 631 4657 7.
655 4573 820 4657 διηγήσεις]
855 4574 956 4636 Recte
979 4571 1145 4635 Musculus
1168 4570 1376 4633 mannaan
1399 4568 1507 4632 vertit.

405 4674 479 4738 Hoc
500 4674 584 4737 enim
606 4696 700 4739 sensu
723 4676 873 4755 διηγήσεις
894 4680 1029 4758 usurpat
1044 4671 1203 4737 Eusebius
1221 4691 1285 4734 non
1300 4668 1406 4734 semel.
1454 4667 1507 4730 Sic
