3809 5650
557 700 607 764 IN
631 698 774 764 EPIST.
799 700 1071 765 MARTYRUM
1097 698 1307 765 LUGDUN.
1417 698 1479 770 291

384 879 451 935 tum
465 896 474 946 ;
489 889 563 936 nam
578 880 726 956 rogatum
736 871 862 956 quidem
871 872 967 937 fuisse
979 894 1051 936 eum
1062 894 1083 937 a
1093 870 1287 956 martyribus
1298 878 1333 935 et
1342 856 1482 935 ab'bmui

383 974 467 1037 elero
482 972 702 1059 Lugdunensis
717 972 865 1050 eoolesiae,
877 981 914 1037 ut
929 974 1055 1039 litteras
1069 974 1209 1058 ipsorum
1220 974 1263 1037 ad
1275 972 1485 1037 Eleutherum

383 1074 531 1148 deferret,
557 1075 651 1159 idque
680 1075 785 1159 ipsum
812 1096 846 1139 se
874 1075 1034 1139 facturum
1060 1073 1252 1160 promisisse,
1279 1095 1387 1138 verum
1412 1094 1485 1139 eum

386 1175 516 1241 Pothini
533 1176 671 1261 episcopi
693 1198 779 1241 mors
798 1178 968 1242 subseouts
989 1186 1083 1254 osset,
1100 1177 1257 1241 Irenaeum
1276 1175 1309 1240 id
1332 1182 1485 1261 praestare

386 1300 448 1340 non
470 1278 612 1362 potuisse
623 1306 631 1353 ;
655 1287 767 1363 postes
788 1300 863 1343 vero
879 1279 1107 1364 Lugdunenses
1128 1278 1246 1343 tratres
1267 1277 1486 1363 perseeutione

385 1379 476 1443 finita
486 1381 529 1444 ad
539 1380 748 1444 Eleutherum
759 1381 886 1444 easdem
900 1380 1026 1445 litteras
1040 1380 1192 1466 adjuneta
1206 1403 1265 1444 sus
1279 1380 1415 1465 epistola
1428 1400 1487 1465 per

385 1482 481 1545 alium
501 1479 668 1566 'quendam
697 1481 827 1560 misisse,
852 1482 976 1546 Irenaeo
999 1482 1067 1565 jam
1093 1482 1240 1567 episeopo
1262 1482 1358 1547 laeto.
1402 1483 1487 1546 Hoeo

386 1591 514 1674 quidem
530 1590 692 1664 Valesius;
719 1611 791 1653 eum
811 1610 887 1654 vero
903 1590 1017 1654 Irenaei
1038 1589 1102 1654 iter
1120 1610 1231 1653 revera
1250 1588 1370 1653 laetum
1390 1588 1487 1653 lusisse

387 1692 543 1755 Eusebius
558 1692 638 1756 satis
653 1700 764 1775 aperte
783 1691 948 1775 signifieet‚
966 1691 1243 1776 Hieronymusque
1257 1691 1309 1754 De
1331 1690 1416 1753 Viris
1430 1689 1487 1754 Ill.

386 1817 456 1878 eap.
472 1816 568 1858 xxxv.
583 1794 667 1857 idem
683 1793 801 1857 diserte
812 1793 960 1868 affirmet,
972 1794 1114 1857 rationes
1128 1792 1257 1877 quidem
1271 1791 1378 1855 allstae
1392 1790 1488 1855 fidem

387 1896 415 1958 oi
430 1897 555 1960 demere
570 1896 656 1959 haud
672 1894 787 1959 volent.
833 1894 944 1979 Neque
959 1895 1053 1958 aliter
1067 1894 1210 1958 sentiunt
1226 1894 1343 1957 Casius
1357 1892 1392 1956 iu
1413 1892 1485 1957 Vis.

391 1999 458 2062 PP.
476 1996 613 2082 Apostol.
631 1995 809 2081 annagius
820 1995 852 2058 in
864 1994 1050 2073 Annalibus,
1060 1995 1103 2059 ad
1114 2016 1166 2059 an.
1180 2011 1250 2076 177.
1290 1995 1490 2059 Massuetus·

386 2121 423 2162 ve
439 2098 567 2163 Dissert.
583 2099 618 2162 in
634 2098 789 2162 [restrum
804 2098 835 2161 ii.
853 2101 928 2162 Art.
949 2100 1063 2160 1—16.
1099 2097 1180 2160 Rom
1194 2096 1325 2161 dubiam
1338 2096 1490 2181 relinquit

388 2200 612 2265 'l'illemontius
635 2202 761 2264 dianes.
783 2200 868 2264 Ecol.
891 2207 968 2264 tom.
989 2199 1031 2263 iii.
1054 2198 1088 2262 S.
1111 2199 1233 2271 lrenee,
1251 2200 1326 2262 Art.
1343 2218 1374 2283 3.
1389 2220 1420 2283 p.
1435 2199 1488 2283 36.

389 2299 604 2384 Hieronymus
618 2321 693 2362 vero
707 2299 727 2361 l.
740 2321 767 2363 o.
782 2299 827 2363 sio
842 2299 970 2363 soribit:
994 2298 1133 2363 Irsaoess
1144 2298 1273 2362 Pothini
1286 2299 1424 2385 episcopi,
1436 2300 1491 2384 φή

388 2402 614 2484 Lupdunessem
627 2402 662 2465 ts
681 2402 791 2465 Gallia
813 2400 930 2486 repebat
948 2401 1112 2476 seelestam,
1122 2399 1289 2484 presbyter,
1305 2423 1327 2464 a
1345 2401 1492 2485 mortyss'·

388 2502 440 2565 dns
454 2503 582 2584 qaam
597 2503 654 2566 lost
667 2502 701 2566 ol
722 2504 870 2588 quosdam
888 2503 1018 2566 smbsioe
1038 2503 1216 2586 questiones
1237 2502 1349 2586 tapetas
1363 2504 1492 2567 Romam

388 2605 504 2680 sitisses,
525 2605 703 2688 toswrifisss
724 2607 951 2690 superposuisse
972 2626 1025 2668 rso
1046 2605 1091 2667 ad
1103 2604 1302 2668 staterem
1322 2606 1493 2690 spisoopam

385 2708 502 2790 perstet
516 2706 628 2770 literas.
666 2708 778 2771 Postea
784 2708 856 2790 jorn
869 2707 1002 2771 Portas
1009 2729 1107 2792 prope
1119 2709 1322 2792 aonaposorio
1336 2706 1371 2771 od
1386 2708 1492 2773 Ctn's-

388 2818 452 2872 tam
465 2810 616 2892 saastyrs'o
631 2819 780 2887 rorante,
793 2810 826 2873 in
841 2809 936 2873 boam
950 2809 1014 2892 ejas
1027 2807 1227 2873 substituitur.

431 2912 468 2975 P.
481 2910 583 2991 287.l.
594 2914 623 2975 6.
640 2938 678 2976 σε
693 2915 728 2975 ἐν
743 2917 836 2976 πᾶσιν
848 2913 997 2995 εὐχόμεθα
1007 2914 1055 2975 καὶ
1071 2912 1130 2997 ἀεὶ]
1147 2912 1248 2975 Deest
1263 2937 1299 2975 σε
1314 2911 1347 2974 in
1362 2912 1494 2976 Musas

389 3014 479 3077 Bodt.
494 3020 528 3078 et
543 3014 683 3099 Norsolc.
699 3021 733 3077 et
749 3017 783 3077 ἑν
793 3015 879 3098 apud
895 3013 1024 3098 Nieepll.
1058 3013 1169 3077 Vertit
1181 3012 1325 3090 Rufinus,
1337 3019 1494 3099 tauquam

388 3117 414 3180 si
438 3116 532 3179 πάλιν
555 3138 613 3201 pro
638 3118 672 3180 ἐν
695 3122 788 3180 πᾶσιν
811 3115 949 3201 legisset,
973 3115 1034 3179 hoo
1060 3115 1164 3190 mode,
1188 3114 1295 3179 Valere
1319 3124 1346 3179 ts
1372 3119 1406 3179 is
1428 3115 1496 3181 Deo

387 3218 504 3281 iterum
527 3226 556 3280 st
577 3238 693 3303 semper
713 3227 859 3303 optemus.
903 3216 1044 3301 Jamque
1065 3216 1177 3280 resolvi
1202 3221 1316 3280 extare
1341 3216 1435 3282 πάλιν
1460 3217 1494 3282 in

388 3319 474 3382 sodet.
490 3320 630 3404 Norsob.
645 3330 770 3405 atroque
785 3320 965 3384 Florentino
979 3327 1022 3396 et,
1038 3324 1123 3383 teste
1140 3319 1297 3394 Rurtono,
1312 3319 1423 3383 Paris.
1446 3337 1472 3383 1.

435 3421 518 3485 Ibid.
534 3421 628 3503 πάτερ
642 3421 819 3508 Ἐλεύθερε]
843 3422 952 3488 (lodex
977 3424 1055 3508 lleg.
1073 3423 1157 3487 Mas.
1179 3435 1213 3487 et
1236 3421 1353 3486 Fukst.
1374 3421 1496 3487 habent

389 3525 558 3604 Ἐλεύθερε,
575 3524 690 3606 quibus
712 3525 871 3589 consentit
886 3524 1084 3610 Nioepborus
1104 3531 1139 3589 et
1155 3525 1298 3589 Rufinus.
1345 3523 1428 3590 Sunt
1447 3532 1497 3590 ta-

391 3646 462 3688 men
485 3625 539 3708 qui
561 3625 646 3690 huno
669 3627 852 3710 pontificem
866 3628 1047 3693 Romanum
1068 3627 1289 3692 Eleutherium
1310 3627 1496 3704 nominant;

393 3726 477 3789 inter
499 3748 579 3809 quos
602 3735 652 3793 est
668 3728 867 3813 Nicephorus
882 3729 1075 3794 Patrisrchn
1096 3729 1161 3794 GP.
1178 3730 1210 3791 iu
1233 3728 1497 3814 Chronogmphia

392 3827 567 3911 tripertita,
583 3850 679 3912 quam
695 3830 889 3894 Anastasius
909 3830 1170 3895 bibliothecarius
1191 3828 1306 3894 Latine
1324 3830 1440 3894 vertit:
1463 3836 1497 3894 et

392 3929 548 4013 Georgius
563 3930 737 4015 Synoellus‚
753 3938 892 3995 etvetus
907 3932 1065 4017 interpres
1082 3931 1198 3995 lrenaei
1212 3932 1245 3994 in
1259 3931 1314 3994 lib.
1326 3931 1371 3994 iii.
1383 3937 1498 3996 eontra

393 4031 530 4094 haereses
546 4034 588 4114 (o.
605 4035 664 4116 3.).
711 4031 813 4096 Porro
828 4031 861 4094 in
877 4031 986 4095 oodiee
1001 4031 1087 4095 Maz.
1103 4053 1141 4095 ae
1158 4031 1316 4095 Medieaeo
1333 4038 1409 4095 ante
1428 4031 1497 4098 haeo

393 4131 490 4195 verba
504 4133 622 4214 χαίρειν
637 4135 672 4195 ἐν
687 4134 757 4217 Θεῷ
773 4158 810 4196 σε
827 4134 882 4196 &a
899 4132 994 4216 paulo
1009 4133 1182 4219 majoribus
1196 4132 1317 4207 literis;
1342 4133 1374 4195 in
1391 4134 1496 4198 Medi-

393 4253 459 4296 oaeo
474 4232 571 4296 etiam
585 4232 727 4297 miniatis
741 4232 893 4297 scribitur
907 4234 1064 4313 ἐπιστολὴ,
1077 4234 1181 4318 spatio
1196 4234 1357 4317 utrimque
1368 4233 1496 4299 relieto:

394 4342 430 4398 ut
454 4341 588 4398 notetur
611 4334 694 4398 hane
723 4357 792 4400 esse
821 4334 989 4420 epistolam
1019 4343 1196 4420 martyrum
1224 4335 1497 4419 Lugdunensium.

393 4440 561 4500 Vsnssrus.
598 4434 850 4519 lmprimendum
864 4445 1033 4501 eumverut
1050 4439 1092 4502 R.
1105 4436 1208 4522 Sept.
1218 4436 1400 4518 Ἐλευθέριε,
1412 4437 1499 4521 quod

393 4536 528 4601 mutavit
545 4536 711 4600 Valesius:
736 4545 769 4601 et
789 4538 820 4601 in
841 4560 906 4601 uno
925 4539 1039 4603 saltem
1059 4563 1099 4604 ex
1120 4539 1243 4603 duobus
1263 4537 1390 4622 seriptis
1408 4539 1497 4617 meis,

393 4638 444 4701 hie
466 4646 516 4702 est
539 4639 637 4703 Ssoil.
656 4662 711 4702 seu
734 4639 822 4703 Bodl.
843 4639 961 4724 legitur
975 4641 1145 4722 Ἐλεύθερε.
1191 4638 1295 4703 Addit
1317 4661 1400 4704 nune
1417 4642 1497 4705 Bur-

394 4749 489 4804 tonus
504 4740 588 4804 codd.
605 4741 699 4825 Nosf.
715 4742 788 4826 naq.
807 4742 914 4805 Paris.
935 4762 961 4804 1.
985 4742 1082 4806 Veast.
1100 4742 1353 4825 Florattiaosqsa

882 4862 970 4927 spa
