3809 5650
509 627 623 699 mni
877 622 1184 731 Prummu

509 823 751 932 pertinaces,
769 822 879 902 inter
898 820 979 903 alia
998 822 1052 903 de
1073 823 1349 928 interpretum
1372 820 1560 928 ejusdem

508 956 699 1064 Origenis
710 955 905 1063 ambigua
915 956 1000 1038 fide
1012 955 1289 1036 mussitantes
1304 954 1453 1043 Postea
1463 983 1561 1041 vero

508 1089 597 1199 ipsa
615 1116 785 1198 quoque
810 1087 959 1170 Graeca
978 1089 1182 1194 origenis,
1199 1087 1241 1167 in
1261 1089 1415 1195 quibus
1434 1088 1561 1170 allata

508 1236 571 1306 est
590 1252 675 1305 una
694 1252 746 1304 ex
765 1223 929 1304 duabus
949 1221 1031 1304 illis
1052 1224 1205 1330 Ignatii
1225 1222 1368 1326 ῥήσεσι,
1388 1224 1559 1306 inventa

507 1360 613 1440 etin
635 1356 781 1466 vulgus
803 1358 916 1438 edita
939 1371 1063 1450 sunt3
1092 1370 1220 1465 atque
1246 1357 1343 1439 inde
1362 1358 1476 1439 crisis
1496 1371 1560 1439 est

508 1494 718 1575 Pearsonii
740 1493 960 1601 insigniter
979 1493 1154 1573 firmata.
1217 1492 1275 1573 Et
1293 1493 1367 1600 qui
1385 1493 1559 1601 scriptor

507 1628 677 1736 Origeni
700 1628 919 1709 videbatur
938 1655 1026 1708 esse
1046 1628 1246 1734 Ignatius,
1265 1628 1446 1709 eundem
1466 1657 1560 1738 pro-

505 1764 616 1845 fecto
654 1764 836 1846 dicerem
875 1790 1037 1872 semper
1074 1761 1177 1843 mihi
1211 1762 1299 1843 fore
1333 1763 1558 1870 ignatium,

506 1897 639 1978 donec
668 1894 750 1979 tela
778 1896 821 1976 in
852 1923 919 1976 eas
947 1893 1143 2003 epistolas
1162 1923 1260 1977 cusa
1287 1897 1446 1978 fuerint
1469 1899 1552 1979 for-

508 2028 624 2125 tiora,
647 2056 775 2137 quam
804 2039 904 2108 sunt
930 2042 1070 2110 vetera
1098 2028 1170 2110 illa
1198 2046 1273 2111 aut
1300 2059 1418 2112 nova.
1477 2032 1558 2112 Sed

507 2164 561 2245 ad
586 2162 845 2273 propositum
873 2178 1068 2245 revertor.
1129 2167 1181 2246 In
1214 2165 1359 2247 Grabii
1389 2166 1558 2248 Schedis

507 2299 625 2382 MSS.
646 2301 707 2399 (in
732 2300 885 2408 quibus
904 2302 1039 2409 posita
1065 2316 1184 2383 erant
1212 2303 1300 2413 ipsa
1322 2302 1394 2384 illa
1413 2304 1559 2410 Orige-

508 2435 633 2516 niana
652 2462 748 2516 cum
774 2435 1051 2517 Benedictino
1070 2437 1262 2545 Origenis
1285 2439 1445 2519 editore
1467 2438 1559 2520 feli-

508 2569 612 2651 citer
649 2570 971 2677 communicata)
1011 2568 1142 2652 multa
1184 2584 1329 2653 extant
1367 2572 1557 2679 ampliori

509 2704 729 2814 Spicilegio
749 2707 815 2787 SS.
832 2707 1006 2787 Patrum
1026 2707 1241 2787 commoda
1267 2719 1310 2788 et
1334 2708 1464 2805 utilia,
1484 2710 1558 2791 sed

508 2852 649 2921 tamen
672 2869 804 2951 pauca
832 2842 886 2923 ad
915 2869 1028 2922 meos
1056 2854 1255 2937 auctores,
1275 2843 1349 2950 qui
1374 2843 1461 2924 fere
1486 2843 1558 2925 de-

507 2975 661 3084 perditi
687 2989 797 3072 sunt,
817 2977 1059 3086 spectantia,
1078 2987 1121 3057 et
1150 2977 1193 3057 in
1224 2975 1289 3057 his
1308 2975 1373 3058 vel
1398 2980 1557 3086 paucis-

507 3111 620 3207 sima,
640 3140 735 3220 quae
755 3113 943 3193 nondum
964 3109 1098 3194 lucem
1119 3112 1420 3220 conspexerint.

565 3244 670 3326 Haec
688 3245 917 3352 generatim
942 3246 996 3326 de
1014 3246 1231 3354 Operibus,
1251 3246 1293 3326 in
1318 3247 1471 3354 quibus
1491 3246 1557 3329 vel

509 3376 760 3474 indicantur,
791 3377 856 3459 vel
883 3392 1189 3476 conservantur,
1217 3392 1435 3462 auctorum
1463 3380 1558 3463 reii-

508 3511 643 3618 quiae3
673 3524 871 3621 superest,
890 3527 940 3594 ut
968 3513 1170 3595 nonnulla
1195 3515 1330 3596 dicam
1354 3515 1407 3596 de
1433 3515 1558 3596 libro-

508 3672 604 3725 rum
638 3645 958 3756 Exemplaribus
987 3649 1166 3757 Scriptis,
1199 3678 1222 3732 e
1255 3649 1408 3758 quibus
1441 3650 1557 3757 prius

509 3779 622 3861 edita
636 3781 839 3890 corrigere
854 3783 954 3864 mihi
971 3812 1209 3866 concessum
1224 3797 1297 3866 est.
1332 3784 1557 3867 Codicibus

508 3914 607 3995 satis
640 3915 785 3997 multis
818 3917 1135 4015 Oxoniensibus,
1164 3919 1267 4028 quin
1297 3918 1424 4000 etiam
1454 3917 1557 4015 aliis,

508 4077 608 4130 usus
627 4078 732 4132 sum.
781 4049 1017 4132 Reservatis
1036 4063 1177 4133 autem
1192 4052 1338 4133 ceteris
1353 4052 1557 4147 omnibus,

508 4183 642 4265 donec
678 4185 732 4265 ad
770 4199 958 4267 auctores
1000 4186 1108 4294 ipsos
1145 4185 1240 4296 plus
1281 4187 1420 4267 minus
1457 4187 1556 4267 inde

508 4317 749 4400 emendatos
763 4319 980 4416 devenero,
991 4318 1038 4411 in
1050 4320 1203 4427 quibus
1218 4315 1556 4416 eminentMaxi-

507 4450 565 4531 mi
586 4453 651 4533 De
670 4453 855 4534 Materia
876 4456 1176 4562 Fragmentum
1194 4467 1237 4537 et
1256 4457 1436 4535 Patrem
1450 4454 1554 4562 Epi·
