3809 5650
671 655 723 717 IN
750 655 907 718 PAPIAE'
934 655 1252 719 FRAGMENTA.
1470 657 1510 719 e]

412 822 510 885 Unde
530 830 666 900 uouebat,
684 824 895 910 Polycarpum
919 847 1044 910 quoque
1064 824 1261 890 oonsuevisee
1279 826 1347 892 τοὺς
1370 825 1517 893 οὐτοπτδς

410 923 531 989 Christi
546 925 729 1010 frequenter
741 925 839 1003 odire,
849 932 948 1012 etque
960 948 1121 991 sermones
1135 948 1244 990 eorum
1260 933 1374 1010 posteo
1388 926 1515 1003 referre,

409 1047 473 1088 nou
492 1033 620 1091 tentum
641 1028 763 1112 seuipto
777 1049 886 1091 eorum
907 1029 1012 1113 legere
1031 1050 1069 1092 οο
1083 1030 1268 1113 ρτοάνοοτο,
1284 1029 1369 1111 quod
1388 1027 1515 1112 quidem

409 1136 566 1210 praeteree
581 1126 728 1193 viridem
743 1128 962 1193 sanctissimus
976 1129 1116 1193 maxime
1131 1150 1202 1193 eum
1218 1127 1421 1192 veneratione
1440 1128 1515 1193 feeit

409 1226 443 1289 in
468 1228 612 1312 epistola,
643 1251 714 1314 quoe
744 1237 897 1313 superest.
952 1230 1067 1294 Posuit
1097 1230 1164 1315 ipse
1194 1252 1319 1314 quoque
1351 1230 1515 1315 apostolus

409 1328 538 1405 Paulus,
570 1331 629 1411 ἄρα
658 1332 723 1406 οὖν,
750 1333 888 1410 ἀδελφοὶ,
916 1330 1042 1409 στήκετε
1067 1333 1115 1395 καὶ
1146 1338 1279 1412 κρατεῖτε
1305 1335 1358 1398 τδς
1382 1334 1511 1411 παραδό-

408 1455 482 1507 σεις,
514 1432 549 1498 δς
580 1431 752 1514 ἐδιδάχθητε
779 1436 837 1496 εἴτε
868 1435 917 1496 διδ
941 1435 1045 1513 λόγου,
1079 1435 1137 1496 εἴτε
1169 1432 1205 1496 δι’
1237 1436 1397 1511 ἐπιστολῆς
1421 1434 1512 1513 ἡμῶν.

410 1549 427 1596 2
448 1532 551 1597 Thess.
566 1532 597 1596 ii.
617 1553 665 1616 15.
712 1535 938 1597 Verumtamen
955 1533 1015 1598 hoe
1030 1556 1090 1618 pro
1105 1542 1194 1599 serto
1213 1535 1394 1599 habendum
1410 1544 1471 1612 est,
1486 1535 1513 1599 si

408 1630 561 1694 auxilium
584 1630 676 1696 nobis
699 1641 851 1717 uegetum
878 1640 963 1697 esset
988 1654 1151 1697 sacrorum
1171 1634 1336 1710 librorum,
1362 1634 1415 1718 qui
1441 1636 1513 1700 Deo

406 1734 592 1817 providente
614 1757 685 1799 eum
709 1736 818 1820 scripti
842 1734 918 1809 siut,
940 1743 1010 1799 tum
1033 1736 1076 1798 ed
1099 1749 1227 1820 postera
1249 1742 1396 1819 tempore
1418 1736 1509 1801 deve-

407 1834 522 1912 nerint,
530 1836 634 1900 minus
648 1838 741 1901 fiune
755 1844 788 1902 et
798 1837 922 1901 stabilis
936 1837 1020 1901 foret
1032 1836 1289 1900 Christianorum
1300 1836 1389 1908 fides,
1401 1835 1512 1903 innixo

406 1936 633 2002 traditionibus
655 1938 839 2023 apostolicis
861 1939 982 2025 scripto
1004 1938 1165 2003 mandetis
1187 1960 1207 2002 o
1227 1938 1389 2023 quibusvis
1412 1938 1512 2003 homi·

406 2039 499 2102 nibus
518 2047 636 2123 praeter
656 2040 775 2124 primos
790 2041 873 2106 illius
885 2041 957 2105 fidei
973 2063 1145 2127 praecones.
1188 2041 1316 2125 Quippe
1330 2039 1511 2106 firmissima

406 2141 546 2203 omnium
568 2150 618 2205 est
639 2141 783 2219 traditio,
807 2164 877 2225 ques
900 2143 942 2206 eb
969 2143 1090 2228 origine
1112 2143 1219 2206 divino
1243 2142 1407 2206 evidenter
1427 2150 1510 2219 orte,

406 2241 438 2304 iu
459 2241 598 2305 fidolium
614 2243 741 2327 seriptis
760 2265 818 2328 per
835 2243 959 2330 singule
972 2245 1087 2309 saeeule
1102 2245 1229 2329 integre
1252 2253 1286 2308 et
1307 2242 1430 2307 illibate
1452 2245 1509 2308 de·

406 2343 515 2408 ourrit.
543 2343 606 2406 Sed
620 2343 688 2407 haeo
703 2343 867 2408 haetenus.
901 2344 934 2409 Is
945 2345 1013 2429 ipse
1026 2345 1153 2430 Papias,
1166 2353 1251 2410 teste
1262 2345 1345 2409 infre
1360 2344 1508 2422 Eusebio,

406 2468 500 2530 opere
514 2446 547 2508 in
563 2468 620 2509 suo
635 2447 721 2511 houd
737 2469 811 2510 roro
827 2447 858 2511 S.
872 2447 1046 2531 Scripturae
1062 2446 1247 2511 testimonie
1261 2447 1426 2510 attulerat.

449 2549 488 2610 P.
503 2548 533 2611 8.
549 2547 569 2611 l.
580 2568 609 2631 9.
627 2549 675 2611 καὶ
689 2549 859 2632 μενούσης]
879 2548 1030 2632 Papianis
1050 2549 1209 2612 Eusebius
1231 2548 1412 2632 subjunxit:
1436 2549 1510 2612 ἔνθα

406 2649 454 2712 καὶ
465 2651 623 2727 ἐπιστῆσαι
635 2650 719 2728 άξιον
734 2650 778 2716 δὶς
792 2654 1018 2731 καταριθμοῦντι
1034 2649 1111 2734 αὐτῷ
1132 2650 1167 2712 τὸ
1181 2647 1324 2713 Ἰωάννου
1339 2652 1443 2728 ὄνομα·
1467 2651 1510 2713 ὧν

405 2751 523 2830 τὸνμὲν
537 2753 682 2832 πρότερον
696 2751 802 2835 Πέτρῳ
818 2753 866 2814 καὶ
877 2751 1012 2837 Ἰακώβῳ
1029 2751 1077 2813 καὶ
1092 2752 1237 2836 Ματθαίῳ
1253 2751 1301 2813 καὶ
1316 2750 1378 2816 τοῖς
1391 2756 1509 2817 λοιποῖς

405 2854 585 2918 ἀποστόλοις
612 2852 842 2933 συγκαταλέγει,
869 2859 975 2934 σαφῶς
995 2858 1093 2932 δηλῶν
1119 2852 1172 2916 τδν
1196 2850 1423 2932 εὐαγγελιστήν·
1454 2852 1509 2915 τδν

404 2951 427 3015 δ’
452 2954 553 3032 ἕτερον
571 2950 716 3029 ’Ῑωάννην
736 2956 909 3020 διαστείλας
927 2954 979 3017 τὸν
998 2955 1102 3034 λόγον,
1128 2952 1240 3032 ἑτέροις
1265 2954 1346 3031 παρὰ
1369 2950 1422 3012 τὸν
1449 2956 1508 3015 τῶν

405 3054 584 3115 ἀποστόλων
607 3054 732 3133 ἀριθμὸν
753 3053 945 3129 κατατάσσει,
964 3051 1113 3134 προτάξας
1137 3053 1226 3116 αιίτοῢ
1246 3052 1300 3114 τὸν
1318 3051 1506 3131 Ἀριστίωνα.

404 3159 508 3234 σαφῶς
531 3178 563 3216 τε
588 3155 678 3217 αὐτὸν
700 3158 905 3236 πρεσβύτερον
927 3154 1073 3233 ὀνομάζει.
1097 3156 1135 3220 ὥς
1156 3154 1204 3216 καὶ
1229 3156 1276 3215 διδ
1300 3154 1411 3215 τούτων
1435 3154 1507 3216 ἀπο-

404 3256 572 3318 δείκνυσθαι
586 3256 641 3332 τὴν
655 3256 788 3336 ἱστορίαν
808 3258 914 3334 άληθῆ,
931 3262 990 3319 τῶν
1006 3258 1057 3320 δάο
1074 3258 1147 3318 κατδ
1162 3255 1216 3332 τὴν
1229 3252 1340 3316 Ἀσίαν
1355 3255 1507 3338 ὁμωνυμίᾳ

405 3360 567 3438 κεχρῆσθαι
590 3359 756 3437 εἰρηκότων,
782 3359 834 3420 δάο
858 3382 889 3421 τε
915 3360 949 3421 έν
968 3355 1093 3442 Ἐφέσῳ
1117 3355 1260 3438 γενέσθαι
1282 3353 1428 3433 μνήματα.
1459 3356 1507 3418 καὶ

405 3457 545 3538 ἑκάτερον
558 3456 700 3522 Ἰωάννου
721 3459 764 3521 έτι
785 3464 839 3522 νῦν
853 3459 1009 3539 λέγεσθαι·
1029 3460 1072 3525 οῐς
1093 3460 1141 3521 καὶ
1161 3460 1325 3538 ἀναγκαῖον
1344 3456 1507 3539 προσέχειν

403 3558 455 3621 τδν
470 3563 551 3622 νοῢν.
576 3559 655 3625 εἰκδς
669 3563 727 3641 γὰρ
743 3560 795 3622 τὸν
810 3562 958 3638 δεύτερον,
977 3563 1004 3622 εἰ
1017 3559 1057 3640 μή
1072 3584 1114 3625 τις
1130 3559 1231 3622 έθέλοι
1243 3558 1295 3620 τδν
1310 3562 1435 3637 πρῶτον,
1452 3557 1506 3634 τὴν

404 3662 448 3723 ἐπ’
463 3662 609 3739 ὀνόματος
622 3660 793 3741 φερομένην
806 3660 948 3725 Ἰωάννου
966 3660 1178 3743 Ἀποκάλυψιν
1194 3659 1364 3741 ἑωρακέναι.
1410 3660 1469 3722 Καὶ
1488 3661 1504 3720 ὁ

403 3764 456 3823 νῦν
475 3762 508 3824 δὲ
530 3763 600 3841 ἡμῖν
620 3763 801 3840 δηλοάμενος
822 3764 951 3840 Παπίας,
968 3764 1036 3828 τοὺς
1049 3764 1105 3840 μὲν
1120 3767 1178 3823 τῶν
1199 3762 1378 3824 ἀποστόλων
1394 3761 1506 3841 λόγους

402 3865 483 3941 παρδ
493 3867 552 3925 τῶν
561 3863 661 3929 αὐτοῖς
674 3865 978 3943 παρηκολουθηκότων
992 3865 1139 3944 ὁμολογεῖ
1151 3862 1380 3943 παρειληφέναι.
1402 3859 1504 3940 Ἀρισ-

401 3962 505 4027 τίωνος
526 3964 558 4026 δὲ
581 3964 630 4026 καὶ
652 3968 704 4026 τοῦ
725 3963 927 4044 πρεσβυτέρου
948 3962 1100 4035 Ἰωάννου,
1125 3963 1269 4041 αὖτήκοον
1296 3960 1402 4024 ἑαυτὸν
1428 3961 1504 4039 φησὶ

401 4061 551 4142 γενέσθαι.
578 4065 723 4143 ὀνομαστὶ
751 4069 824 4146 γοῦν
850 4065 998 4130 πολλάκις
1025 4064 1121 4126 αὐτῶν
1145 4065 1363 4141 μνημονεύσας,
1388 4064 1421 4124 έν
1443 4066 1503 4127 τοῖς

402 4164 490 4227 αὐτοῦ
515 4165 727 4246 συγγράμμασι
749 4168 866 4244 τίθησιν
881 4164 978 4228 αὐτῶν
997 4166 1184 4244 παραδόσεις.
1224 4160 1337 4240 Quibus
1358 4162 1392 4224 ιἰι
1407 4159 1504 4225 verbio

401 4263 482 4327 illud
493 4267 585 4329 etiam
593 4264 808 4329 οδιονοαοάιιυι
822 4276 873 4338 est,
891 4263 982 4328 διὀαδ
993 4286 1024 4327 oo
1036 4264 1168 4348 positum
1179 4285 1237 4327 esse
1246 4283 1349 4325 οοιοοο
1359 4262 1502 4326 Ιοαοοίε.

400 4368 444 4431 Et
458 4369 596 4452 priorem
610 4368 730 4453 quidem
748 4389 812 4431 υιια
827 4390 894 4431 eum
914 4369 1018 4441 Petro,
1033 4364 1155 4440 Ιαοοόο,
1172 4366 1321 4429 Mottboeo
1335 4375 1362 4429 et
1376 4364 1503 4449 reliquis

402 4470 553 4554 Δροοίοίίο
566 4480 699 4547 remeet,
714 4470 790 4534 satie
804 4471 946 4534 ιἰιάίοαπς
959 4491 989 4532 se
1009 4469 1046 4532 de
1061 4467 1258 4553 Eoouyelieta
1277 4467 1397 4530 Joaooe
1413 4464 1503 4529 οονόα

391 4572 510 4652 faeere.
570 4574 682 4636 Postea
710 4593 780 4635 οοτο
808 4570 948 4636 adhibita
976 4570 1117 4634 ςοιυιοιιιζς
1146 4569 1342 4643 distinetione,
1373 4567 1502 4630 alterum

399 4673 547 4736 ,Ιοαιιπουι
562 4695 629 4737 oum
651 4674 691 4737 iis
710 4672 831 4739 οοίάνοαί
845 4674 900 4759 qui
920 4683 1007 4737 estro
1022 4693 1179 4735 numerum
1198 4680 1267 4734 sune
1282 4669 1499 4753 Apostolorum,

443 4795 509 4837 voe.
525 4797 546 4837 1.
