3809 5650
767 571 1069 644 PRAEFATIO.
1376 572 1446 642 xxi

399 773 443 854 id
462 772 621 852 facturn
640 796 727 850 esse
755 770 857 849 sciat
886 781 1055 877 propter
1083 779 1314 876 suspectam
1345 767 1448 847 mihi

399 909 491 1014 ejus
506 903 570 984 vel
586 902 680 983 libri
697 901 761 981 vel
777 899 855 982 loci
870 899 1101 1001 γνησιότητο.
1139 901 1293 981 Causas
1308 913 1446 982 autem

400 1041 644 1151 suspicionis
678 1011 925 1148 plerumque
959 1038 1154 1147 exposui;
1197 1065 1448 1144 quamquam

402 1203 487 1255 non
516 1174 750 1282 negaverim
780 1173 823 1253 in
854 1171 931 1253 hoc
963 1171 1128 1253 delectu
1160 1171 1351 1251 habendo
1386 1200 1452 1251 me

403 1310 615 1390 interdum
644 1306 738 1417 plus
767 1336 888 1416 aequo
917 1306 1091 1390 aliorum
1123 1307 1453 1387 dubitationibus

403 1442 578 1536 dedisse,
589 1441 744 1549 quippe
756 1468 888 1547 quum
905 1439 1011 1519 nihil
1025 1438 1089 1522 vel
1104 1440 1280 1520 dubium
1296 1441 1454 1534 afferre,

405 1574 561 1656 nedum
583 1574 744 1669 falsum,
766 1573 978 1655 voluerim.
1040 1573 1147 1654 Nam
1174 1574 1302 1655 satius
1332 1575 1455 1654 duce-

405 1712 513 1803 bam,
547 1708 580 1787 si
612 1708 817 1787 sincerum
853 1707 957 1814 quid
992 1735 1038 1786 ac
1071 1734 1314 1814 germanum
1350 1707 1457 1786 forte

407 1843 684 1935 omitteretur,
698 1869 825 1950 quam
841 1841 874 1919 si
890 1842 1131 1934 ὑποβολιμαῖα
1146 1841 1381 1948 reciperem,
1392 1840 1457 1921 vel

408 1977 697 2058 haereticorum
712 1975 882 2055 fortasse
896 1976 1023 2056 foetus
1035 2003 1310 2083 supponerem
1322 1976 1459 2056 catho-

409 2110 524 2200 licis;
566 2107 784 2188 omissione
816 2109 956 2188 minus
990 2109 1238 2188 offecturum
1275 2136 1340 2188 me
1373 2137 1460 2188 esse

410 2243 565 2324 divinae
585 2239 774 2348 religioni
795 2243 1046 2322 existimans.
1093 2242 1188 2329 Quo
1205 2245 1334 2349 magis
1355 2240 1460 2322 illud

412 2375 594 2456 Andreae
632 2375 791 2456 Schotti
826 2377 1178 2483 comprobandum
1217 2389 1302 2467 est;
1353 2378 1458 2456 Per-

412 2508 556 2617 mugui
586 2508 787 2604 interesse,
807 2507 909 2590 sicut
928 2538 1023 2591 veru
1043 2538 1069 2588 u
1084 2506 1216 2612 falsis
1238 2506 1463 2590 disserendi

413 2657 504 2724 arte
532 2639 767 2748 diy'udicure,
786 2642 845 2724 sic
872 2641 1006 2742 γνήσια
1027 2641 1181 2751 scriptu
1205 2640 1462 2749 uictiquorum

408 2791 581 2888 put-rum
610 2802 636 2857 a
665 2775 781 2860 vidos
799 2774 1036 2871 discernere,
1056 2804 1105 2858 uc
1126 2773 1217 2883 quis
1244 2778 1464 2857 ubrrtutur‘.

418 2910 569 3016 Itaque
607 2936 631 2988 a
669 2936 736 2988 me
767 2909 936 3016 quidem
976 2906 1249 3015 relinquenda
1283 2909 1466 3002 fuerunt,

418 3041 672 3151 paucissimis
710 3042 903 3150 exceptis
941 3040 1050 3120 Acta
1084 3040 1333 3145 Martyrum,
1371 3068 1464 3119 cum

418 3176 504 3256 sint
532 3172 730 3282 pleraque
760 3174 898 3253 omnia
928 3174 1097 3254 incertae
1126 3173 1305 3279 originis,
1335 3187 1467 3282 poste-

420 3309 662 3415 riorumque
691 3318 927 3413 temporum
955 3306 1116 3413 scripta,
1136 3319 1262 3414 atque
1289 3307 1347 3386 ita
1374 3334 1469 3387 con-

420 3444 633 3538 taminata,
654 3455 703 3521 ut
723 3442 808 3524 fere
835 3439 940 3521 nihil
960 3469 1204 3548 germanum
1227 3441 1275 3538 (si
1305 3439 1470 3522 Fellum

421 3578 553 3672 audis,
574 3573 847 3671 Dodwellum‚
867 3576 1136 3683 Caviumque,
1156 3575 1304 3655 harum
1332 3604 1470 3656 rerum

422 3709 707 3820 peritissimos)
723 3722 797 3789 aut
814 3707 1020 3789 illibatum
1042 3706 1309 3789 remanserit‘.
1346 3707 1472 3788 Nam-

423 3873 509 3953 que
536 3845 619 3926 huc
645 3845 840 3953 pertinet,
859 3844 973 3949 quod
997 3842 1109 3924 tertii
1135 3838 1273 3923 saeculi
1299 3842 1473 3949 scriptor

470 4052 693 4117 ePraeratione
713 4052 746 4114 in
765 4053 798 4115 S.
811 4052 960 4115 Eudemi
983 4053 1093 4135 Opera.
1139 4050 1210 4113 Vid.
1233 4057 1267 4111 ot
1291 4046 1476 4110 Malchionis

428 4154 510 4218 Cani
529 4155 622 4217 Loocu
645 4154 828 4238 Theolopioos
847 4153 900 4218 lib.
910 4154 952 4216 xi.
969 4176 1037 4236 cap.
1049 4151 1081 4215 6.
1096 4173 1126 4234 p.
1139 4154 1210 4213 440.
1227 4153 1285 4213 &a
1302 4150 1352 4213 od.
1372 4149 1475 4232 Lugd.

431 4254 658 4338 Dignissimum
676 4261 785 4318 autern
805 4263 919 4319 notatu
935 4265 996 4329 est,
1012 4252 1175 4316 ecclesiam
1191 4251 1380 4315 catholicam
1401 4251 1478 4332 ipsis

430 4356 529 4420 initiis
544 4357 609 4419 suis
623 4357 805 4440 apocrypho
820 4355 1028 4419 exhorruisse.

474 4457 615 4521 ‘Adisis
638 4457 817 4521 Ansaldum
839 4459 890 4521 Do
913 4458 1035 4520 Onasus
1060 4456 1179 4540 Inqrira
1210 4456 1347 4520 Vctcmm
1368 4457 1480 4519 Mortu-

430 4566 595 4622 momorum
599 4579 661 4643 pro
672 4559 768 4642 Oopio
779 4559 962 4640 Martymm
973 4556 1180 4642 diprwsmtda.
1198 4557 1370 4621 Mediolon.
1384 4556 1480 4620 1740.

432 4665 513 4731 dum
526 4664 608 4733 actis
624 4665 860 4731 Post-Nioaenis
874 4665 942 4731 haec
957 4666 1042 4731 inter
1056 4665 1133 4730 mihi
1147 4663 1224 4728 nihil
1239 4663 1309 4729 luit.
