3809 5650
576 704 625 766 ΙΝ
649 703 901 766 HEGESIPPl
928 702 1227 767 FRAGMENTA.
1398 705 1462 768 Μ

347 894 455 955 penore
475 873 556 956 qaod
576 874 725 935 Dominae
743 872 883 956 pertidia
907 872 1003 935 citam
1024 871 1173 935 clausiano.
1218 870 1279 933 Sed
1301 871 1398 934 cotiae
1416 882 1459 935 cst

351 970 441 1035 cerba
454 972 551 1055 ipa-iac
564 972 719 1056 capara
732 972 799 1034 Ιιιτο
812 972 972 1035 narrantis
984 973 1104 1036 audire.
1142 971 1208 1033 Ex
1225 993 1334 1034 iorum
1349 974 1406 1035 &a

396 1071 627 1151 P.207.1.12.
662 1073 774 1150 δηλαδὴ
799 1079 855 1134 τῶν
877 1072 1042 1155 οἶμετικῶν]
1082 1071 1162 1134 Haea
1189 1072 1285 1135 verba
1309 1072 1457 1136 videntur

352 1173 483 1236 Eusebii
499 1195 577 1236 esso.
624 1174 740 1256 ltaque
759 1173 857 1237 vertit
878 1173 1021 1249 Rufinus,
1038 1174 1096 1236 Aa
1116 1194 1195 1257 erpo,
1211 1195 1278 1235 cum
1302 1174 1338 1235 da
1361 1173 1453 1237 lare-

351 1275 420 1337 ticia
434 1275 557 1348 diceret,
575 1275 625 1336 Ex
641 1274 691 1337 his
705 1275 803 1358 igitur
820 1276 874 1337 &a

395 1374 478 1437 Ibid.
499 1375 583 1458 l.13.
607 1376 774 1459 Συμεῶνος]
800 1375 838 1436 In
861 1375 968 1437 codice
992 1374 1092 1458 Regio
1114 1374 1231 1459 legitur
1254 1376 1395 1453 Σίμωνος,
1417 1384 1455 1440 ut

350 1478 474 1542 notavit
503 1478 600 1541 etiam
631 1479 712 1541 Bab.
740 1478 932 1562 Stephanus.
978 1476 1194 1560 Hieronymus
1223 1477 1256 1539 in
1285 1478 1454 1555 Chronico,

351 1578 445 1663 hujus
472 1579 620 1663 Episcopi
644 1579 927 1663 Hierosolymitani
955 1600 1069 1641 nomen
1095 1577 1212 1661 duplici
1239 1579 1333 1641 modo
1359 1579 1453 1642 sembi

351 1686 501 1756 testatur,
516 1680 703 1763 Syrneonom
726 1680 846 1743 scilicet
864 1688 898 1742 et
918 1678 1087 1742 Simonem.
1135 1679 1228 1742 Idem
1242 1679 1340 1743 habet
1356 1680 1454 1743 Geor·

349 1781 421 1865 gius
450 1781 625 1865 Syncellus,
653 1789 687 1845 ct
715 1788 828 1845 auctor
858 1780 1009 1844 Chronici
1045 1780 1266 1844 Alexandrini.
1328 1783 1455 1865 (Syma

352 1882 470 1965 Papias
485 1882 582 1946 habet
597 1882 630 1945 in
646 1881 842 1965 Fragmenta
857 1882 1024 1945 Grabiano
1039 1903 1136 1966 supra
1150 1904 1180 1966 p.
1196 1885 1244 1946 16.
1290 1884 1454 1950 Praestant

350 1989 384 2046 et
405 1985 546 2062 Σίμωνος,
567 1991 650 2047 teste
674 1983 829 2059 Burtono,
851 1983 937 2047 codd.
954 1984 1028 2066 Jeep.
1043 1989 1078 2046 et
1098 1983 1286 2047 Parisieacis
1304 1989 1452 2073 aterque.)

352 2083 516 2149 qunsrus.
1493 2102 1497 2110 “

395 2185 478 2249 lbid.
506 2188 543 2252 ὧς
573 2188 659 2253 ὄντος
687 2186 747 2248 ἀπὸ
774 2186 890 2272 Δαβὶὸ]
923 2185 1062 2269 Propter
1091 2186 1224 2249 eandem
1253 2208 1392 2264 caucam,
1419 2196 1453 2252 et

351 2285 509 2350 haereticis
538 2308 662 2370 quoque
691 2287 923 2361 accusantibus,
954 2286 977 2348 J
980 2288 1050 2349 udae
1081 2287 1217 2370 apostoli
1247 2297 1381 2371 nepotes
1409 2290 1451 2353 ad

351 2387 570 2452 Domitianum
589 2387 731 2451 arcessiti
751 2388 887 2451 fuerant.
912 2388 986 2450 Vid.
1003 2410 1076 2472 pag.
1090 2406 1161 2451 212.
1182 2390 1274 2454 ὄντος
1293 2410 1351 2473 pro
1367 2390 1454 2456 ὄντος

351 2490 423 2551 MS.
439 2488 529 2551 Bodl.

396 2589 579 2673 Ibid.l.15.
601 2590 649 2653 καὶ
668 2592 809 2653 ὑπατικοῦ
822 2588 970 2674 Ἀττικοῦ]
996 2591 1037 2653 Id
1059 2597 1108 2654 est
1127 2611 1199 2652 cum
1218 2590 1350 2654 Atticus
1369 2600 1454 2655 esset

352 2690 497 2773 Legatos
512 2689 622 2773 Syriae.
652 2690 806 2754 Solebant
821 2691 905 2753 enirn
921 2690 992 2774 Syri
1009 2691 1121 2754 horum
1135 2691 1312 2754 Praesidnm
1328 2693 1453 2755 nominc

350 2812 452 2854 annos
470 2790 648 2875 designare,
664 2798 700 2856 ut
722 2800 849 2856 constat
870 2814 909 2855 ex
931 2791 955 2854 J
957 2793 1067 2876 oscpbi
1088 2792 1343 2878 antiquitatibus.
1389 2793 1453 2857 Sed

350 2892 431 2954 etin
452 2891 579 2975 reliquis
597 2891 775 2976 provinciis,
792 2893 966 2956 Rectorum
987 2893 1112 2957 nomine
1134 2903 1280 2978 tempora
1294 2895 1453 2979 designari

350 3001 588 3058 consueverant.
636 2996 738 3057 Porro
764 3017 803 3057 ex
827 2995 941 3080 legatis
966 2994 1104 3059 Caesaris
1133 2995 1185 3060 alii
1213 3003 1306 3060 erant
1332 2995 1452 3060 (lausu-

350 3095 451 3170 larcs;
483 3094 536 3158 alii
565 3096 724 3159 Praetorii.
770 3096 926 3176 Quocirca
950 3097 1082 3161 Atticus
1107 3097 1158 3160 hic
1180 3098 1321 3164 ὑπατικὸς
1346 3097 1453 3182 appel-

350 3198 447 3273 latur,
473 3205 510 3260 ut
534 3218 606 3260 eum
630 3198 827 3262 consularem
851 3198 948 3262 fuisse
977 3208 1113 3262 constet.
1169 3199 1220 3261 Ex
1246 3198 1295 3261 his
1318 3208 1454 3283 apparet

350 3300 432 3363 male
448 3299 597 3362 Rufinum
613 3299 761 3363 vertisse:
786 3301 915 3382 nlanyr
931 3301 1048 3382 affictas
1067 3311 1108 3364 cat
1129 3323 1196 3363 οιτον
1215 3310 1453 3365 coaetaneorum

350 3410 463 3463 antam
488 3423 543 3463 xx.
572 3399 625 3463 aab
659 3400 792 3484 Trajaao
822 3402 950 3478 casare,
976 3402 1064 3486 apud
1090 3403 1228 3465 Atticam
1257 3402 1450 3467 οονιςνῖονονι.

351 3503 464 3566 Graeca
479 3501 654 3587 Hegesippi
670 3502 715 3565 sic
730 3489 861 3579 habent,
877 3506 951 3566 ἐτῶν
963 3501 1005 3566 ὢν
1021 3503 1126 3566 ἑκατὸν
1138 3506 1232 3566 εἴκοσι
1243 3504 1292 3566 ἐπὶ
1302 3508 1453 3583 Τραϊανοῦ

350 3604 500 3684 καίσαρος,
519 3605 566 3666 καὶ
581 3605 722 3667 ὑπατικοῦ
736 3603 882 3668 Ἀττικοῦ.
929 3603 991 3668 Sed
1007 3604 1110 3688 primo
1126 3603 1252 3687 quidem
1268 3606 1451 3688 praeposlblo

351 3702 404 3765 illa
427 3705 485 3776 ἐπὶ,
502 3726 565 3767 non
588 3704 744 3789 significat
765 3705 853 3790 apud
862 3730 872 3767 .·
895 3728 1003 3769 verum
1022 3706 1053 3767 id
1075 3712 1203 3770 tantum
1222 3706 1378 3789 designat,
1395 3706 1452 3789 Sy·

350 3824 493 3867 moenem
528 3805 681 3890 martyrio
719 3807 920 3889 perfunctum
959 3806 1055 3868 fuisse
1093 3805 1272 3889 principatu
1310 3805 1450 3891 Trajani‚

351 3905 464 3968 Attico
488 3904 613 3989 Syriam
636 3905 892 3969 administrante.
915 3906 1030 3969 deinde
1048 3927 1116 3968 uox
1139 3905 1193 3968 illa
1209 3907 1366 3982 ὑπατικοῦ,
1383 3928 1452 3969 non

349 4004 534 4087 simpliciter
548 4004 754 4068 Consularem
774 4006 916 4081 denotat,
934 4007 991 4069 sed
1011 4006 1167 4090 Legatum
1183 4005 1399 4083 Consularem,
1410 4013 1452 4072 nt

349 4104 424 4166 dixi.
471 4104 575 4167 Erant
589 4104 716 4188 quidem
730 4111 829 4168 aetate
845 4106 951 4168 Rufini
968 4107 1160 4169 Consulares
1175 4106 1228 4189 qui
1245 4106 1451 4169 l‘alaestinam

348 4205 513 4290 regebant,
545 4213 581 4268 ut
610 4227 651 4268 ex
679 4205 801 4289 imperii
835 4207 969 4270 Romani
1003 4207 1120 4271 notitia
1154 4206 1353 4269 notissimum
1388 4217 1449 4272 est.

244 4373 249 4382 ,
348 4305 471 4369 Verum
493 4305 544 4370 hio
568 4306 782 4390 Magistratus
803 4308 856 4371 din
883 4317 958 4392 post
981 4308 1116 4393 Trajani
1131 4316 1277 4392 tempora
1292 4315 1341 4371 est
1363 4308 1452 4372 insti-

348 4416 447 4473 tutus.
494 4408 644 4472 Ceterum
665 4431 763 4493 supra
785 4410 906 4474 citatus
932 4410 1038 4473 Rufini
1063 4409 1151 4472 lorus
1176 4409 1208 4471 in
1234 4408 1452 4497 manuscripto

348 4511 455 4573 codice
471 4509 669 4573 bibliothecae
686 4510 794 4594 Regiae
810 4511 858 4575 ita
877 4510 1095 4595 perscribitur.
1140 4510 1268 4591 Μανίαν
1281 4511 1397 4592 effectae
1411 4519 1452 4572 est

349 4633 416 4674 cam
443 4622 514 4675 esset
541 4632 691 4675 canoram
720 4622 834 4675 τονιιιιτο
864 4634 939 4674 xxv.
972 4611 1139 4674 Vaansrus.
1186 4610 1368 4674 Lectionem
1399 4632 1452 4673 re·

348 4725 473 4799 ceptam
487 4712 698 4786 tuenturdno
712 4720 835 4778 veteres
850 4711 958 4774 Rufini
974 4712 1069 4776 MSS.
1078 4733 1162 4776 nnus
1170 4711 1295 4797 collegii
1310 4711 1342 4775 S.
1357 4713 1452 4798 Mag·

854 4836 873 4874 a
888 4831 944 4898 ga
