3809 5650
460 676 526 743 262
834 673 1193 738 ANNOTATIONES

463 842 577 914 lucem,
592 840 642 904 his
656 840 760 902 verbis
779 839 892 902 addita
911 847 998 912 sunt,
1014 862 1158 923 qumque,
1174 839 1221 902 ait
1240 838 1400 921 Lampius,
1417 845 1562 920 repetere

462 962 526 1005 non
546 947 616 1004 erat
636 962 725 1024 opus.
771 938 852 1002 Haec
868 962 941 1002 vero
962 939 1079 1003 statuit
1098 940 1145 1000 vir
1165 938 1376 1008 doctissimus.
1392 944 1562 1021 propterca

462 1043 547 1128 quod
568 1040 675 1104 omnia
696 1040 750 1103 illa
764 1041 861 1104 verba
882 1041 924 1104 ad
946 1041 1168 1125 Hegesippum
1190 1040 1293 1124 ipsum
1313 1039 1483 1123 portinere,
1498 1062 1562 1102 non

461 1143 505 1207 ed
520 1141 703 1216 Eusebium,
718 1140 890 1204 existimat.

507 1245 546 1309 P.
571 1262 644 1324 215.
669 1242 690 1304 l.
714 1259 766 1304 22.
788 1242 847 1304 ἀπὸ
869 1246 928 1304 τῶν
950 1245 1025 1304 ἑπτὰ
1050 1242 1195 1321 αἱρέσεων
1219 1243 1267 1303 καὶ
1287 1241 1375 1307 αὐτὸς
1399 1241 1438 1320 ἣν
1462 1244 1495 1304 έν
1521 1244 1562 1324 τῷ

462 1344 544 1430 λαῷ]
562 1345 661 1428 (Edd.
678 1343 781 1427 Scapt.
800 1350 834 1406 et
859 1342 975 1406 Valeeti
994 1341 1146 1405 exhibent
1165 1343 1224 1405 ἀπὸ
1244 1347 1303 1404 τῶν
1324 1345 1398 1404 ἑπτὰ
1418 1343 1564 1421 αἱρέσεων

464 1446 516 1519 ὢν,
533 1447 581 1508 καὶ
601 1445 688 1511 αὐτὸς
708 1445 746 1523 ἦν
770 1446 825 1507 &a
848 1444 902 1506 ubi
925 1444 993 1507 haeo
1011 1443 1172 1522 Valesius)
1198 1442 1396 1527 Nicephorus
1419 1443 1562 1507 ultimam

464 1568 573 1611 vocem
590 1545 660 1628 (bv)
677 1545 833 1630 expunxit
854 1551 1009 1628 tunquam
1025 1545 1226 1628 supcrlluam.
1272 1545 1324 1608 Sic
1339 1546 1422 1608 enirn
1445 1545 1563 1609 habet:

464 1648 524 1712 ἀπὸ
539 1655 598 1710 τῶν
613 1650 689 1710 ἑπτᾶ
702 1646 848 1727 αἱρέσεων
864 1648 912 1708 καὶ
927 1646 1014 1711 αὐτὸς
1027 1645 1064 1723 ἦν
1080 1648 1113 1708 έν
1128 1647 1168 1729 τῷ
1183 1649 1256 1729 λαῷ.
1287 1644 1326 1707 ln
1341 1645 1448 1708 codice
1463 1645 1564 1730 Regio

464 1749 618 1834 scriptum
633 1747 737 1810 inveni
752 1749 795 1809 diu
809 1747 858 1809 καὶ
872 1746 960 1811 αὐτὸς
973 1745 1011 1822 ἦν
1026 1748 1060 1808 έν
1074 1750 1115 1828 τῷ
1128 1750 1203 1829 λαῷ.
1248 1746 1340 1825 Quod
1356 1746 1430 1808 ferri
1445 1755 1563 1828 potest,

464 1849 492 1915 si
509 1849 643 1914 tollatur
662 1845 824 1910 distinctio
845 1867 916 1928 quae
934 1846 967 1907 in
985 1846 1130 1908 omuibus
1150 1845 1267 1908 nostris
1287 1845 1448 1908 codicibus
1468 1847 1565 1909 habe-

464 1958 527 2017 tur.
555 1952 666 2033 Atque
681 1948 728 2011 ita
743 1968 853 2010 sensus
867 1945 938 2020 erit,
951 1945 1088 2029 primum
1105 1946 1282 2009 Thebutcm
1297 1968 1479 2031 aggressum
1496 1971 1564 2010 esse

464 2052 578 2116 vitiare
601 2048 776 2113 Ecclesiam
799 2046 1133 2130 Hierosolymitanan
1155 2046 1286 2109 inducta
1308 2046 1468 2129 pestilenti
1491 2048 1564 2111 doc·

464 2152 551 2217 trina
565 2157 687 2235 septem
701 2149 826 2211 illerum
837 2149 861 2209 J
862 2147 966 2210 udai'ci
982 2146 1087 2230 populi
1103 2146 1396 2229 sectarun1‚quibus
1411 2147 1478 2231 ipse
1493 2157 1565 2212 erat

464 2252 624 2317 addictus.
671 2249 787 2312 Melius
806 2256 915 2312 tamen
938 2268 1010 2310 meo
1031 2246 1158 2330 quidem
1176 2247 1299 2331 judicio
1322 2247 1481 2332 legeretur
1503 2250 1564 2314 hoc

465 2351 571 2426 modo,
594 2349 654 2413 ἀπὸ
676 2354 736 2412 τῷν
760 2353 835 2413 ἑπτα
857 2349 1004 2429 αἱρέσεων
1028 2347 1071 2412 ὣν
1096 2350 1144 2411 καὶ
1168 2348 1256 2414 αὐτὸς
1281 2354 1341 2412 τῶν
1367 2351 1401 2412 έν
1425 2352 1466 2433 τῷ
1488 2354 1563 2433 λαῷ.

466 2451 560 2532 Quod
576 2450 661 2514 idem
678 2451 764 2515 valet
778 2473 816 2514 ac
830 2450 857 2513 si
872 2450 1014 2513 diceret:
1039 2450 1202 2513 Thebutes
1221 2472 1360 2514 errorem
1380 2471 1471 2513 suum
1491 2472 1564 2513 oon·

466 2552 599 2618 flaverat
613 2575 654 2616 ex
667 2560 790 2638 septem
805 2552 865 2616 illis
879 2551 975 2616 sectis
989 2551 1013 2614 J
1015 2551 1119 2614 udaiei
1134 2550 1255 2635 populi,
1265 2552 1396 2637 perinde
1406 2574 1445 2615 ac
1457 2552 1565 2615 Simon

466 2661 501 2720 et
512 2654 659 2720 Oleobius
669 2663 702 2718 et
714 2654 897 2718 Dositheus.
919 2651 1085 2714 Vsussuus.
1101 2653 1247 2732 αἱρέσεων
1263 2654 1311 2715 καὶ
1326 2654 1413 2719 αὐτὸς
1427 2653 1464 2732 ἦν
1480 2656 1514 2717 έν
1525 2654 1565 2737 τῷ

466 2760 541 2842 λαῷ.
556 2755 686 2841 Niocpd.
702 2759 761 2836 alp.
780 2757 822 2821 cis
837 2756 886 2818 καὶ
900 2754 988 2820 αὐτὸς
1001 2753 1039 2833 ἦν
1054 2755 1088 2816 έν
1103 2757 1142 2838 τῷ
1157 2761 1185 2815 λ.
1205 2753 1375 2839 Clnetopb.
1391 2756 1488 2819 Leotl.
1510 2756 1566 2819 sed

466 2864 638 2943 utrumque
657 2857 717 2920 hoo
733 2858 802 2942 jam
817 2855 1005 2920 correctoris
1018 2855 1154 2919 videtur.
1200 2855 1310 2919 Lectio
1326 2864 1446 2934 nostra,
1462 2860 1504 2920 ὧν
1519 2860 1567 2920 καὶ

467 2959 566 3031 αὐτὸς,
590 2965 682 3021 extat
705 2957 738 3020 iu
760 2958 835 3020 MS.
858 2957 932 3041 noy.
956 2956 1104 3040 Marciae
1127 2955 1174 3019 ed.
1197 2958 1306 3019 Genea.
1332 2964 1367 3020 et
1388 2958 1568 3042 complaciti

461 3063 669 3146 peneadem.
715 3058 860 3122 Valesius
878 3057 1046 3142 legendum
1066 3064 1162 3142 putat
1182 3059 1240 3120 ἀπὸ
1259 3064 1318 3121 τῶν
1333 3060 1409 3122 ἑπτὰ
1423 3059 1568 3139 αἱρέσεων

469 3158 512 3224 ὧν
527 3161 575 3223 καὶ
590 3159 688 3232 αὐτὸς,
705 3164 763 3223 τῶν
779 3160 866 3243 ἐντῷ
880 3161 956 3243 λαῷ,
971 3157 1051 3221 bene
1067 3158 1194 3240 quidem
1210 3167 1365 3240 quantum
1382 3159 1424 3222 ed
1442 3165 1567 3224 senten·

467 3260 558 3337 tiam,
573 3260 630 3324 sed
651 3260 697 3323 sic
718 3281 782 3323 nou
803 3258 929 3343 scripsit
951 3257 1161 3343 Hegesippus.
1207 3262 1256 3323 At
1277 3260 1343 3324 tale
1364 3260 1441 3344 quid
1463 3260 1568 3325 dicere

467 3360 578 3437 voluit,
593 3359 653 3424 ἀπὸ
673 3366 734 3423 τῶν
756 3362 831 3422 dard
850 3362 910 3439 αἱρ.
930 3365 989 3422 τῷν
1009 3361 1044 3422 έν
1063 3363 1103 3443 τῷ
1124 3363 1188 3444 λαῷ
1210 3362 1253 3423 ὧν
1277 3363 1324 3424 καὶ
1346 3361 1433 3427 αὐτὸς
1453 3361 1502 3439 ἦν,
1523 3362 1571 3425 cel

467 3460 559 3526 diam
572 3460 709 3542 campis
722 3458 883 3534 ασσέααίαω,
895 3458 1179 3523 inmemoratus
1192 3482 1212 3523 a
1226 3471 1336 3545 septem
1349 3461 1413 3525 illis
1422 3462 1569 3526 Jadoics'o

467 3561 554 3624 &ctio
569 3559 720 3634 damn,
735 3580 862 3643 qaorum
875 3566 905 3621 ct
921 3560 986 3643 ίρω
1004 3570 1082 3623 orat.
1122 3562 1284 3625 Csetcrum
1303 3562 1397 3645 hujus
1412 3563 1568 3627 Thebutis

468 3662 554 3747 apud
568 3660 688 3726 nullum
700 3659 798 3724 ulium
812 3658 999 3743 scriptorem
1013 3659 1052 3724 iit
1066 3661 1202 3733 meatim
1225 3683 1324 3745 quare
1335 3670 1368 3727 et
1378 3663 1439 3726 hoc
1454 3685 1568 3729 nomeu

468 3770 526 3830 aut
540 3762 652 3827 lictum
665 3770 723 3826 aut
737 3768 923 3845 corruptum
937 3761 980 3825 ab
996 3761 1180 3846 Hegesippo
1195 3770 1284 3846 puto.
1308 3763 1441 3829 Sunoru.
1479 3766 1567 3830 Eun-

468 3866 542 3930 dem
562 3864 658 3929 iuisse
678 3863 856 3926 Thebutem
876 3862 925 3926 vel
946 3861 1144 3926 Theobutem
1163 3872 1262 3947 atque
1281 3864 1454 3930 Olementis
1469 3867 1568 3933 Alex-

468 3966 596 4032 andrini
621 3965 835 4040 Theodorum,
863 3985 957 4048 quem
984 3964 1072 4028 Pauli
1101 3965 1235 4049 apostoli
1261 3966 1447 4031 familiarem
1473 3969 1569 4034 fuisse

470 4068 630 4144 dicebant,
649 4067 734 4151 quod
748 4066 848 4130 habes
867 4064 900 4127 in
921 4069 1033 4129 δίναν.
1055 4065 1124 4150 ejus
1144 4066 1194 4129 vii.
1216 4089 1249 4150 p.
1272 4069 1344 4151 899.
1367 4070 1417 4132 ed.
1431 4071 1570 4148 Potteri,

470 4175 660 4233 censuerunt
674 4167 733 4231 viri
748 4166 888 4230 nonnulli
903 4165 1000 4229 docti.
1047 4167 1161 4231 Potius
1176 4190 1250 4231 vero
1265 4176 1435 4253 utrumque
1454 4192 1569 4235 nomen

468 4271 612 4354 ejusdem
626 4269 684 4332 viri
706 4267 875 4331 binominis
894 4267 991 4332 fuisse
1011 4274 1107 4352 putat
1125 4268 1161 4331 P.
1180 4268 1325 4333 Horreus
1341 4271 1473 4335 Miacoll
1491 4274 1569 4338 Urit.

469 4371 523 4434 lib.
541 4372 570 4434 1.
588 4391 658 4453 cap.
675 4373 706 4434 8.
727 4369 781 4432 ubi
796 4369 837 4432 ds
852 4368 1024 4432 Theodsde
1037 4370 1107 4433 fuse
1121 4370 1307 4455 disputavit.
1353 4372 1446 4452 Quod
1460 4381 1568 4438 eutem

470 4472 512 4536 ed
528 4470 695 4535 lectionem
710 4471 840 4554 hujusce
854 4470 915 4533 loci
930 4471 1186 4535 constituendam
1201 4473 1328 4547 attinet,
1345 4474 1406 4537 etsi
1420 4475 1570 4541 favebant

470 4569 565 4636 alteri
585 4570 751 4654 scripturae
773 4570 871 4634 MSS.
892 4591 1003 4635 omnes
1020 4581 1139 4655 praeter
1151 4594 1246 4636 cama
1267 4595 1303 4636 ao
1316 4575 1516 4654 Florentinis,
1535 4577 1568 4640 in

471 4692 535 4754 quo
550 4670 648 4755 juxta
656 4670 857 4734 collationem
869 4671 1020 4736 Gronorii
1036 4674 1079 4738 εῐς
1089 4675 1131 4736 ὧν
1146 4680 1248 4751 extat,
1260 4675 1342 4738 sicut
1358 4675 1390 4738 in
1406 4698 1505 4762 marg.
1517 4678 1567 4740 ed.
