3809 5650
450 687 516 748 324
774 680 1024 757 RELIQUIAE
1050 676 1229 740 sAcRAE.

452 853 644 934 πληρέστατα
664 857 835 932 διαγνῶναι,
850 855 924 929 μετὰ
948 855 1050 931 χεῖρας
1074 845 1260 923 ἀναλαβόντι
1277 840 1311 903 τδ
1332 842 1522 921 σύγγραμμα,
1540 837 1557 899 δ

454 957 502 1019 καὶ
517 954 589 1017 αὑτδ
612 957 647 1032 τῇ
667 959 726 1015 τῶν
744 955 912 1033 μαρτυρίων
934 949 1095 1035 συναγωγῇ
1111 946 1183 1027 πρὸς
1204 946 1295 1023 ἡμῶν,
1313 943 1351 1008 ὥς
1370 946 1445 1022 γοῦν
1466 939 1556 1019 ἔφην,

454 1057 646 1120 κατείλεκται.

454 1247 506 1301 que
532 1228 653 1290 voluerit,
679 1235 775 1280 cuncta
801 1226 897 1294 poterit
924 1225 979 1293 ple·
1030 1232 1060 1276 ut
1073 1239 1154 1292 supra
1164 1220 1329 1299 munimur,
1342 1219 1369 1270 in
1387 1214 1558 1297 pasqiouibuu

453 1299 563 1354 nissime
584 1313 743 1366 cognoscere
764 1314 796 1348 ex
817 1295 901 1375 ipsius
925 1293 980 1362 epi·
1030 1302 1178 1372 martyrum
1202 1308 1217 1370 ιι
1244 1289 1322 1342 noble
1346 1289 1465 1340 collectus
1488 1292 1559 1339 rute·
1569 1296 1587 1353 5

455 1370 530 1424 uwlae
546 1368 668 1429 lectione,
690 1383 771 1437 quam
792 1364 900 1436 qudem
920 1381 980 1425 ιιοιι,
1031 1380 1107 1432 gram
1119 1376 1289 1414 rnserurmus.

827 1580 1191 1628 *-

622 1771 671 1832 De
686 1767 753 1831 αόία
767 1766 901 1851 quadum
915 1765 1068 1829 Fratrum
1083 1766 1116 1826 ιἰι
1133 1763 1240 1827 Gallia
1259 1763 1399 1848 Epistola

829 1868 907 1930 Hoeo
920 1864 1068 1928 Eusebius
1082 1886 1148 1948 οορ.
1160 1884 1191 1948 3.

499 2018 568 2076 Τῶν
583 2009 607 2074 δ’
622 2010 699 2091 ἀμφὶ
714 2009 767 2071 τὸν
787 2007 949 2070 Μοντανδν
970 2006 1018 2068 καὶ
1032 2005 1228 2084 Ἀλκιβιάδην
1243 2008 1290 2068 καὶ
1311 2008 1474 2081 Θεόδοτον,
1490 2008 1560 2083 περὶ

458 2115 512 2193 τὴν
527 2115 662 2194 Φρυγίαν
676 2113 741 2191 ἄρτι
756 2112 823 2173 τότε
838 2115 954 2189 πρῶτον
969 2108 1023 2185 τὴν
1041 2109 1107 2188 περὶ
1122 2113 1173 2170 τοῦ
1192 2109 1390 2188 προφητεύειν
1404 2109 1560 2188 ὑπόληψιν
1575 2131 1612 2169 ιο

457 2217 538 2294 παρὰ
561 2219 687 2278 πολλοῖς
709 2210 926 2291 ἐκφερομένων·
953 2215 1094 2272 πλεῖσται
1117 2213 1174 2289 γὰρ
1197 2210 1250 2272 οὑν
1272 2210 1318 2272 καὶ
1345 2211 1438 2272 ἄλλαι
1462 2234 1559 2288 παρα-

459 2313 622 2393 δοξοποιίαι
636 2319 688 2375 τοῦ
704 2314 784 2375 θείου
799 2314 983 2394 χαρίσματος
998 2310 1090 2373 εἰσέτι
1104 2313 1171 2374 τότε
1187 2314 1260 2373 κατὰ
1280 2314 1440 2391 διαφόρους
1455 2313 1561 2387 ἐκκλη-

460 2418 529 2482 σίας
544 2416 763 2491 ἕκτελούμεναι,
779 2414 879 2474 πίστιν
894 2414 974 2491 παρὰ
989 2418 1115 2478 πολλοῖς
1130 2416 1181 2473 τοῦ
1196 2410 1347 2494 κᾴκείνους
1361 2413 1562 2492 προφητεύειν

459 2524 614 2600 παρεῖχον·
643 2516 690 2578 καὶ
713 2515 747 2592 δὴ
770 2515 932 2594 διαφωνίας
954 2515 1143 2594 ὑπαρχούσης
1164 2516 1231 2594 περὶ
1253 2520 1311 2576 τῶν
1334 2513 1559 2593 δεδηλωμένων,

455 2617 596 2682 ’Auum
612 2620 641 2680 οἱ
664 2620 737 2679 κατὰ
758 2616 812 2693 τὴν
833 2616 969 2677 Γαλλίαν
986 2616 1124 2693 ἀδελφοὶ,
1140 2617 1194 2692 τὴν
1213 2618 1290 2678 ἰδίαν
1308 2617 1405 2695 κρίσιν
1425 2615 1473 2676 καὶ
1492 2613 1562 2693 περὶ
1576 2628 1612 2688 15

460 2720 584 2794 τούτων,
601 2718 717 2796 εὑλαβῆ
733 2717 780 2779 καὶ
795 2714 1262 2796 όρθοδοξοτότηνὺποτύττουσιν·
1279 2716 1431 2794 ἐκθέμενοι
1443 2716 1490 2777 καὶ
1500 2719 1562 2776 τῶν

460 2822 527 2897 παρ’
555 2819 653 2885 αὑτοῖς
674 2817 892 2882 τελειωθέντων
912 2819 1068 2897 μαρτύρων
1092 2819 1250 2898 διαφόρους
1274 2817 1444 2883 ἐπιστολάς·
1467 2814 1502 2881 ἃς
1526 2817 1562 2879 ἓν

461 2926 581 3000 δεσμοῖς
607 2921 651 2985 ἔτι
677 2919 871 3002 ὑπάρχοντες,
899 2926 961 2986 τοῖς
986 2916 1030 2981 ἐπ’
1057 2916 1164 2985 Ἀσίας
1189 2921 1237 2982 καὶ
1262 2921 1394 2999 Φρυγίας
1417 2920 1561 2998 ἀδελφοῖς

461 3023 650 3104 διεχόραξον·
679 3024 793 3101 οὐρὴν
815 3025 897 3085 ἆλλδ
920 3023 968 3085 καὶ
981 3020 1150 3105 Ἐλευθέριρ
1172 3025 1212 3104 τῷ
1235 3023 1301 3084 τότε
1323 3019 1475 3099 Ῥωμαίων
1498 3023 1561 3082 ἐπι-

462 3127 573 3208 σκόπῳ,
588 3128 639 3201 τῆς
653 3130 713 3186 τῶν
728 3126 893 3200 ἐκκλησιῶν
909 3123 1024 3203 εἰρήνης
1040 3123 1127 3185 ἕνεκα
1142 3123 1370 3203 πρεσβεύοντες.
1574 3132 1614 3171 20

499 3354 624 3407 Ceterum
645 3370 708 3406 cum
728 3353 875 3406 Montanus
895 3362 921 3406 et
940 3354 988 3407 Al·
1034 3353 1166 3424 judicium
1179 3372 1267 3416 suum,
1277 3353 1430 3423 religiosum
1439 3353 1564 3422 inprimis

463 3422 578 3477 eibiades
600 3439 630 3474 ac
651 3422 815 3484 Theodotus,
838 3440 912 3476 nunc
934 3424 988 3492 pri·
1038 3432 1064 3476 et
1081 3441 1142 3476 cum
1158 3432 1229 3476 recta
1245 3422 1295 3475 fide
1312 3424 1489 3485 consentiens,
1502 3441 1562 3476 rur-

462 3509 539 3547 mum
564 3491 591 3543 in
614 3490 731 3560 Phrygia
754 3508 770 3543 ο
789 3492 877 3545 inione
901 3492 988 3546 homi-
1039 3510 1085 3546 sus
1107 3491 1191 3545 eidem
1214 3494 1332 3561 epistolae
1355 3492 1562 3563 subjunxerunt,

463 3578 530 3614 num
551 3567 677 3630 tanquam
701 3509 839 3628 Propssetae
864 3562 989 3615 celebrari
1038 3561 1147 3632 prolatis
1160 3562 1357 3615 interfectorum
1367 3562 1438 3631 apud
1452 3580 1479 3614 se
1492 3579 1562 3613 mar-

464 3629 607 3699 coepissent
637 3629 733 3695 (multa
762 3631 858 3700 quippe
892 3632 988 3687 divinae
1038 3641 1128 3701 tyrum
1141 3632 1219 3684 variis
1231 3632 1357 3701 epistolis,
1370 3649 1436 3702 quas
1449 3630 1563 3683 illidum
1575 3636 1612 3694 25

463 3699 555 3771 gratiae
575 3698 702 3751 miracula
721 3700 748 3752 in
766 3702 887 3779 pluribus
905 3702 988 3754 eccle·
1038 3702 1066 3754 in
1078 3702 1191 3754 vinculis
1204 3700 1291 3754 adhuc
1308 3711 1404 3762 essent,
1417 3701 1513 3769 partim
1528 3700 1562 3753 ad

464 3769 510 3823 riis
535 3767 613 3821 etiam
638 3776 698 3821 tum
721 3769 776 3822 fierr
801 3772 885 3832 solita,
908 3770 988 3824 fidem
1038 3771 1130 3824 fratres
1144 3771 1172 3823 in
1184 3772 1248 3824 Asia
1260 3780 1286 3823 et
1299 3770 1371 3840 Phry
1391 3771 1415 3822 'a
1427 3770 1563 3839 degentes,

464 3838 585 3911 plurimis
599 3838 730 3891 faciebant
745 3856 790 3891 eos
806 3857 988 3920 quoquelpro-
1038 3841 1133 3963 Earum
1146 3842 1180 3894 ad
1193 3840 1367 3895 Eleutherum
1422 3856 1508 3891 manae
1518 3856 1563 3891 ur-

464 3909 583 3981 phetare)
597 3925 712 3987 cumque
728 3908 834 3961 illorum
847 3908 988 3962 hommum

465 3994 545 4031 causa
565 3976 696 4030 dissenuo
716 3986 774 4029 orta
794 3987 871 4040 esset,
911 3979 939 4031 ui
959 3978 988 4030 in
1038 3980 1208 4033 ecclesiarum
1235 3981 1310 4054 quasi
1341 3981 1471 4051 legauone
1501 3974 1616 4033 fun-30

466 4046 551 4104 Gallia
562 4055 637 4102 erant
645 4046 747 4108 fratres,
760 4047 893 4118 privatum
920 4047 989 4101 chia
1038 4056 1141 4118 αιτιοι.

1057 3911 1079 3963 is
1092 3911 1245 3980 episcopum
1258 3911 1426 3988 scripseranf,
1439 3926 1487 3977 pro
1499 3924 1563 3977 pace
