<?xml version="1.0" encoding="UTF-8"?>
<!DOCTYPE html PUBLIC "-//W3C//DTD XHTML 1.0 Transitional//EN"
    "http://www.w3.org/TR/xhtml1/DTD/xhtml1-transitional.dtd">
<html xmlns="http://www.w3.org/1999/xhtml" xml:lang="en" lang="en">
 <head>
  <title>
</title>
<meta http-equiv="Content-Type" content="text/html;charset=utf-8" />
  <meta name='ocr-system' content='tesseract 3.04.00' />
  <meta name='ocr-capabilities' content='ocr_page ocr_carea ocr_par ocr_line ocrx_word'/>
</head>
<body>
  <div class='ocr_page' id='page_1' title='image "./reliquiaesacrae07routgoog_0573.png"; bbox 0 0 3809 5650; ppageno 0'>
   <div class='ocr_carea' id='block_1_1' title="bbox 397 681 1117 750">
    <p class='ocr_par' dir='ltr' id='par_1_1' title="bbox 397 681 1117 750">
     <span class='ocr_line' id='line_1_1' title="bbox 397 681 1117 750; baseline -0.004 -3"><span class='ocrx_word' id='word_1_1' title='bbox 397 686 462 750; x_wconf 73' lang='lat'>478</span> <span class='ocrx_word' id='word_1_2' title='bbox 765 681 1117 747; x_wconf 83' lang='lat' dir='ltr'>ANNOTATIONES</span> 
     </span>
    </p>
   </div>
   <div class='ocr_carea' id='block_1_2' title="bbox 396 848 1512 4746">
    <p class='ocr_par' dir='ltr' id='par_1_2' title="bbox 396 848 1512 1233">
     <span class='ocr_line' id='line_1_2' title="bbox 397 848 1512 934; baseline 0.003 -24"><span class='ocrx_word' id='word_1_3' title='bbox 397 870 523 932; x_wconf 88' lang='lat' dir='ltr'>quoque</span> <span class='ocrx_word' id='word_1_4' title='bbox 545 848 675 911; x_wconf 85' lang='lat' dir='ltr'>ineunte</span> <span class='ocrx_word' id='word_1_5' title='bbox 700 848 815 912; x_wconf 87' lang='lat' dir='ltr'>saeoulo</span> <span class='ocrx_word' id='word_1_6' title='bbox 841 857 957 934; x_wconf 85' lang='lat' dir='ltr'>quarto</span> <span class='ocrx_word' id='word_1_7' title='bbox 982 857 1118 931; x_wconf 82' lang='lat' dir='ltr'><strong>martyr,</strong></span> <span class='ocrx_word' id='word_1_8' title='bbox 1138 848 1225 911; x_wconf 89' lang='lat' dir='ltr'>haud</span> <span class='ocrx_word' id='word_1_9' title='bbox 1248 848 1426 931; x_wconf 79' lang='lat' dir='ltr'>culpandos</span> <span class='ocrx_word' id='word_1_10' title='bbox 1452 872 1512 913; x_wconf 87' lang='lat' dir='ltr'>eos</span> 
     </span>
     <span class='ocr_line' id='line_1_3' title="bbox 397 948 1510 1032; baseline 0.001 -21"><span class='ocrx_word' id='word_1_11' title='bbox 397 948 535 1032; x_wconf 77' lang='lat' dir='ltr'>assequi</span> <span class='ocrx_word' id='word_1_12' title='bbox 555 948 721 1030; x_wconf 79' lang='lat' dir='ltr'>pecuniam</span> <span class='ocrx_word' id='word_1_13' title='bbox 740 949 912 1025; x_wconf 79' lang='lat' dir='ltr'>dedissent,</span> <span class='ocrx_word' id='word_1_14' title='bbox 929 957 1001 1013; x_wconf 93' lang='lat' dir='ltr'>uta</span> <span class='ocrx_word' id='word_1_15' title='bbox 1020 948 1173 1012; x_wconf 79' lang='lat' dir='ltr'>molestiis</span> <span class='ocrx_word' id='word_1_16' title='bbox 1188 955 1430 1031; x_wconf 83' lang='lat' dir='ltr'>perseeutorum</span> <span class='ocrx_word' id='word_1_17' title='bbox 1448 950 1510 1012; x_wconf 88' lang='lat' dir='ltr'>im·</span> 
     </span>
     <span class='ocr_line' id='line_1_4' title="bbox 397 1048 1509 1133; baseline 0.002 -22"><span class='ocrx_word' id='word_1_18' title='bbox 397 1070 508 1111; x_wconf 92' lang='lat' dir='ltr'>munes</span> <span class='ocrx_word' id='word_1_19' title='bbox 524 1049 644 1111; x_wconf 86' lang='lat' dir='ltr'>fierent.</span> <span class='ocrx_word' id='word_1_20' title='bbox 692 1049 771 1112; x_wconf 87' lang='lat' dir='ltr'>Vide</span> <span class='ocrx_word' id='word_1_21' title='bbox 785 1050 948 1113; x_wconf 79' lang='lat' dir='ltr'>Canonom</span> <span class='ocrx_word' id='word_1_22' title='bbox 964 1050 1032 1133; x_wconf 90' lang='lat' dir='ltr'>ejus</span> <span class='ocrx_word' id='word_1_23' title='bbox 1047 1048 1102 1112; x_wconf 81' lang='lat' dir='ltr'>xii.</span> <span class='ocrx_word' id='word_1_24' title='bbox 1143 1048 1335 1131; x_wconf 82' lang='lat' dir='ltr'>Temporum</span> <span class='ocrx_word' id='word_1_25' title='bbox 1350 1049 1509 1113; x_wconf 87' lang='lat' dir='ltr'>nimirum</span> 
     </span>
     <span class='ocr_line' id='line_1_5' title="bbox 396 1149 906 1233; baseline 0.006 -23"><span class='ocrx_word' id='word_1_26' title='bbox 396 1149 598 1230; x_wconf 85' lang='lat' dir='ltr'>sequentium</span> <span class='ocrx_word' id='word_1_27' title='bbox 612 1149 715 1212; x_wconf 83' lang='lat' dir='ltr'>laxior</span> <span class='ocrx_word' id='word_1_28' title='bbox 730 1150 906 1233; x_wconf 86' lang='lat' dir='ltr'>disoiplina.</span> 
     </span>
    </p>

    <p class='ocr_par' dir='ltr' id='par_1_3' title="bbox 396 1247 1509 1630">
     <span class='ocr_line' id='line_1_6' title="bbox 443 1247 1507 1332; baseline 0.004 -23"><span class='ocrx_word' id='word_1_29' title='bbox 443 1251 479 1311; x_wconf 85' lang='grc' dir='ltr'>Ρ.</span> <span class='ocrx_word' id='word_1_30' title='bbox 496 1248 570 1326; x_wconf 89' lang='lat'><strong>468.</strong></span> <span class='ocrx_word' id='word_1_31' title='bbox 586 1248 605 1310; x_wconf 88' lang='grc' dir='ltr'>Ι.</span> <span class='ocrx_word' id='word_1_32' title='bbox 626 1269 673 1329; x_wconf 89' lang='lat'>19.</span> <span class='ocrx_word' id='word_1_33' title='bbox 685 1253 864 1327; x_wconf 78' lang='grc' dir='ltr'>μιμούμενος</span> <span class='ocrx_word' id='word_1_34' title='bbox 878 1251 931 1312; x_wconf 88' lang='grc' dir='ltr'>τὸν</span> <span class='ocrx_word' id='word_1_35' title='bbox 946 1248 1131 1332; x_wconf 77' lang='grc' dir='ltr'>ἀπόστολον]</span> <span class='ocrx_word' id='word_1_36' title='bbox 1144 1247 1336 1331; x_wconf 79' lang='lat' dir='ltr'><strong>Apostolum</strong></span> <span class='ocrx_word' id='word_1_37' title='bbox 1350 1248 1507 1331; x_wconf 85' lang='lat' dir='ltr'>aliquem,</span> 
     </span>
     <span class='ocr_line' id='line_1_7' title="bbox 397 1347 1509 1432; baseline 0.002 -21"><span class='ocrx_word' id='word_1_38' title='bbox 397 1348 444 1411; x_wconf 89' lang='lat' dir='ltr'>uti</span> <span class='ocrx_word' id='word_1_39' title='bbox 468 1349 564 1411; x_wconf 89' lang='lat' dir='ltr'>vertit</span> <span class='ocrx_word' id='word_1_40' title='bbox 580 1348 722 1422; x_wconf 81' lang='lat' dir='ltr'>Rufinus,</span> <span class='ocrx_word' id='word_1_41' title='bbox 738 1348 907 1432; x_wconf 75' lang='lat' dir='ltr'>apostolico</span> <span class='ocrx_word' id='word_1_42' title='bbox 924 1347 983 1411; x_wconf 70' lang='lat' dir='ltr'>siti</span> <span class='ocrx_word' id='word_1_43' title='bbox 1002 1348 1126 1431; x_wconf 74' lang='lat' dir='ltr'>aliquid</span> <span class='ocrx_word' id='word_1_44' title='bbox 1142 1349 1333 1411; x_wconf 67' lang='lat' dir='ltr'>auctoritatis</span> <span class='ocrx_word' id='word_1_45' title='bbox 1349 1370 1509 1413; x_wconf 77' lang='grc' dir='ltr'>αςυυπιοα·</span> 
     </span>
     <span class='ocr_line' id='line_1_8' title="bbox 397 1448 1508 1532; baseline 0.002 -22"><span class='ocrx_word' id='word_1_46' title='bbox 397 1459 463 1511; x_wconf 84' lang='lat' dir='ltr'>tem.</span> <span class='ocrx_word' id='word_1_47' title='bbox 510 1448 585 1512; x_wconf 92' lang='lat' dir='ltr'>Vid.</span> <span class='ocrx_word' id='word_1_48' title='bbox 601 1455 667 1511; x_wconf 92' lang='lat' dir='ltr'>not.</span> <span class='ocrx_word' id='word_1_49' title='bbox 684 1448 727 1510; x_wconf 91' lang='lat' dir='ltr'>ad</span> <span class='ocrx_word' id='word_1_50' title='bbox 742 1448 874 1511; x_wconf 78' lang='lat' dir='ltr'>Drours.</span> <span class='ocrx_word' id='word_1_51' title='bbox 895 1448 1046 1512; x_wconf 79' lang='lat' dir='ltr'>Oonrurn.</span> <span class='ocrx_word' id='word_1_52' title='bbox 1064 1470 1095 1530; x_wconf 90' lang='lat' dir='ltr'>p.</span> <span class='ocrx_word' id='word_1_53' title='bbox 1116 1463 1186 1530; x_wconf 84' lang='lat'><strong>195.</strong></span> <span class='ocrx_word' id='word_1_54' title='bbox 1201 1452 1356 1526; x_wconf 82' lang='grc' dir='ltr'>μιμεῖσθαι</span> <span class='ocrx_word' id='word_1_55' title='bbox 1376 1470 1437 1532; x_wconf 93' lang='lat' dir='ltr'>pro</span> <span class='ocrx_word' id='word_1_56' title='bbox 1459 1477 1508 1528; x_wconf 84' lang='grc' dir='ltr'>ρι-</span> 
     </span>
     <span class='ocr_line' id='line_1_9' title="bbox 396 1547 792 1630; baseline -0.003 -19"><span class='ocrx_word' id='word_1_57' title='bbox 396 1551 542 1626; x_wconf 80' lang='grc' dir='ltr'>μοόμενος</span> <span class='ocrx_word' id='word_1_58' title='bbox 556 1550 635 1611; x_wconf 87' lang='lat' dir='ltr'>MS.</span> <span class='ocrx_word' id='word_1_59' title='bbox 653 1547 792 1630; x_wconf 72' lang='lat' dir='ltr'>Norsok.</span> 
     </span>
    </p>

    <p class='ocr_par' dir='ltr' id='par_1_4' title="bbox 396 1646 1509 2112">
     <span class='ocr_line' id='line_1_10' title="bbox 442 1646 1509 1732; baseline 0.001 -23"><span class='ocrx_word' id='word_1_60' title='bbox 442 1649 477 1709; x_wconf 89' lang='lat' dir='ltr'>P.</span> <span class='ocrx_word' id='word_1_61' title='bbox 493 1653 568 1729; x_wconf 85' lang='lat'><strong>469.</strong></span> <span class='ocrx_word' id='word_1_62' title='bbox 580 1647 602 1709; x_wconf 92' lang='lat' dir='ltr'>l.</span> <span class='ocrx_word' id='word_1_63' title='bbox 618 1667 644 1708; x_wconf 87' lang='lat'>1.</span> <span class='ocrx_word' id='word_1_64' title='bbox 661 1653 723 1712; x_wconf 81' lang='grc' dir='ltr'>τοῖς</span> <span class='ocrx_word' id='word_1_65' title='bbox 737 1651 788 1723; x_wconf 82' lang='grc' dir='ltr'>τῆς</span> <span class='ocrx_word' id='word_1_66' title='bbox 803 1648 987 1727; x_wconf 78' lang='grc' dir='ltr'>κενοφωνίας</span> <span class='ocrx_word' id='word_1_67' title='bbox 1007 1647 1125 1729; x_wconf 82' lang='grc' dir='ltr'>λόγοις]</span> <span class='ocrx_word' id='word_1_68' title='bbox 1145 1646 1289 1730; x_wconf 77' lang='lat' dir='ltr'>Legebat</span> <span class='ocrx_word' id='word_1_69' title='bbox 1302 1648 1439 1732; x_wconf 73' lang='lat' dir='ltr'>Rrfioos</span> <span class='ocrx_word' id='word_1_70' title='bbox 1456 1654 1509 1727; x_wconf 79' lang='grc' dir='ltr'>τῆς</span> 
     </span>
     <span class='ocr_line' id='line_1_11' title="bbox 397 1746 1508 1830; baseline 0.004 -21"><span class='ocrx_word' id='word_1_71' title='bbox 397 1749 606 1827; x_wconf 83' lang='grc' dir='ltr'>κσινοφωνίσς,</span> <span class='ocrx_word' id='word_1_72' title='bbox 632 1747 684 1830; x_wconf 92' lang='lat' dir='ltr'>qui</span> <span class='ocrx_word' id='word_1_73' title='bbox 711 1747 817 1822; x_wconf 75' lang='lat' dir='ltr'>vertit,</span> <span class='ocrx_word' id='word_1_74' title='bbox 842 1768 934 1810; x_wconf 76' lang='grc' dir='ltr'>πασας</span> <span class='ocrx_word' id='word_1_75' title='bbox 959 1746 1114 1810; x_wconf 76' lang='lat' dir='ltr'>vorborum</span> <span class='ocrx_word' id='word_1_76' title='bbox 1139 1748 1373 1810; x_wconf 75' lang='lat' dir='ltr'>odiooootimzoe.</span> <span class='ocrx_word' id='word_1_77' title='bbox 1419 1749 1508 1813; x_wconf 83' lang='lat' dir='ltr'>Mox</span> 
     </span>
     <span class='ocr_line' id='line_1_12' title="bbox 396 1847 1508 1932; baseline 0.002 -22"><span class='ocrx_word' id='word_1_78' title='bbox 396 1847 487 1910; x_wconf 80' lang='lat' dir='ltr'>addit</span> <span class='ocrx_word' id='word_1_79' title='bbox 502 1847 633 1931; x_wconf 74' lang='grc' dir='ltr'>Νόσηνά.</span> <span class='ocrx_word' id='word_1_80' title='bbox 651 1850 693 1913; x_wconf 82' lang='grc' dir='ltr'>εἰς</span> <span class='ocrx_word' id='word_1_81' title='bbox 707 1854 783 1910; x_wconf 89' lang='lat' dir='ltr'>ante</span> <span class='ocrx_word' id='word_1_82' title='bbox 798 1849 866 1913; x_wconf 85' lang='grc' dir='ltr'>τοὺς</span> <span class='ocrx_word' id='word_1_83' title='bbox 880 1849 1080 1913; x_wconf 78' lang='grc' dir='ltr'>ἀποστόλους.</span> <span class='ocrx_word' id='word_1_84' title='bbox 1128 1848 1245 1910; x_wconf 87' lang='lat' dir='ltr'>Verum</span> <span class='ocrx_word' id='word_1_85' title='bbox 1260 1847 1415 1910; x_wconf 88' lang='lat' dir='ltr'>omittunt</span> <span class='ocrx_word' id='word_1_86' title='bbox 1430 1871 1508 1932; x_wconf 89' lang='lat' dir='ltr'>par-</span> 
     </span>
     <span class='ocr_line' id='line_1_13' title="bbox 396 1946 1506 2026; baseline 0.003 -15"><span class='ocrx_word' id='word_1_87' title='bbox 396 1949 527 2011; x_wconf 83' lang='lat' dir='ltr'>ticulam</span> <span class='ocrx_word' id='word_1_88' title='bbox 542 1952 674 2015; x_wconf 71' lang='lat' dir='ltr'>cleonte</span> <span class='ocrx_word' id='word_1_89' title='bbox 688 1970 781 2011; x_wconf 86' lang='lat' dir='ltr'>voees</span> <span class='ocrx_word' id='word_1_90' title='bbox 799 1948 852 2010; x_wconf 83' lang='grc' dir='ltr'>τὸν</span> <span class='ocrx_word' id='word_1_91' title='bbox 873 1949 994 2026; x_wconf 82' lang='grc' dir='ltr'>Κύριον,</span> <span class='ocrx_word' id='word_1_92' title='bbox 1012 1946 1155 2010; x_wconf 91' lang='lat' dir='ltr'>Burtono</span> <span class='ocrx_word' id='word_1_93' title='bbox 1170 1954 1360 2023; x_wconf 86' lang='lat' dir='ltr'>attestante,</span> <span class='ocrx_word' id='word_1_94' title='bbox 1376 1948 1442 2011; x_wconf 92' lang='lat' dir='ltr'>duo</span> <span class='ocrx_word' id='word_1_95' title='bbox 1459 1950 1506 2014; x_wconf 91' lang='lat' dir='ltr'>illi</span> 
     </span>
     <span class='ocr_line' id='line_1_14' title="bbox 396 2050 582 2112; baseline -0.005 -1"><span class='ocrx_word' id='word_1_96' title='bbox 396 2050 582 2112; x_wconf 68' lang='lat' dir='ltr'>Ferentini.</span> 
     </span>
    </p>

    <p class='ocr_par' dir='ltr' id='par_1_5' title="bbox 397 2149 1505 2512">
     <span class='ocr_line' id='line_1_15' title="bbox 442 2149 1504 2229; baseline 0.001 -17"><span class='ocrx_word' id='word_1_97' title='bbox 442 2150 525 2214; x_wconf 87' lang='lat' dir='ltr'>lbid.</span> <span class='ocrx_word' id='word_1_98' title='bbox 541 2150 562 2213; x_wconf 92' lang='grc' dir='ltr'>Ι.</span> <span class='ocrx_word' id='word_1_99' title='bbox 583 2169 611 2212; x_wconf 83' lang='lat'>2.</span> <span class='ocrx_word' id='word_1_100' title='bbox 632 2153 854 2229; x_wconf 82' lang='grc' dir='ltr'>βλασφημῆσαι</span> <span class='ocrx_word' id='word_1_101' title='bbox 875 2152 916 2214; x_wconf 83' lang='grc' dir='ltr'>εἷς</span> <span class='ocrx_word' id='word_1_102' title='bbox 936 2150 990 2212; x_wconf 88' lang='grc' dir='ltr'>τὸν</span> <span class='ocrx_word' id='word_1_103' title='bbox 1011 2151 1119 2228; x_wconf 84' lang='grc' dir='ltr'>Κύριον</span> <span class='ocrx_word' id='word_1_104' title='bbox 1142 2149 1191 2211; x_wconf 78' lang='grc' dir='ltr'>καὶ</span> <span class='ocrx_word' id='word_1_105' title='bbox 1212 2149 1279 2214; x_wconf 86' lang='grc' dir='ltr'>τοὺς</span> <span class='ocrx_word' id='word_1_106' title='bbox 1300 2150 1504 2225; x_wconf 79' lang='grc' dir='ltr'>ἀποστόλους,</span> 
     </span>
     <span class='ocr_line' id='line_1_16' title="bbox 398 2247 1505 2335; baseline 0.005 -24"><span class='ocrx_word' id='word_1_107' title='bbox 398 2252 446 2312; x_wconf 86' lang='grc' dir='ltr'>καὶ</span> <span class='ocrx_word' id='word_1_108' title='bbox 468 2250 522 2325; x_wconf 77' lang='grc' dir='ltr'>τὴν</span> <span class='ocrx_word' id='word_1_109' title='bbox 544 2251 635 2329; x_wconf 82' lang='grc' dir='ltr'>ἁγίαν</span> <span class='ocrx_word' id='word_1_110' title='bbox 663 2250 836 2328; x_wconf 76' lang='grc' dir='ltr'>ἐκκλησίαν]</span> <span class='ocrx_word' id='word_1_111' title='bbox 864 2247 1009 2311; x_wconf 84' lang='lat' dir='ltr'>Aiebant</span> <span class='ocrx_word' id='word_1_112' title='bbox 1034 2249 1090 2312; x_wconf 87' lang='lat' dir='ltr'>isti</span> <span class='ocrx_word' id='word_1_113' title='bbox 1117 2271 1150 2312; x_wconf 89' lang='lat' dir='ltr'>se</span> <span class='ocrx_word' id='word_1_114' title='bbox 1176 2249 1307 2312; x_wconf 78' lang='lat' dir='ltr'>edoctos</span> <span class='ocrx_word' id='word_1_115' title='bbox 1332 2271 1353 2312; x_wconf 93' lang='lat' dir='ltr'>a</span> <span class='ocrx_word' id='word_1_116' title='bbox 1377 2250 1505 2335; x_wconf 84' lang='lat' dir='ltr'>Spiritu</span> 
     </span>
     <span class='ocr_line' id='line_1_17' title="bbox 399 2347 1505 2432; baseline 0.005 -21"><span class='ocrx_word' id='word_1_117' title='bbox 399 2348 557 2411; x_wconf 80' lang='lat' dir='ltr'>Paracleti</span> <span class='ocrx_word' id='word_1_118' title='bbox 582 2347 675 2431; x_wconf 90' lang='lat' dir='ltr'>plura</span> <span class='ocrx_word' id='word_1_119' title='bbox 696 2348 831 2422; x_wconf 88' lang='lat' dir='ltr'>novisse,</span> <span class='ocrx_word' id='word_1_120' title='bbox 854 2369 950 2431; x_wconf 89' lang='lat' dir='ltr'>quam</span> <span class='ocrx_word' id='word_1_121' title='bbox 974 2370 1044 2430; x_wconf 85' lang='lat' dir='ltr'>quae</span> <span class='ocrx_word' id='word_1_122' title='bbox 1067 2349 1213 2413; x_wconf 74' lang='lat' dir='ltr'>Christus</span> <span class='ocrx_word' id='word_1_123' title='bbox 1236 2356 1269 2412; x_wconf 87' lang='lat' dir='ltr'>et</span> <span class='ocrx_word' id='word_1_124' title='bbox 1291 2351 1428 2432; x_wconf 88' lang='lat' dir='ltr'>apostoli</span> <span class='ocrx_word' id='word_1_125' title='bbox 1453 2375 1505 2417; x_wconf 86' lang='lat' dir='ltr'>ec·</span> 
     </span>
     <span class='ocr_line' id='line_1_18' title="bbox 397 2448 733 2512; baseline -0.006 0"><span class='ocrx_word' id='word_1_126' title='bbox 397 2449 526 2512; x_wconf 81' lang='lat' dir='ltr'>alesiam</span> <span class='ocrx_word' id='word_1_127' title='bbox 542 2448 733 2512; x_wconf 81' lang='lat' dir='ltr'>docuissent.</span> 
     </span>
    </p>

    <p class='ocr_par' dir='ltr' id='par_1_6' title="bbox 397 2549 1506 3443">
     <span class='ocr_line' id='line_1_19' title="bbox 441 2549 1506 2634; baseline 0.005 -21"><span class='ocrx_word' id='word_1_128' title='bbox 441 2551 524 2613; x_wconf 93' lang='lat' dir='ltr'>lbid.</span> <span class='ocrx_word' id='word_1_129' title='bbox 549 2550 570 2613; x_wconf 92' lang='lat' dir='ltr'>l.</span> <span class='ocrx_word' id='word_1_130' title='bbox 594 2568 628 2629; x_wconf 86' lang='lat'>4.</span> <span class='ocrx_word' id='word_1_131' title='bbox 661 2550 766 2633; x_wconf 79' lang='grc' dir='ltr'>ἑτέρον]</span> <span class='ocrx_word' id='word_1_132' title='bbox 791 2549 892 2629; x_wconf 81' lang='grc' dir='ltr'>ἑτέρου</span> <span class='ocrx_word' id='word_1_133' title='bbox 922 2550 1091 2614; x_wconf 77' lang='lat' dir='ltr'>lectionem</span> <span class='ocrx_word' id='word_1_134' title='bbox 1125 2551 1235 2634; x_wconf 81' lang='lat' dir='ltr'>primae</span> <span class='ocrx_word' id='word_1_135' title='bbox 1265 2551 1414 2613; x_wconf 83' lang='lat' dir='ltr'>editionis</span> <span class='ocrx_word' id='word_1_136' title='bbox 1446 2575 1506 2618; x_wconf 88' lang='lat' dir='ltr'>seu</span> 
     </span>
     <span class='ocr_line' id='line_1_20' title="bbox 398 2650 1505 2738; baseline 0.003 -23"><span class='ocrx_word' id='word_1_137' title='bbox 398 2652 622 2735; x_wconf 85' lang='lat' dir='ltr'>Stephanianae</span> <span class='ocrx_word' id='word_1_138' title='bbox 647 2651 807 2714; x_wconf 82' lang='lat' dir='ltr'>revocavit</span> <span class='ocrx_word' id='word_1_139' title='bbox 830 2650 1005 2726; x_wconf 74' lang='lat' dir='ltr'>strothius,</span> <span class='ocrx_word' id='word_1_140' title='bbox 1019 2672 1114 2735; x_wconf 89' lang='lat' dir='ltr'>quam</span> <span class='ocrx_word' id='word_1_141' title='bbox 1139 2674 1160 2714; x_wconf 90' lang='lat' dir='ltr'>a</span> <span class='ocrx_word' id='word_1_142' title='bbox 1179 2651 1351 2734; x_wconf 75' lang='lat' dir='ltr'>Nicepboro</span> <span class='ocrx_word' id='word_1_143' title='bbox 1374 2674 1505 2738; x_wconf 86' lang='lat' dir='ltr'>quoque</span> 
     </span>
     <span class='ocr_line' id='line_1_21' title="bbox 397 2749 1504 2835; baseline 0.004 -21"><span class='ocrx_word' id='word_1_144' title='bbox 397 2752 556 2814; x_wconf 86' lang='lat' dir='ltr'>firmatam</span> <span class='ocrx_word' id='word_1_145' title='bbox 571 2751 638 2823; x_wconf 85' lang='lat' dir='ltr'>ait;</span> <span class='ocrx_word' id='word_1_146' title='bbox 665 2749 782 2814; x_wconf 86' lang='lat' dir='ltr'>Volesii</span> <span class='ocrx_word' id='word_1_147' title='bbox 798 2757 906 2814; x_wconf 88' lang='lat' dir='ltr'>autem</span> <span class='ocrx_word' id='word_1_148' title='bbox 921 2751 1114 2835; x_wconf 82' lang='lat' dir='ltr'>scripturam</span> <span class='ocrx_word' id='word_1_149' title='bbox 1128 2775 1167 2815; x_wconf 87' lang='lat' dir='ltr'>ex</span> <span class='ocrx_word' id='word_1_150' title='bbox 1182 2755 1305 2834; x_wconf 69' lang='lat' dir='ltr'>Rufino,</span> <span class='ocrx_word' id='word_1_151' title='bbox 1318 2761 1352 2815; x_wconf 88' lang='lat' dir='ltr'>et</span> <span class='ocrx_word' id='word_1_152' title='bbox 1363 2752 1504 2818; x_wconf 82' lang='lat' dir='ltr'>fortasse</span> 
     </span>
     <span class='ocr_line' id='line_1_22' title="bbox 398 2853 1506 2937; baseline 0.005 -21"><span class='ocrx_word' id='word_1_153' title='bbox 398 2875 437 2916; x_wconf 87' lang='lat' dir='ltr'>ex</span> <span class='ocrx_word' id='word_1_154' title='bbox 449 2854 585 2936; x_wconf 82' lang='lat' dir='ltr'>scriptis,</span> <span class='ocrx_word' id='word_1_155' title='bbox 596 2861 756 2935; x_wconf 85' lang='lat' dir='ltr'>sumptam</span> <span class='ocrx_word' id='word_1_156' title='bbox 771 2853 901 2915; x_wconf 85' lang='lat' dir='ltr'>exhibet</span> <span class='ocrx_word' id='word_1_157' title='bbox 912 2854 1002 2916; x_wconf 73' lang='lat' dir='ltr'>codex</span> <span class='ocrx_word' id='word_1_158' title='bbox 1013 2855 1105 2917; x_wconf 81' lang='lat' dir='ltr'>Bodl.</span> <span class='ocrx_word' id='word_1_159' title='bbox 1118 2855 1193 2916; x_wconf 90' lang='lat' dir='ltr'>dum</span> <span class='ocrx_word' id='word_1_160' title='bbox 1206 2854 1308 2933; x_wconf 81' lang='grc' dir='ltr'>ἑτέρον</span> <span class='ocrx_word' id='word_1_161' title='bbox 1318 2875 1376 2937; x_wconf 89' lang='lat' dir='ltr'>pro</span> <span class='ocrx_word' id='word_1_162' title='bbox 1392 2855 1506 2935; x_wconf 81' lang='grc' dir='ltr'>ἑτέρων</span> 
     </span>
     <span class='ocr_line' id='line_1_23' title="bbox 397 2952 1505 3037; baseline 0.003 -21"><span class='ocrx_word' id='word_1_163' title='bbox 397 2955 547 3016; x_wconf 88' lang='lat' dir='ltr'>mendoso</span> <span class='ocrx_word' id='word_1_164' title='bbox 562 2952 712 3016; x_wconf 80' lang='lat' dir='ltr'>scribitur</span> <span class='ocrx_word' id='word_1_165' title='bbox 727 2954 758 3015; x_wconf 93' lang='lat' dir='ltr'>in</span> <span class='ocrx_word' id='word_1_166' title='bbox 770 2954 845 3016; x_wconf 83' lang='lat' dir='ltr'>MS.</span> <span class='ocrx_word' id='word_1_167' title='bbox 857 2954 997 3036; x_wconf 71' lang='lat' dir='ltr'>Norfob.</span> <span class='ocrx_word' id='word_1_168' title='bbox 1038 2955 1132 3018; x_wconf 89' lang='lat' dir='ltr'>Adde</span> <span class='ocrx_word' id='word_1_169' title='bbox 1147 2954 1232 3037; x_wconf 90' lang='lat' dir='ltr'>quod</span> <span class='ocrx_word' id='word_1_170' title='bbox 1248 2975 1446 3037; x_wconf 84' lang='lat' dir='ltr'>nequaquam</span> <span class='ocrx_word' id='word_1_171' title='bbox 1463 2958 1505 3019; x_wconf 89' lang='lat' dir='ltr'>de</span> 
     </span>
     <span class='ocr_line' id='line_1_24' title="bbox 398 3055 1504 3142; baseline 0.005 -24"><span class='ocrx_word' id='word_1_172' title='bbox 398 3056 465 3118; x_wconf 88' lang='lat' dir='ltr'>solo</span> <span class='ocrx_word' id='word_1_173' title='bbox 481 3055 666 3119; x_wconf 83' lang='lat' dir='ltr'>Alexandro</span> <span class='ocrx_word' id='word_1_174' title='bbox 689 3055 741 3118; x_wconf 90' lang='lat' dir='ltr'>hio</span> <span class='ocrx_word' id='word_1_175' title='bbox 764 3056 880 3140; x_wconf 83' lang='lat' dir='ltr'>agitur.</span> <span class='ocrx_word' id='word_1_176' title='bbox 925 3055 1060 3119; x_wconf 85' lang='lat' dir='ltr'>Codioos</span> <span class='ocrx_word' id='word_1_177' title='bbox 1082 3064 1239 3120; x_wconf 83' lang='lat' dir='ltr'>memorat</span> <span class='ocrx_word' id='word_1_178' title='bbox 1262 3056 1424 3120; x_wconf 84' lang='lat' dir='ltr'>Burton&#39;us</span> <span class='ocrx_word' id='word_1_179' title='bbox 1448 3060 1504 3142; x_wconf 92' lang='lat' dir='ltr'>qui</span> 
     </span>
     <span class='ocr_line' id='line_1_25' title="bbox 399 3156 1504 3240; baseline 0.005 -22"><span class='ocrx_word' id='word_1_180' title='bbox 399 3156 508 3236; x_wconf 77' lang='grc' dir='ltr'>ἑτέρον</span> <span class='ocrx_word' id='word_1_181' title='bbox 522 3165 687 3240; x_wconf 88' lang='lat' dir='ltr'>praestant,</span> <span class='ocrx_word' id='word_1_182' title='bbox 700 3160 785 3221; x_wconf 66' lang='grc' dir='ltr'>Μαι.</span> <span class='ocrx_word' id='word_1_183' title='bbox 798 3156 885 3221; x_wconf 83' lang='grc' dir='ltr'>Μυό.</span> <span class='ocrx_word' id='word_1_184' title='bbox 897 3158 1003 3220; x_wconf 71' lang='lat' dir='ltr'>Fato.</span> <span class='ocrx_word' id='word_1_185' title='bbox 1020 3164 1053 3220; x_wconf 89' lang='lat' dir='ltr'>et</span> <span class='ocrx_word' id='word_1_186' title='bbox 1067 3157 1268 3221; x_wconf 64' lang='grc' dir='ltr'>Μνασίνους.</span> <span class='ocrx_word' id='word_1_187' title='bbox 1300 3158 1414 3221; x_wconf 86' lang='lat' dir='ltr'>Altera</span> <span class='ocrx_word' id='word_1_188' title='bbox 1426 3182 1504 3224; x_wconf 90' lang='lat' dir='ltr'>vero</span> 
     </span>
     <span class='ocr_line' id='line_1_26' title="bbox 397 3255 1502 3342; baseline 0.005 -24"><span class='ocrx_word' id='word_1_189' title='bbox 397 3255 491 3320; x_wconf 87' lang='lat' dir='ltr'>leotio</span> <span class='ocrx_word' id='word_1_190' title='bbox 513 3258 625 3339; x_wconf 83' lang='grc' dir='ltr'>ἑτέρου,</span> <span class='ocrx_word' id='word_1_191' title='bbox 642 3281 738 3341; x_wconf 90' lang='lat' dir='ltr'>quam</span> <span class='ocrx_word' id='word_1_192' title='bbox 758 3258 878 3342; x_wconf 83' lang='lat' dir='ltr'>recepit</span> <span class='ocrx_word' id='word_1_193' title='bbox 898 3258 966 3341; x_wconf 90' lang='lat' dir='ltr'>ipse</span> <span class='ocrx_word' id='word_1_194' title='bbox 986 3278 1058 3320; x_wconf 86' lang='lat' dir='ltr'>oum</span> <span class='ocrx_word' id='word_1_195' title='bbox 1078 3257 1345 3337; x_wconf 85' lang='lat' dir='ltr'>Zimmermanno,</span> <span class='ocrx_word' id='word_1_196' title='bbox 1360 3259 1393 3320; x_wconf 87' lang='lat' dir='ltr'>in</span> <span class='ocrx_word' id='word_1_197' title='bbox 1412 3261 1502 3324; x_wconf 74' lang='lat' dir='ltr'>codd.</span> 
     </span>
     <span class='ocr_line' id='line_1_27' title="bbox 398 3358 1019 3443; baseline 0.002 -24"><span class='ocrx_word' id='word_1_198' title='bbox 398 3358 471 3441; x_wconf 64' lang='lat' dir='ltr'>loy.</span> <span class='ocrx_word' id='word_1_199' title='bbox 489 3359 596 3421; x_wconf 77' lang='lat' dir='ltr'>Poris.</span> <span class='ocrx_word' id='word_1_200' title='bbox 614 3370 737 3443; x_wconf 83' lang='lat' dir='ltr'>utroquo</span> <span class='ocrx_word' id='word_1_201' title='bbox 752 3366 785 3422; x_wconf 90' lang='lat' dir='ltr'>et</span> <span class='ocrx_word' id='word_1_202' title='bbox 802 3358 902 3421; x_wconf 79' lang='lat' dir='ltr'>Vooot.</span> <span class='ocrx_word' id='word_1_203' title='bbox 918 3364 1019 3421; x_wconf 80' lang='lat' dir='ltr'>extat.</span> 
     </span>
    </p>

    <p class='ocr_par' dir='ltr' id='par_1_7' title="bbox 398 3457 1505 4046">
     <span class='ocr_line' id='line_1_28' title="bbox 442 3457 1505 3543; baseline 0.006 -26"><span class='ocrx_word' id='word_1_204' title='bbox 442 3457 526 3520; x_wconf 90' lang='lat' dir='ltr'>lbid.</span> <span class='ocrx_word' id='word_1_205' title='bbox 539 3457 559 3519; x_wconf 91' lang='lat' dir='ltr'>l.</span> <span class='ocrx_word' id='word_1_206' title='bbox 573 3463 604 3520; x_wconf 88' lang='lat'>6.</span> <span class='ocrx_word' id='word_1_207' title='bbox 619 3460 635 3534; x_wconf 78' lang='grc' dir='ltr'><em>ἡ</em></span> <span class='ocrx_word' id='word_1_208' title='bbox 650 3459 808 3542; x_wconf 80' lang='grc' dir='ltr'>προφῆτις]</span> <span class='ocrx_word' id='word_1_209' title='bbox 822 3459 936 3522; x_wconf 85' lang='lat' dir='ltr'>Ferme</span> <span class='ocrx_word' id='word_1_210' title='bbox 951 3459 1104 3535; x_wconf 89' lang='lat' dir='ltr'>adduoor,</span> <span class='ocrx_word' id='word_1_211' title='bbox 1116 3465 1153 3522; x_wconf 89' lang='lat' dir='ltr'>ut</span> <span class='ocrx_word' id='word_1_212' title='bbox 1164 3466 1274 3543; x_wconf 89' lang='lat' dir='ltr'>putem</span> <span class='ocrx_word' id='word_1_213' title='bbox 1286 3461 1505 3543; x_wconf 87' lang='lat' dir='ltr'>reponendum</span> 
     </span>
     <span class='ocr_line' id='line_1_29' title="bbox 398 3556 1502 3645; baseline 0.005 -26"><span class='ocrx_word' id='word_1_214' title='bbox 398 3577 466 3619; x_wconf 87' lang='lat' dir='ltr'>osse</span> <span class='ocrx_word' id='word_1_215' title='bbox 478 3558 494 3618; x_wconf 88' lang='grc' dir='ltr'>ό</span> <span class='ocrx_word' id='word_1_216' title='bbox 508 3556 670 3635; x_wconf 81' lang='grc' dir='ltr'>προφήτης,</span> <span class='ocrx_word' id='word_1_217' title='bbox 681 3566 814 3641; x_wconf 89' lang='lat' dir='ltr'>propter</span> <span class='ocrx_word' id='word_1_218' title='bbox 823 3560 919 3621; x_wconf 84' lang='lat' dir='ltr'>verba</span> <span class='ocrx_word' id='word_1_219' title='bbox 930 3582 1001 3641; x_wconf 84' lang='lat' dir='ltr'>quae</span> <span class='ocrx_word' id='word_1_220' title='bbox 1017 3569 1193 3644; x_wconf 82' lang='lat' dir='ltr'>sequuntur</span> <span class='ocrx_word' id='word_1_221' title='bbox 1203 3583 1277 3645; x_wconf 84' lang='lat' dir='ltr'>pag.</span> <span class='ocrx_word' id='word_1_222' title='bbox 1289 3576 1364 3642; x_wconf 88' lang='lat'>470.</span> <span class='ocrx_word' id='word_1_223' title='bbox 1377 3560 1433 3623; x_wconf 88' lang='lat' dir='ltr'>lin.</span> <span class='ocrx_word' id='word_1_224' title='bbox 1451 3581 1502 3640; x_wconf 86' lang='lat'>14.</span> 
     </span>
     <span class='ocr_line' id='line_1_30' title="bbox 399 3656 1505 3741; baseline 0.003 -21"><span class='ocrx_word' id='word_1_225' title='bbox 399 3657 434 3720; x_wconf 78' lang='grc' dir='ltr'>ὃν</span> <span class='ocrx_word' id='word_1_226' title='bbox 454 3659 471 3719; x_wconf 85' lang='grc' dir='ltr'>ὁ</span> <span class='ocrx_word' id='word_1_227' title='bbox 491 3656 645 3736; x_wconf 81' lang='grc' dir='ltr'>προφήτης</span> <span class='ocrx_word' id='word_1_228' title='bbox 665 3660 796 3721; x_wconf 84' lang='grc' dir='ltr'>συνόντα</span> <span class='ocrx_word' id='word_1_229' title='bbox 816 3665 943 3725; x_wconf 82' lang='grc' dir='ltr'>πολλοῖς</span> <span class='ocrx_word' id='word_1_230' title='bbox 964 3661 1065 3724; x_wconf 76' lang='grc' dir='ltr'>ἔτεσιν</span> <span class='ocrx_word' id='word_1_231' title='bbox 1086 3663 1199 3741; x_wconf 79' lang='grc' dir='ltr'>ἀγνοεῖ.</span> <span class='ocrx_word' id='word_1_232' title='bbox 1245 3661 1319 3723; x_wconf 89' lang='lat' dir='ltr'>Vid.</span> <span class='ocrx_word' id='word_1_233' title='bbox 1334 3667 1402 3723; x_wconf 78' lang='lat' dir='ltr'>not.</span> <span class='ocrx_word' id='word_1_234' title='bbox 1418 3659 1505 3723; x_wconf 79' lang='lat' dir='ltr'>infra</span> 
     </span>
     <span class='ocr_line' id='line_1_31' title="bbox 399 3760 1504 3845; baseline 0.003 -24"><span class='ocrx_word' id='word_1_235' title='bbox 399 3760 438 3821; x_wconf 84' lang='lat' dir='ltr'>ad</span> <span class='ocrx_word' id='word_1_236' title='bbox 453 3760 474 3822; x_wconf 93' lang='lat' dir='ltr'>l.</span> <span class='ocrx_word' id='word_1_237' title='bbox 491 3779 539 3821; x_wconf 89' lang='lat'>11.</span> <span class='ocrx_word' id='word_1_238' title='bbox 577 3760 697 3823; x_wconf 88' lang='lat' dir='ltr'>Verum</span> <span class='ocrx_word' id='word_1_239' title='bbox 711 3761 847 3823; x_wconf 85' lang='lat' dir='ltr'>sortasse</span> <span class='ocrx_word' id='word_1_240' title='bbox 858 3760 983 3824; x_wconf 88' lang='lat' dir='ltr'>viderat</span> <span class='ocrx_word' id='word_1_241' title='bbox 995 3761 1183 3844; x_wconf 89' lang='lat' dir='ltr'>Apollonius</span> <span class='ocrx_word' id='word_1_242' title='bbox 1196 3761 1403 3845; x_wconf 70' lang='lat' dir='ltr'>prophetissas</span> <span class='ocrx_word' id='word_1_243' title='bbox 1415 3781 1504 3824; x_wconf 84' lang='lat' dir='ltr'>reve·</span> 
     </span>
     <span class='ocr_line' id='line_1_32' title="bbox 398 3861 1504 3947; baseline 0 -24"><span class='ocrx_word' id='word_1_244' title='bbox 398 3861 533 3924; x_wconf 89' lang='lat' dir='ltr'>lationos</span> <span class='ocrx_word' id='word_1_245' title='bbox 566 3862 697 3947; x_wconf 85' lang='lat' dir='ltr'>aliquas,</span> <span class='ocrx_word' id='word_1_246' title='bbox 725 3863 834 3946; x_wconf 87' lang='lat' dir='ltr'>quales</span> <span class='ocrx_word' id='word_1_247' title='bbox 861 3861 1050 3926; x_wconf 68' lang='lat' dir='ltr'>Mamilio</span> <span class='ocrx_word' id='word_1_248' title='bbox 1071 3862 1221 3926; x_wconf 83' lang='lat' dir='ltr'>attribuit</span> <span class='ocrx_word' id='word_1_249' title='bbox 1247 3861 1445 3946; x_wconf 86' lang='lat' dir='ltr'>Epiphanius</span> <span class='ocrx_word' id='word_1_250' title='bbox 1470 3862 1504 3923; x_wconf 95' lang='lat' dir='ltr'>in</span> 
     </span>
     <span class='ocr_line' id='line_1_33' title="bbox 398 3963 899 4046; baseline 0.004 -24"><span class='ocrx_word' id='word_1_251' title='bbox 398 3963 516 4025; x_wconf 84' lang='lat' dir='ltr'>Haerea</span> <span class='ocrx_word' id='word_1_252' title='bbox 534 3963 630 4025; x_wconf 88' lang='lat' dir='ltr'>xlviii.</span> <span class='ocrx_word' id='word_1_253' title='bbox 647 3985 714 4046; x_wconf 82' lang='lat' dir='ltr'>cap.</span> <span class='ocrx_word' id='word_1_254' title='bbox 735 3982 783 4027; x_wconf 83' lang='lat'>12.</span> <span class='ocrx_word' id='word_1_255' title='bbox 799 3972 833 4026; x_wconf 89' lang='lat' dir='ltr'>et</span> <span class='ocrx_word' id='word_1_256' title='bbox 852 3983 899 4045; x_wconf 89' lang='lat'>13.</span> 
     </span>
    </p>

    <p class='ocr_par' dir='ltr' id='par_1_8' title="bbox 399 4060 1505 4546">
     <span class='ocr_line' id='line_1_34' title="bbox 443 4060 1501 4147; baseline -0.002 -21"><span class='ocrx_word' id='word_1_257' title='bbox 443 4064 527 4126; x_wconf 85' lang='lat' dir='ltr'>Ibid.</span> <span class='ocrx_word' id='word_1_258' title='bbox 544 4065 565 4125; x_wconf 90' lang='lat' dir='ltr'>l.</span> <span class='ocrx_word' id='word_1_259' title='bbox 583 4066 612 4126; x_wconf 91' lang='lat'>8.</span> <span class='ocrx_word' id='word_1_260' title='bbox 630 4063 653 4147; x_wconf 78' lang='grc' dir='ltr'><strong><em>ᾧ</em></strong></span> <span class='ocrx_word' id='word_1_261' title='bbox 673 4069 876 4144; x_wconf 84' lang='grc' dir='ltr'>προσκυνοῦσι</span> <span class='ocrx_word' id='word_1_262' title='bbox 899 4064 946 4124; x_wconf 85' lang='grc' dir='ltr'>καὶ</span> <span class='ocrx_word' id='word_1_263' title='bbox 970 4063 1046 4146; x_wconf 71' lang='grc' dir='ltr'>αὐτῷ</span> <span class='ocrx_word' id='word_1_264' title='bbox 1069 4064 1194 4144; x_wconf 83' lang='grc' dir='ltr'>πολλοὶ]</span> <span class='ocrx_word' id='word_1_265' title='bbox 1225 4060 1431 4123; x_wconf 74' lang='lat' dir='ltr'>scribendum</span> <span class='ocrx_word' id='word_1_266' title='bbox 1456 4063 1501 4124; x_wconf 83' lang='lat' dir='ltr'>vi·</span> 
     </span>
     <span class='ocr_line' id='line_1_35' title="bbox 399 4159 1505 4236; baseline -0.001 -11"><span class='ocrx_word' id='word_1_267' title='bbox 399 4164 494 4227; x_wconf 87' lang='lat' dir='ltr'>detur</span> <span class='ocrx_word' id='word_1_268' title='bbox 509 4166 556 4226; x_wconf 87' lang='grc' dir='ltr'>καὶ</span> <span class='ocrx_word' id='word_1_269' title='bbox 572 4165 677 4236; x_wconf 80' lang='grc' dir='ltr'>αὐτῶν,</span> <span class='ocrx_word' id='word_1_270' title='bbox 689 4165 720 4226; x_wconf 90' lang='lat' dir='ltr'>id</span> <span class='ocrx_word' id='word_1_271' title='bbox 736 4173 786 4226; x_wconf 86' lang='lat' dir='ltr'>ost</span> <span class='ocrx_word' id='word_1_272' title='bbox 801 4163 1085 4226; x_wconf 86' lang='lat' dir='ltr'>Montanistarum.</span> <span class='ocrx_word' id='word_1_273' title='bbox 1103 4160 1268 4223; x_wconf 60' lang='lat' dir='ltr'>Vetusius.</span> <span class='ocrx_word' id='word_1_274' title='bbox 1305 4159 1353 4223; x_wconf 86' lang='lat' dir='ltr'>At</span> <span class='ocrx_word' id='word_1_275' title='bbox 1366 4160 1505 4224; x_wconf 84' lang='lat' dir='ltr'>Rufinus</span> 
     </span>
     <span class='ocr_line' id='line_1_36' title="bbox 399 4261 1505 4348; baseline 0.001 -25"><span class='ocrx_word' id='word_1_276' title='bbox 399 4262 502 4326; x_wconf 88' lang='lat' dir='ltr'>looum</span> <span class='ocrx_word' id='word_1_277' title='bbox 524 4264 569 4326; x_wconf 86' lang='lat' dir='ltr'>sio</span> <span class='ocrx_word' id='word_1_278' title='bbox 595 4264 734 4340; x_wconf 83' lang='lat' dir='ltr'>exhibet,</span> <span class='ocrx_word' id='word_1_279' title='bbox 756 4286 841 4348; x_wconf 78' lang='lat' dir='ltr'>qoam</span> <span class='ocrx_word' id='word_1_280' title='bbox 864 4265 975 4328; x_wconf 78' lang='lat' dir='ltr'>odorat</span> <span class='ocrx_word' id='word_1_281' title='bbox 998 4274 1032 4327; x_wconf 88' lang='lat' dir='ltr'>ot</span> <span class='ocrx_word' id='word_1_282' title='bbox 1047 4265 1154 4326; x_wconf 77' lang='lat' dir='ltr'>Domo.</span> <span class='ocrx_word' id='word_1_283' title='bbox 1178 4262 1310 4340; x_wconf 80' lang='lat' dir='ltr'>Srnorn.</span> <span class='ocrx_word' id='word_1_284' title='bbox 1355 4261 1505 4342; x_wconf 88' lang='lat' dir='ltr'>Amploo·</span> 
     </span>
     <span class='ocr_line' id='line_1_37' title="bbox 399 4360 1504 4442; baseline -0.003 -17"><span class='ocrx_word' id='word_1_285' title='bbox 399 4364 497 4426; x_wconf 88' lang='lat' dir='ltr'>tenda</span> <span class='ocrx_word' id='word_1_286' title='bbox 517 4370 624 4426; x_wconf 89' lang='lat' dir='ltr'>tamen</span> <span class='ocrx_word' id='word_1_287' title='bbox 645 4363 770 4428; x_wconf 89' lang='lat' dir='ltr'>videtur</span> <span class='ocrx_word' id='word_1_288' title='bbox 792 4364 913 4427; x_wconf 88' lang='lat' dir='ltr'>Valesii</span> <span class='ocrx_word' id='word_1_289' title='bbox 933 4363 1124 4427; x_wconf 85' lang='lat' dir='ltr'>emendatio.</span> <span class='ocrx_word' id='word_1_290' title='bbox 1169 4361 1307 4425; x_wconf 81' lang='lat' dir='ltr'>Praefert</span> <span class='ocrx_word' id='word_1_291' title='bbox 1329 4360 1418 4423; x_wconf 79' lang='lat' dir='ltr'>For.</span> <span class='ocrx_word' id='word_1_292' title='bbox 1432 4382 1504 4442; x_wconf 83' lang='lat' dir='ltr'>pos-</span> 
     </span>
     <span class='ocr_line' id='line_1_38' title="bbox 399 4460 1380 4546; baseline -0.003 -23"><span class='ocrx_word' id='word_1_293' title='bbox 399 4464 491 4524; x_wconf 74' lang='lat' dir='ltr'>terior</span> <span class='ocrx_word' id='word_1_294' title='bbox 505 4469 589 4527; x_wconf 88' lang='lat' dir='ltr'>toste</span> <span class='ocrx_word' id='word_1_295' title='bbox 606 4465 751 4528; x_wconf 85' lang='lat' dir='ltr'>Burtono</span> <span class='ocrx_word' id='word_1_296' title='bbox 768 4464 867 4537; x_wconf 81' lang='grc' dir='ltr'>αὐτοῦ,</span> <span class='ocrx_word' id='word_1_297' title='bbox 883 4463 995 4527; x_wconf 88' lang='lat' dir='ltr'>itidem</span> <span class='ocrx_word' id='word_1_298' title='bbox 1003 4464 1105 4546; x_wconf 79' lang='lat' dir='ltr'>prior,</span> <span class='ocrx_word' id='word_1_299' title='bbox 1121 4481 1217 4523; x_wconf 90' lang='lat' dir='ltr'>manu</span> <span class='ocrx_word' id='word_1_300' title='bbox 1232 4460 1380 4523; x_wconf 83' lang='lat' dir='ltr'>secunda.</span> 
     </span>
    </p>

    <p class='ocr_par' dir='ltr' id='par_1_9' title="bbox 399 4559 1506 4746">
     <span class='ocr_line' id='line_1_39' title="bbox 444 4559 1505 4645; baseline 0.002 -25"><span class='ocrx_word' id='word_1_301' title='bbox 444 4560 526 4623; x_wconf 87' lang='lat' dir='ltr'>lbid.</span> <span class='ocrx_word' id='word_1_302' title='bbox 541 4561 563 4624; x_wconf 91' lang='lat' dir='ltr'>l.</span> <span class='ocrx_word' id='word_1_303' title='bbox 582 4582 631 4625; x_wconf 89' lang='lat'>11.</span> <span class='ocrx_word' id='word_1_304' title='bbox 646 4565 759 4625; x_wconf 80' lang='grc' dir='ltr'>ἀλλάό</span> <span class='ocrx_word' id='word_1_305' title='bbox 783 4564 982 4642; x_wconf 83' lang='grc' dir='ltr'>ὀπισθόδομος</span> <span class='ocrx_word' id='word_1_306' title='bbox 1003 4562 1080 4645; x_wconf 78' lang='grc' dir='ltr'>ἔχει]</span> <span class='ocrx_word' id='word_1_307' title='bbox 1096 4560 1235 4624; x_wconf 84' lang='lat' dir='ltr'>Athenis</span> <span class='ocrx_word' id='word_1_308' title='bbox 1252 4559 1419 4622; x_wconf 83' lang='lat' dir='ltr'>dioobatur</span> <span class='ocrx_word' id='word_1_309' title='bbox 1438 4561 1505 4622; x_wconf 84' lang='grc' dir='ltr'>ὄπι-</span> 
     </span>
     <span class='ocr_line' id='line_1_40' title="bbox 399 4659 1506 4746; baseline 0.001 -25"><span class='ocrx_word' id='word_1_310' title='bbox 399 4660 555 4735; x_wconf 82' lang='grc' dir='ltr'>αθόδομος,</span> <span class='ocrx_word' id='word_1_311' title='bbox 569 4664 655 4725; x_wconf 83' lang='lat' dir='ltr'>aodos</span> <span class='ocrx_word' id='word_1_312' title='bbox 677 4663 823 4745; x_wconf 82' lang='lat' dir='ltr'>quaedam</span> <span class='ocrx_word' id='word_1_313' title='bbox 845 4670 919 4746; x_wconf 88' lang='lat' dir='ltr'>post</span> <span class='ocrx_word' id='word_1_314' title='bbox 939 4663 1092 4746; x_wconf 87' lang='lat' dir='ltr'>templum</span> <span class='ocrx_word' id='word_1_315' title='bbox 1116 4661 1270 4724; x_wconf 83' lang='lat' dir='ltr'>Minervae</span> <span class='ocrx_word' id='word_1_316' title='bbox 1293 4659 1447 4735; x_wconf 83' lang='lat' dir='ltr'>Poliodis,</span> <span class='ocrx_word' id='word_1_317' title='bbox 1471 4660 1506 4722; x_wconf 89' lang='lat' dir='ltr'>in</span> 
     </span>
    </p>
   </div>
   <div class='ocr_carea' id='block_1_3' title="bbox 0 0 1910 5650">
    <p class='ocr_par' dir='ltr' id='par_1_10' title="bbox 0 0 1910 5650">
     <span class='ocr_line' id='line_1_41' title="bbox 0 0 1910 5650; baseline 0 0"><span class='ocrx_word' id='word_1_318' title='bbox 0 0 1910 5650; x_wconf 95' lang='lat' dir='ltr'> </span> 
     </span>
    </p>
   </div>
  </div>
 </body>
</html>
