3809 5650
403 714 406 720 ·
472 691 537 753 280
842 688 1199 758 ANNOTA'I'IONES

472 858 556 923 filius
580 859 650 936 fuit,
677 857 809 943 perinde
837 882 876 924 ao
904 862 1048 926 Jacobus
1074 860 1098 924 J
1100 869 1200 926 ustus.
1244 861 1364 947 Olopae·
1381 868 1490 927 tannen
1519 886 1576 928 son

472 958 597 1045 Oleopoe
619 960 701 1024 filius
718 961 836 1026 dicitur
852 985 892 1026 ex
915 964 1088 1048 adoptione
1105 964 1210 1048 legali.
1256 963 1339 1027 Nam
1354 985 1425 1027 omn
1440 964 1576 1049 Olsopas

471 1062 539 1126 sine
553 1063 660 1127 liberis
669 1064 865 1141 decessisset,
877 1061 902 1129 J
903 1067 1040 1151 osephus
1054 1067 1155 1130 frater
1166 1067 1264 1130 ducta
1278 1067 1346 1150 ejus
1357 1065 1453 1130 vidua
1467 1089 1575 1132 semen

471 1162 501 1226 ei
527 1164 701 1240 suscitavit,
727 1165 810 1231 siout
838 1167 949 1231 scribit
976 1159 1173 1251 Nicephorus
1199 1167 1232 1229 in
1260 1166 1342 1230 libro
1373 1165 1399 1230 Ι.
1429 1187 1497 1250 cap.
1519 1187 1572 1252 33.

471 1264 671 1350 Quamquam
696 1266 866 1352 Nicephori
884 1268 1231 1353 Constantinopolitani
1254 1268 1342 1331 locus
1361 1267 1456 1331 aliter
1473 1267 1573 1331 etiam

470 1364 621 1449 explicari
637 1373 761 1450 potest:
784 1376 821 1433 ut
836 1370 956 1435 scilieet
971 1370 1108 1456 Symeon
1122 1377 1157 1434 et
1171 1369 1192 1433 J
1193 1370 1311 1434 acobus
1324 1370 1348 1432 J
1351 1378 1440 1433 ustus
1454 1369 1572 1433 fratres

470 1466 629 1542 dicantur,
645 1467 752 1552 Glopae
768 1470 915 1534 nimirum
929 1472 995 1535 filii.
1041 1474 1138 1535 Certe
1155 1471 1402 1555 Chrysostomus
1421 1483 1455 1533 et
1470 1469 1572 1532 Theo

469 1569 601 1633 doretus
626 1569 659 1632 in
687 1570 854 1654 epistolam
882 1573 925 1637 ad
953 1572 1098 1649 Galatas,
1122 1565 1280 1636 Jacobum
1305 1572 1438 1636 «Iustum
1464 1571 1572 1654 Olopae

468 1669 569 1733 filium
583 1669 679 1734 fuisse
702 1671 854 1737 scribunt.
900 1672 1023 1737 Verum
1046 1674 1078 1737 in
1100 1675 1160 1738 hac
1183 1682 1276 1739 tanta
1296 1674 1487 1755 scriptorum
1508 1671 1571 1734 die

469 1771 643 1856 crepantia,
669 1771 844 1857 Hegesippi
866 1781 900 1838 et
921 1775 1095 1859 Epiphanii
1117 1774 1310 1838 sententiam
1332 1773 1421 1856 sequi
1442 1772 1550 1835 malim
1562 1796 1571 1845 ;

468 1878 504 1937 et
529 1873 717 1958 Symeonem
740 1874 847 1958 Glopae
873 1875 971 1938 filium
994 1875 1048 1959 qui
1070 1876 1235 1959 episcopus
1257 1875 1318 1938 fuit
1334 1873 1571 1957 Hierosolymo-

468 1995 549 2050 rum,
566 1997 586 2037 a
602 1975 757 2059 Symeone
772 1997 827 2038 seu
846 1975 954 2059 potius
977 1975 1105 2038 Simone
1119 1977 1143 2038 J
1145 1975 1255 2058 osephi
1277 1974 1340 2036 filio
1365 1974 1570 2058 distinguere.

469 2075 565 2140 Certe
588 2078 678 2139 Beda
699 2076 782 2138 hano
804 2077 934 2139 tandem
957 2075 1150 2140 sententiam
1179 2081 1293 2159 utpote
1314 2075 1482 2137 certiorem
1503 2097 1570 2138 am—

468 2176 580 2260 plexus
605 2182 665 2251 eut,
688 2196 761 2238 oum
788 2175 902 2238 Isidori
928 2175 1122 2239 sententiam
1136 2182 1233 2238 antea
1247 2181 1375 2238 secutus
1394 2174 1515 2251 luisset,
1532 2185 1570 2239 ut

467 2277 536 2362 ipse
555 2278 675 2341 latetur
692 2277 725 2338 in
743 2276 1039 2341 Retraotationibus
1057 2278 1090 2341 in
1112 2278 1199 2341 Acta
1221 2275 1445 2361 Apostolorum
1461 2299 1529 2360 cap.
1546 2279 1569 2339 i.

470 2377 587 2440 Isidori
609 2384 718 2439 autem
731 2376 820 2439 locus
833 2397 929 2460 quem
943 2377 1094 2463 intelligit
1109 2378 1207 2455 Beda,
1224 2384 1274 2441 est
1297 2377 1330 2440 in
1344 2377 1425 2440 libro
1441 2378 1480 2440 de
1494 2377 1569 2441 vitis

469 2479 605 2542 Petrum
625 2476 790 2561 utriusque
805 2479 1019 2543 Testamenti.
1065 2480 1118 2542 Ex
1138 2502 1201 2565 quo
1216 2480 1314 2544 etiam
1337 2479 1419 2543 libro
1441 2480 1568 2543 desum-

467 2587 538 2645 tum
560 2585 610 2643 est
635 2578 849 2664 fragmentum
872 2579 950 2644 illud
975 2583 1062 2666 quod
1087 2605 1185 2666 supra
1210 2582 1307 2646 citavi
1337 2582 1405 2646 sine
1430 2580 1572 2645 auctoris

468 2680 604 2745 nomine.
628 2679 792 2745 Vetusius.
837 2682 927 2747 Ante
948 2683 1125 2747 adductum
1147 2706 1186 2748 ex
1209 2683 1395 2770 Hegesippo
1417 2684 1457 2747 de
1472 2683 1572 2766 Olopn

467 2780 564 2859 istud,
580 2782 666 2867 quod
688 2788 722 2846 et
741 2781 817 2847 alibi
832 2783 873 2847 ab
890 2782 1030 2849 Eusebio
1044 2806 1085 2849 ex
1100 2785 1212 2851 eodem
1234 2786 1368 2851 allatum
1388 2785 1503 2861 fuerat,
1520 2805 1570 2846 ve-

467 2890 569 2947 terem
585 2884 745 2968 quandam
760 2884 978 2948 narrationem
990 2883 1176 2972 Hegesippo
1190 2888 1327 2953 fortasse
1342 2888 1484 2951 debitam
1499 2907 1570 2970 pro-

467 2984 531 3050 fert
556 2986 609 3049 ille
632 2987 672 3049 de
696 2986 829 3051 suffecto
850 2987 1007 3072 Symeone
1033 2988 1067 3052 iu
1093 2989 1313 3074 episcopatum
1338 2985 1566 3071 Hierosolymi-

467 3094 579 3152 tanum
597 3089 640 3152 ab
661 3089 826 3173 apostolis,
842 3089 1030 3174 caeterisque
1050 3091 1183 3154 Domini
1204 3087 1366 3172 discipulis
1384 3094 1482 3171 atque
1497 3109 1568 3172 cog-

467 3192 562 3269 natis,
586 3199 744 3276 quotquot
769 3192 874 3257 adhuc
899 3214 1010 3257 eornm
1033 3193 1222 3277 superstites
1247 3189 1395 3273 agebant.
1449 3192 1508 3251 Kal
1533 3191 1568 3267 δὴ

466 3292 527 3355 tot
548 3297 616 3370 μιᾶς
629 3295 758 3373 γνῶμης,
774 3294 822 3357 ait
844 3293 908 3371 ille,
930 3296 999 3361 τοὺς
1015 3291 1131 3359 πάντας
1150 3296 1293 3369 Συμεῶνα
1307 3287 1359 3352 τὸν
1373 3293 1425 3351 τοῦ
1441 3291 1565 3365 Κλωπᾶ,

466 3394 502 3456 οὗ
513 3395 562 3456 καὶ
576 3394 657 3471 ἡτοῦ
669 3395 847 3473 εὐαγγελίου
860 3396 1038 3474 μνημονεύει
1047 3392 1158 3474 γραφὴ,
1171 3396 1224 3454 τοῦ
1237 3394 1288 3469 τῆς
1299 3391 1400 3455 audon
1413 3392 1567 3469 παροικίας

466 3494 574 3573 θρόνου
598 3494 682 3569 ἄξιον
697 3493 772 3555 εἶναι
789 3495 955 3574 δοκιμασω,
981 3493 1111 3575 ἀνεψιὸν
1136 3494 1175 3560 ὥς
1195 3518 1233 3573 γε
1254 3493 1332 3572 φασὶ
1352 3492 1499 3572 γεγονότα
1514 3498 1566 3553 τοῦ

466 3596 612 3673 Σωτῆρος.
648 3599 735 3657 ΊῸΝ
745 3591 1013 3674 γὰροῦνΚλαπᾶν
1026 3596 1082 3657 dtu.
1122 3595 1229 3657 Omnes
1242 3593 1344 3677 itaque
1358 3614 1417 3656 uno
1430 3613 1566 3656 αυαςαιιαιι

466 3696 641 3779 dyaconem
654 3694 761 3777 fidium
780 3693 908 3781 Oleopae,
926 3694 1014 3757 illics
1036 3693 1121 3778 cujus
1145 3695 1181 3757 ιἰι
1203 3693 1366 3779 commoliri
1378 3697 1421 3777 fit
1446 3694 1565 3770 montio,

464 3795 630 3884 episcopali
650 3795 716 3860 odo
737 3795 864 3880 αιῗρυιιυι
878 3794 1105 3879 judscoommt.
1151 3795 1299 3859 Creditur
1319 3803 1419 3857 actem
1441 3796 1569 3877 Symeon

459 3899 612 3987 ραίηιαίὶι
622 3899 723 3984 scisse
743 3900 912 3964 οαυαίοτιῗι.
957 3898 1061 3963 NAM
1086 3899 1237 3985 Oleopam
1263 3902 1319 3962 &o
1364 3897 1481 3962 Itidem
1497 3921 1566 3983 cap.

466 4022 520 4089 32.
538 4001 638 4086 ejusd.
657 4000 710 4065 lib.
727 4000 811 4065 idem
834 3999 1004 4065 historicus
1027 4000 1148 4078 scribit,
1168 4002 1305 4085 λογίσμιρ
1329 3998 1352 4063 δ’
1378 3998 1417 4062 ἂν
1443 4002 1491 4065 καὶ
1514 4000 1567 4063 τὸν

466 4110 609 4184 Συμεῶνα
631 4108 691 4166 τῶν
710 4103 863 4167 αὐτοπτῶν
882 4103 931 4166 καὶ
949 4104 1100 4183 αὐτηκόαν
1121 4106 1199 4167 εἴποι
1220 4103 1259 4165 ἄν
1278 4127 1322 4168 τις
1342 4100 1502 4184 γεγονέναι
1516 4108 1568 4164 τοῦ

467 4207 588 4286 Κυρίου,
609 4205 752 4289 τεκμηρίῳ
771 4208 812 4289 τῷ
830 4203 917 4283 μήκει
934 4209 987 4267 τοῦ
1008 4206 1119 4286 χρόνου
1137 4208 1189 4282 τῆς
1208 4203 1298 4267 αὐτοῦ
1318 4206 1391 4281 ζωῆς
1405 4203 1570 4283 χρώμενος,

468 4307 515 4369 καὶ
534 4309 574 4390 τῶ
592 4306 788 4384 μνημονεύειν
810 4305 865 4383 τὴν
884 4310 943 4368 τῶν
963 4305 1148 4387 εὐαγγελίου
1167 4305 1288 4385 γραφὴν
1308 4305 1428 4383 Μαρίας
1446 4307 1498 4381 τῆς
1515 4309 1567 4367 τοῦ

467 4410 592 4470 Κλαπῶ·
613 4402 649 4468 οὗ
662 4406 821 4488 γεγονέναι
836 4406 935 4482 αὐτὸν,
951 4406 1001 4469 καί
1019 4408 1164 4487 πρότερον
1179 4408 1196 4469 ὁ
1210 4409 1303 4487 λόγος
1318 4404 1479 4484 ἐδήλωσεν.
1526 4405 1566 4466 In

466 4507 613 4590 Pupieno
634 4506 829 4590 Γναριαοαυο,
853 4508 939 4593 quod
963 4507 1102 4572 Grabius
1124 4506 1245 4592 primus
1267 4505 1380 4582 edidit,
1405 4505 1475 4590 ipsa
1499 4505 1567 4568 haeo

468 4607 587 4683 Maria,
607 4628 703 4689 quam
718 4608 865 4692 Oleopbae
880 4611 903 4673 J
905 4630 1025 4674 oannes
1043 4610 1077 4673 in
1092 4609 1265 4695 Evangelio
1284 4608 1432 4693 appellat,
1449 4605 1567 4691 Alphei

466 4728 557 4783 uxor,
568 4728 721 4790 sororque
733 4708 848 4773 Marioe
861 4711 974 4776 matris
985 4710 1114 4774 Domini
1128 4710 1225 4774 luisse
1238 4710 1364 4788 dieitur,
1374 4715 1408 4772 et
1419 4707 1567 4792 Oleophae
