3809 5650
479 689 719 754 EPISTOLA
742 691 1081 755 VIENNENSIUM
1103 690 1169 755 ΕΤ
1193 688 1339 756 LUGD.
1394 690 1461 759 81⁷

364 858 465 961 ζόαν,
482 857 572 958 μηδέ
590 859 763 959 α’ίσθησιν
785 860 836 939 ἔτι
862 867 934 941 τῶν
952 859 1226 960 συμβαινόντων
1250 861 1386 966 ἔχουσα
1403 859 1463 941 διὰ

365 992 431 1091 τὴν
449 993 578 1072 ἐλπίδα
595 995 653 1073 καὶ
675 992 809 1098 ἐποχὴν
833 1001 905 1073 τῶν
928 993 1217 1092 πεπιστευμένων
1235 997 1293 1073 καὶ
1319 995 1464 1094 ὁμιλίαν

365 1123 456 1229 πρὸς
473 1125 647 1228 Χριστὸν,
667 1127 772 1228 ἐτύθη
791 1132 849 1209 καὶ
862 1127 962 1229 αι’ττῆ·
987 1131 1046 1207 καὶ
1060 1129 1177 1207 αὐτῶν
1191 1126 1465 1229 ὁμολογούντων

366 1265 439 1338 τῶν
461 1262 582 1358 ἐθνῶν,
601 1259 655 1340 δτι
682 1260 771 1362 μηδέ
797 1265 942 1344 πώποτε
965 1264 1050 1366 παρ’
1067 1263 1185 1346 αι’ττοῖς
1210 1258 1301 1363 γυνὴ
1319 1270 1465 1342 τοιαῦτα

340 1396 425 1480 5καὶ
445 1403 604 1474 τοσαῦτα
621 1396 763 1476 ἔπαθεν.

425 1526 477 1606 ιε’.
499 1530 607 1608 Ἀλλ’
621 1531 692 1608 οὐδ
710 1531 822 1614 οὕτως
840 1529 947 1633 κόρον
965 1530 1168 1629 ἐλάμβανεν
1186 1530 1302 1609 αὐτῶν
1321 1529 1468 1629 ἡμανία

369 1664 428 1739 καὶ
446 1662 468 1760 ἡ
486 1660 577 1765 πρὸς
595 1662 677 1747 τοὺς
698 1663 819 1765 ἁγίους
838 1663 989 1765 ὠμότης.
1021 1662 1090 1744 ὑπὸ
1114 1661 1184 1766 γὰρ
1209 1664 1334 1763 ἀγρίου
1359 1660 1469 1764 θηρὸς

370 1794 480 1896 ἄγρια
497 1800 555 1874 καὶ
572 1797 741 1899 βάρβαρα
755 1804 858 1901 φῦλα
875 1796 1107 1901 ταραχθέντα,
1127 1793 1369 1878 δυσπαίστως
1384 1791 1467 1899 εἶχε·

371 1931 430 2006 καὶ
454 1929 575 2029 ἄλλην
600 1930 690 2011 ἰδίαν
714 1930 829 2034 ἀρχὴν
855 1933 912 2011 ἐπὶ
929 1938 1003 2015 τοῖς
1026 1930 1198 2029 σώμασιν
1218 1927 1422 2028 ἐλάμβανεν
1445 1928 1468 2028 ἡ

327 2063 473 2167 ιοῦβρις
494 2066 623 2146 αὐτῶν.
653 2064 695 2144 τὸ
720 2065 792 2169 γὰρ
817 2070 1021 2165 νενικῆσθαι
1046 2063 1172 2148 αὐτοὺς
1197 2065 1261 2144 οὐκ
1285 2063 1470 2160 ἐδυσώπει,

371 2198 430 2279 διὰ
448 2198 490 2279 τὸ
507 2200 558 2301 μὴ
577 2202 669 2306 ἔχειν
687 2202 910 2304 ἀνθρώπινον
927 2195 1178 2300 ἐπιλογισμόν·
1199 2193 1395 2298 μᾶλλονδὲ
1412 2197 1471 2275 καὶ

372 2332 513 2438 ἐξέκαεν
531 2336 648 2414 αὐτῶν
665 2334 731 2434 τὴν
745 2334 871 2438 ὀργήν·
901 2334 1061 2436 καθάπερ
1086 2332 1210 2435 θηρίου
1228 2333 1287 2409 καὶ
1308 2337 1371 2409 τοῦ
1389 2328 1472 2431 ἡγε-

373 2464 482 2565 μόνος
498 2471 556 2547 καὶ
574 2477 638 2548 τοῦ
656 2468 781 2568 δήμου,
802 2468 844 2547 τὸ
863 2467 985 2566 ὅμοιον
1002 2473 1050 2551 εἰς
1068 2469 1160 2566 ἡμᾶς
1178 2469 1308 2550 ἀδικῶς
1323 2468 1474 2546 ἐπιδεικ-

375 2599 532 2696 νυμένων
549 2609 670 2697 μῖσος·
698 2601 756 2680 ’ίνα
774 2602 797 2700 ἡ
816 2601 940 2705 γραφὴ
958 2606 1145 2704 πληρωθῇ,
1164 2602 1208 2679 Ρὸ
1227 2600 1359 2698 ἄνομος
1384 2602 1469 2679 ἀνο-

333 2764 344 2803 ι
348 2759 365 2821 5
376 2729 529 2832 μησάτω
547 2733 609 2832 ἔτι,
624 2736 683 2813 καὶ
702 2735 722 2812 ὁ
740 2735 873 2817 δίκαιος
891 2733 1110 2835 δικαιωθῆτω
1129 2733 1190 2815 ἔτι.
1218 2732 1366 2837 καὶγὰρ
1390 2731 1474 2819 τοὺς

374 2868 673 2970 ἐναποπνιγέντας
685 2871 723 2949 ἐν
736 2874 782 2974 τῇ
795 2875 925 2973 εἱρκτῇ,
939 2868 1149 2972 παρέβαλον
1159 2870 1275 2948 κυσίν·
1298 2872 1474 2969 ἐπιμελῶς

377 3117 515 3186 sentiens,
530 3129 594 3177 tum
612 3119 650 3177 ob
670 3139 750 3196 spem
770 3130 801 3178 et
821 3138 899 3177 com-
949 3118 1058 3187 viendi,
1091 3118 1121 3176 in
1150 3128 1316 3176 sanctorum
1346 3116 1474 3194 corpori·

377 3197 598 3276 prehensionem
622 3217 722 3256 eorum
748 3219 813 3275 quoe
837 3218 898 3257 cre·
949 3199 1005 3257 bun
1033 3199 1178 3276 protervia
1206 3197 1323 3255 illorum
1351 3196 1475 3256 invenit.

378 3278 465 3336 debat
492 3279 644 3347 bonorum,
670 3288 733 3335 tum
758 3280 795 3337 ob
819 3278 903 3336 fami·
951 3277 1059 3355 Neque
1072 3277 1149 3335 enim
1166 3297 1203 3336 ex
1219 3297 1254 3335 eo
1267 3277 1346 3354 quod
1365 3296 1383 3335 ιι
1401 3295 1476 3334 mar-

333 3357 479 3415 zoliarem
508 3377 692 3435 congressum
723 3378 809 3434 quem
835 3378 901 3417 cum
951 3359 1077 3437 tyribus,
1098 3358 1168 3417 victi
1199 3356 1336 3426 fuissent,
1365 3355 1478 3435 pudore

379 3436 497 3495 Christo
534 3438 565 3494 in
601 3437 731 3496 oratione
768 3438 901 3505 habebat,
952 3458 986 3496 ae
1015 3436 1189 3497 verecundia
1224 3436 1478 3506 suffundebantur,

378 3515 496 3576 tandem
517 3528 548 3575 et
575 3518 639 3595 ipsa
662 3517 787 3576 vietimoe
811 3519 902 3577 instar
952 3517 1062 3597 quippe
1088 3517 1139 3595 qui
1171 3518 1298 3575 humano
1330 3535 1417 3575 sensu
1444 3536 1478 3576 αα

376 3596 511 3675 jugulata
531 3608 595 3655 estz
624 3596 695 3675 ipsis
716 3598 804 3657 etiam
821 3599 901 3657 Gen·
952 3598 1065 3656 ratione
1118 3598 1217 3657 enitus
1251 3607 1349 3656 essent
1386 3595 1478 3655 desti·

379 3677 479 3736 tilibus
499 3678 625 3755 ingenue
647 3677 816 3746 fatentibus,
835 3678 902 3736 nul-
953 3679 1021 3736 tuti.
1051 3618 1225 3736 Seticontra
1240 3675 1377 3735 Praesidis
1390 3673 1479 3734 simul

334 3755 436 3830 251am
462 3776 588 3833 unquam
611 3755 688 3835 apud
710 3778 741 3815 se
765 3758 902 3816 feminam
954 3777 987 3815 ac
1025 3755 1128 3836 populi
1165 3767 1304 3833 tanquam
1344 3754 1478 3813 immani·

380 3836 536 3903 exstitisse,
552 3856 616 3913 quoe
629 3847 674 3895 tot
688 3856 721 3895 ac
734 3848 816 3896 tanta
836 3857 902 3916 per-
952 3836 1059 3895 belluoe
1080 3836 1171 3912 magis
1184 3835 1253 3893 inde
1267 3833 1479 3893 accendebatur

380 3916 492 3974 tulerit.
952 3915 1047 3981 furor,
1076 3915 1126 3991 qui
1154 3914 1271 3991 quidem
1299 3912 1382 3971 nullo
1411 3912 1479 3988 jure

425 4010 471 4069 15.
488 3995 548 4054 Sed
566 4016 603 4053 ne
624 3996 800 4072 sicquidem
821 3996 904 4055 furor
954 3995 1091 4053 adversus
1112 4013 1165 4051 noe
1188 3991 1291 4070 aequali
1314 3992 1381 4050 odio
1403 3992 1480 4049 fere·

381 4075 498 4133 illorum
523 4087 554 4132 et
576 4075 740 4133 immanitas
766 4075 904 4134 adversus
955 4075 1079 4131 bantur:
1101 4083 1137 4131 ut
1150 4072 1321 4150 impleretur
1336 4070 1481 4149 scriptura

333 4174 373 4228 30
382 4165 496 4213 sanctos
506 4154 683 4231 conquievit.
706 4154 825 4232 Quippe
835 4155 904 4212 ferae
955 4171 1020 4229 quoe
1041 4152 1132 4210 dicit:
1162 4151 1286 4230 Iniquus
1309 4150 1403 4209 adhuc
1424 4153 1480 4208 ini-

382 4248 413 4294 et
439 4235 566 4293 barbaroe
593 4245 695 4312 gentes
722 4235 758 4292 ab
786 4234 904 4291 immani
956 4253 1009 4310 que
1027 4240 1107 4310 agat,
1125 4240 1150 4290 et
1160 4233 1263 4309 justus
1281 4231 1377 4289 adhuc
1385 4229 1480 4308 justi-

383 4314 434 4372 illa
474 4314 567 4372 bestia
608 4314 771 4380 eoncitatae,
809 4312 905 4389 pacari
949 4313 1065 4388 ficetur.
1107 4313 1220 4369 Eorum
1252 4311 1330 4369 enim
1360 4329 1481 4388 corpora

383 4393 466 4452 facile
484 4414 543 4451 non
563 4405 706 4473 poterant.
749 4394 830 4465 Quin
853 4412 905 4471 po-
957 4392 1007 4468 qui
1037 4392 1066 4448 in
1090 4409 1203 4450 earcere
1227 4389 1360 4449 suffocati
1385 4388 1479 4468 perio·

384 4475 444 4533 tius
464 4473 544 4532 aliud
558 4473 703 4551 quoddam
717 4473 833 4531 initium
853 4492 905 4531 οω-
957 4482 1032 4541 rant,
1061 4471 1180 4530 mnibus
1208 4469 1377 4547 objecerunt
1388 4491 1398 4540 ς
1421 4467 1479 4528 wl-

747 4635 849 4698 νλροα
861 4632 969 4697 mmuh.
981 4644 1116 4682 mmmm.
