3809 5650
434 659 477 720 48
770 656 1012 739 uuu1Qu1AE
1036 659 1209 724 saouAE.

431 822 646 927 σμάραγδον
664 823 752 904 ὄντα
772 827 831 902 καὶ
853 824 1099 927 πολυτίμητον
1115 860 1214 906 τισιν
1233 828 1343 908 ὕαλος
1366 822 1535 927 ένυβρίζει

432 955 491 1037 διὰ
512 958 640 1061 τέχνης
663 957 960 1060 ταρομοιονμένη,
979 958 1116 1038 &rocca
1138 958 1192 1058 μὴ
1219 963 1318 1062 παρῇ
1347 960 1367 1036 ὁ
1395 956 1534 1036 σθένων

431 1089 625 1188 δοκιμάσαι
643 1094 702 1169 καὶ
719 1090 827 1194 τέχνῃ
846 1090 1027 1197 διελέγξαι
1052 1091 1119 1189 τὴν
1145 1089 1358 1193 πανούργως
1382 1091 1531 1192 γενομέ-

432 1257 507 1323 νην.
565 1223 652 1303 ὅταν
680 1223 717 1302 δὲ
744 1226 890 1326 ἐπιμιγῇ
920 1226 940 1301 ὁ
967 1223 1106 1327 χαλκὸς
1133 1231 1182 1307 εἱς
1208 1224 1272 1302 τὸν
1295 1226 1463 1326 ἄργυρον,
1480 1224 1534 1306 τίς

431 1354 586 1439 εὐκόλως
632 1355 822 1456 δυνήσεται
867 1364 996 1435 τοῦτον
1045 1359 1216 1461 ἀκεραίως
1258 1357 1443 1465 (ἀκῲαιος
1482 1355 1558 1444 (ivs

431 1503 547 1582 legebat
561 1505 633 1565 vet.
648 1505 818 1584 Interpres3
841 1506 902 1565 vid.
917 1489 1004 1598 not.)
1024 1488 1218 1590 δοκιμάσαι
1230 1523 1241 1584 ;

430 1698 591 1777 pretiosum
629 1699 822 1777 smaragdum.
857 1699 955 1778 magui
1004 1698 1127 1757 tificium
1151 1717 1282 1776 arguere,
1306 1697 1385 1774 quod
1409 1697 1531 1756 subdole

430 1778 518 1872 pretii
546 1777 624 1856 apud
651 1779 802 1855 quosdam,
828 1779 955 1837 vitreum
1005 1779 1043 1836 sit
1066 1779 1186 1836 factum.
1228 1778 1330 1849 Quum
1351 1777 1428 1835 enim
1453 1796 1530 1834 com-

429 1877 461 1914 m
482 1857 546 1934 ejus
564 1858 769 1916 coutumeliam
790 1878 843 1937 per
863 1869 955 1916 artem
1005 1856 1130 1915 mixtum
1154 1856 1245 1916 fuerit
1269 1867 1456 1914 aeramentum
1484 1876 1530 1914 ar·

430 1936 630 2007 assimilatum,
665 1937 854 2015 quoadusque
895 1957 955 1994 nou
1004 1947 1103 2014 gemo,
1125 1936 1192 2013 quis
1210 1935 1294 1994 facilc
1314 1936 1432 2014 poterit,
1449 1934 1531 1993 rudis
1544 1960 1580 1998 ιο

430 2015 512 2074 adest
531 2016 582 2092 qui
601 2026 698 2094 potest
714 2018 846 2095 probare,
861 2026 891 2075 et
909 2036 956 2073 ar·
1005 2035 1096 2092 quum
1111 2015 1159 2081 sit,
1175 2017 1229 2074 hoc
1242 2015 1385 2094 probare?

799 2202 1163 2252 .-.-...’..-

955 2372 1006 2442 ΙΙ.

472 2529 586 2589 Similia
607 2531 685 2590 enim
708 2531 862 2610 loquentes
884 2541 954 2613 (scil.
968 2541 1107 2611 Haeretici)
1128 2533 1273 2603 fidelibus,
1295 2541 1393 2613 (inquit
1413 2540 1530 2597 lrenaeus
1640 2594 1643 2598 .

429 2641 476 2697 lib.
489 2641 525 2695 iii.
546 2641 629 2710 ejusd.
649 2643 751 2713 Operis,
771 2643 831 2713 ipso
849 2642 901 2696 fine
921 2661 980 2714 cap.
992 2644 1055 2698 xvii.
1068 2645 1102 2698 al.
1116 2662 1139 2699 c.
1152 2644 1205 2698 xix.
1224 2662 1252 2714 p.
1265 2646 1339 2716 το9.)
1360 2637 1440 2697 sicut>
1457 2658 1530 2717 proe·

429 2739 566 2807 diximus,
591 2760 650 2798 uon
672 2740 767 2799 solum
790 2739 942 2799 dissimilia
966 2741 1094 2820 sapiunt,
1116 2740 1168 2800 sed
1191 2750 1222 2800 et
1246 2743 1401 2810 contraria.
1424 2753 1455 2802 et
1478 2757 1576 2821 pects

429 2846 528 2905 omnia
543 2846 630 2923 plena
645 2847 843 2926 blasphemiis,
857 2868 910 2927 per
929 2866 994 2924 qua
1012 2846 1194 2906 interficiunt
1214 2867 1274 2914 eos,
1288 2848 1339 2925 qui
1358 2869 1412 2927 per
1429 2849 1531 2908 simili·

429 2950 563 3008 tudinem
591 2951 746 3009 verborum
775 2949 915 3009 dissimile
942 2949 1105 3009 affectionis
1135 2970 1235 3009 eorum
1264 2950 1294 3007 iu
1322 2971 1353 3009 se
1380 2952 1532 3010 attrahunt

429 3074 593 3113 venenum:
615 3056 692 3114 sicut
705 3054 772 3130 quis
786 3072 867 3130 aquae
882 3054 1006 3113 mixtum
1021 3074 1146 3133 gypsum
1160 3054 1232 3112 dans
1245 3074 1299 3132 pro
1312 3054 1397 3121 lacte,
1413 3056 1531 3114 seducat

428 3178 481 3237 per
494 3159 715 3218 similitudinem
731 3157 836 3217 coloris
845 3181 854 3229 ς
876 3158 952 3217 sicut
966 3158 1084 3235 quidam
1100 3158 1176 3216 dixit
1195 3157 1353 3215 Βοττιαῖοι
1373 3176 1479 3224 noma,
1494 3157 1530 3216 de

428 3262 564 3320 omnibus
578 3261 628 3339 qui
643 3260 774 3338 quolibet
791 3261 879 3318 modo
897 3261 1057 3340 depravant
1070 3280 1135 3337 quae
1153 3271 1222 3318 suut
1236 3260 1305 3327 Dei,
1320 3272 1351 3320 et
1364 3260 1530 3319 adulterant
1541 3274 1578 3312 20

429 3373 598 3431 veritatem:
623 3365 664 3427 lu
680 3363 741 3427 Dei
755 3363 839 3426 lactc
852 3384 988 3448 gypsum
1002 3363 1085 3427 male
1099 3363 1258 3429 miscetur.

802 3591 1167 3630 *—

945 3751 1017 3821 III.

469 3923 620 3989 -Καθῶς
634 3918 673 3987 Ὁ
696 3925 905 3985 ΚΡΕΙΣΣΩΝ
927 3918 1068 3983 ἨΜΩΝ
1092 3920 1192 3994 (verba
1216 3920 1319 3980 Ireuoei
1339 3934 1408 3981 sunt
1432 3922 1483 3981 lib.
1500 3922 1525 3980 1.

427 4035 519 4113 ejusd
533 4034 587 4113 Op.
602 4055 627 4092 c.
643 4034 705 4091 xiii.
721 4033 747 4108 ξ.
759 4052 789 4107 3.
804 4032 840 4090 ul.
854 4031 914 4088 viii.
929 4052 958 4109 p.
970 4032 1020 4088 62.
1036 4030 1072 4087 al.
1088 4034 1132 4106 9.)
1150 4030 1208 4111 ἔφη
1227 4032 1295 4112 περὶ
1312 4038 1371 4096 τῶν
1388 4035 1527 4096 τοιούτων

429 4146 502 4216 (scil.
518 4149 554 4207 de
569 4149 649 4208 falsis
669 4151 833 4229 prophetia)
852 4135 940 4215 Ὅτι
967 4135 1153 4237 τολμηρὸν
1177 4139 1236 4215 καὶ
1261 4138 1399 4222 ἀναιδὲς
1423 4138 1573 4245 dccxci&

426 4274 516 4373 κενῷ
534 4270 610 4370 ἀέρι
630 4269 899 4370 θερμαινομένη.

832 4469 1016 4539 interpretatio
1032 4436 1118 4522 Vetus.

463 4589 574 4646 —Sicut
593 4607 714 4647 uastos
733 4611 827 4649 uoms
846 4595 879 4650 de
892 4597 951 4650 tali·
1001 4597 1096 4655 audax
1110 4608 1141 4656 et
1156 4596 1349 4656 inverecunda
1362 4608 1407 4656 eat
1420 4596 1525 4661 anima,

425 4657 478 4714 Μ’
507 4661 644 4732 ΡῐθΡῧθῑῑθ
673 4665 833 4734 “multura
861 4666 950 4736 Quod
1001 4695 1065 4752 quae
1082 4696 1171 4734 vacuo
1184 4684 1250 4735 utre
1263 4675 1440 4735 excalefacta
1454 4687 1508 4735 eat.
