3809 5650
492 699 557 761 9238
860 698 1223 764 ANNOTATIONES

488 868 588 930 odoro
605 867 786 931 Metochitc
800 870 1017 943 statuendum,
1034 869 1135 953 quiin
1150 870 1293 933 Historia
1306 890 1327 932 c
1344 868 1487 931 Mcursio
1506 867 1600 930 edita

488 992 518 1052 p.
536 972 586 1035 62.
603 970 735 1033 candem
749 971 917 1034 lectionem
934 980 1079 1055 praestut.

533 1070 569 1133 P.
588 1091 660 1153 209.
677 1070 695 1134 l.
717 1073 747 1134 8.
770 1075 802 1150 ἐξ
817 1075 872 1157 ὧν]
892 1073 928 1150 ἐξ
941 1075 976 1136 οὗ
991 1073 1076 1136 haud
1095 1072 1177 1135 mslc
1197 1074 1345 1157 Gccrpine
1360 1073 1489 1155 Syncell.

533 1172 616 1234 Ibid.
634 1172 653 1235 l.
666 1194 694 1258 9.
716 1175 768 1236 οὐκ
786 1176 943 1237 ἐπίστευον
962 1177 1030 1238 οὔτε
1046 1174 1228 1256 ἀνάστασιν]
1248 1173 1335 1237 Maio
1352 1173 1485 1236 Rufinus
1503 1192 1596 1235 eum·

489 1295 551 1357 quc
578 1282 706 1338 secutus
731 1275 1038 1359 christophorsonus
1063 1274 1160 1338 vertit
1185 1296 1244 1337 non
1273 1275 1475 1348 crediderunt,
1503 1274 1595 1357 quasi

490 1374 650 1458 legeretur
671 1378 723 1439 οὐκ
745 1379 936 1440 ἐπίστευσαν.
986 1378 1097 1461 Longe
1116 1376 1228 1438 meiius
1245 1375 1409 1440 Masculus
1424 1376 1522 1439 vertit
1536 1397 1598 1438 ιιοπ

491 1477 623 1539 ονοάιιιιι.
652 1477 735 1541 Nem
750 1479 936 1541 Graeccvox
952 1479 1034 1541 hunc
1049 1478 1147 1540 habet
1162 1477 1433 1556 significationem.
1464 1477 1597 1541 Falsum

491 1587 600 1644 tamen
622 1588 672 1643 cst
694 1603 748 1643 cas
770 1589 874 1644 sectus
901 1603 964 1644 non
991 1579 1161 1643 credidisse
1188 1579 1452 1641 resurrectionem
1511 1578 1596 1642 Num

493 1681 647 1745 Phcrisaei
663 1704 733 1746 cem
749 1683 931 1746 credebant.
958 1683 1122 1743 Venesrus.
1162 1681 1211 1743 De
1228 1680 1349 1743 Christi
1364 1680 1596 1743 resurrectione

493 1783 710 1868 Hegesippum
732 1784 962 1868 interpretetus
979 1791 1029 1847 cst
1048 1783 1192 1856 Rufinus,
1208 1781 1372 1852 vertendo,
1387 1803 1446 1843 ιισιι
1464 1782 1597 1844 credide-

491 1894 564 1946 runt
577 1906 669 1968 neque
682 1887 845 1948 surrexisse
858 1907 933 1960 αισι,
949 1906 1040 1969 neque
1054 1894 1211 1946 centorum
1224 1885 1280 1945 &c
1312 1881 1540 1965 Fabriciusque
1554 1883 1597 1945 cd

493 1985 633 2049 Abdicnr
650 1986 682 2048 in
695 1986 866 2070 Apostolicc
882 1987 967 2049 Hier.
1004 1985 1154 2048 Rufinum
1171 1984 1402 2047 exscribentcm
1417 1984 1595 2056 annotavit,

492 2091 514 2121 “
529 2083 622 2168 longe
646 2085 757 2147 melius
780 2106 851 2147 cum
875 2092 946 2147 tota
970 2085 1050 2147 serie
1074 2084 1227 2147 orationis
1250 2083 1398 2160 cohaeret,
1424 2085 1450 2148 ei
1475 2083 1596 2147 Christi

493 2191 514 2221 “
531 2185 796 2248 resurrectionem
813 2185 855 2247 ab
875 2186 935 2248 illis
953 2186 1110 2248 haereticis
1128 2193 1277 2269 negatum
1293 2206 1365 2247 cum
1380 2185 1496 2247 Rufino
1514 2185 1600 2249 dice-

493 2298 513 2319 “
529 2308 610 2348 nius.
646 2287 771 2349 Volesic
786 2294 894 2349 tamon
909 2298 943 2351 et
960 2287 1108 2351 Musculo
1122 2287 1339 2370 adstipulatur
1354 2287 1597 2370 Metnphrastes

493 2396 512 2423 “
528 2411 559 2471 p.
577 2405 651 2471 525.
696 2392 736 2452 Οἱ
756 2391 788 2450 δὲ
810 2388 956 2465 ἠπίστουν
976 2415 1008 2452 τε
1028 2390 1074 2451 καὶ
1093 2389 1259 2468 ἀντέλεγον
1275 2391 1348 2450 κατὰ
1362 2388 1530 2467 παράδοσιν
1544 2390 1599 2452 σιἰκ

492 2497 512 2525 “
530 2491 621 2568 ὀρθὴν
641 2491 689 2553 καὶ
708 2490 836 2567 πλάνην.
883 2493 921 2553 At
941 2494 999 2571 γὰρ
1019 2490 1150 2570 αἱρέσεις
1168 2492 1254 2552 αὗται
1275 2493 1355 2570 παρὰ
1374 2490 1537 2566 Ἰουδαίοις,
1559 2491 1599 2558 ὣς

493 2601 513 2623 “
531 2595 596 2653 θεῖα
615 2593 692 2671 φασὶ
710 2595 799 2672 λόγια
814 2591 958 2675 (respicit
974 2593 1048 2656 Act.
1061 2592 1147 2654 xxiii.
1165 2594 1195 2654 8.
1212 2592 1266 2655 ubi
1281 2593 1322 2655 de
1336 2592 1411 2655 solis
1426 2613 1530 2654 sermo
1545 2597 1597 2654 est

494 2702 513 2723 “
531 2692 728 2772 Sadducaeis)
748 2694 816 2755 οὔτε
836 2692 1007 2755 ἀνάστασιν
1029 2692 1227 2771 ἐπρέσβευον,
1247 2695 1315 2756 οὔτε
1331 2696 1496 2775 ἐρχόμενον
1519 2694 1595 2755 ἀπο-

492 2802 513 2831 “
530 2799 632 2858 δοῦναι
655 2798 687 2858 ἑκ
746 2821 769 2878 cp
793 2797 867 2857 κακὰ
888 2796 926 2858 τὰ
948 2795 1023 2876 ἔργα
1046 2793 1163 2857 αιἰτοΰ.”
1205 2794 1277 2859 Ood.
1299 2794 1472 2879 Apocryph.
1495 2795 1542 2858 N.
1559 2795 1596 2859 T.

491 2904 570 2961 tom.
585 2897 617 2959 ii.
627 2920 657 2981 p.
671 2903 746 2980 603.
787 2896 868 2959 Haec
885 2896 1060 2960 Fabricius.
1103 2897 1148 2960 Et
1163 2896 1196 2958 in
1216 2897 1598 2980 ΟοοιπιοιιιονιοιίοΗσρσ-

491 3001 574 3083 cippi
600 3000 777 3063 Testimcnic
798 2999 836 3061 dc
858 3000 975 3082 Septem
996 3000 1176 3061 Jedaecrnm
1202 3000 1305 3074 Sectis,
1330 2999 1482 3062 Boncuiae
1507 3000 1598 3062 edito

492 3123 577 3164 anno
596 3122 689 3186 1793,
706 3100 878 3163 Francisco
897 3100 1005 3163 Florio
1021 3102 1158 3183 probata
1176 3108 1227 3164 est
1242 3101 1413 3165 Rufinicnc
1426 3102 1597 3165 verborum

495 3204 668 3287 Hegceippi
687 3202 853 3285 expositio.
880 3203 949 3264 Vid.
969 3225 999 3285 p.
1015 3222 1068 3285 54.
1115 3203 1155 3264 In
1175 3202 1236 3265 hoc
1255 3209 1363 3266 sutem
1383 3203 1482 3266 Florii
1502 3224 1597 3287 opus·

493 3303 563 3366 culo
579 3312 726 3387 postumo
744 3304 786 3366 eb
806 3325 844 3366 eo
861 3303 1042 3366 ostenditur
1056 3309 1145 3366 rectu
1160 3303 1257 3367 fuisse
1271 3305 1294 3366 J
1298 3304 1482 3367 udaiccrum
1496 3304 1597 3367 haere-

493 3405 574 3468 sium
597 3406 662 3467 scre
684 3405 834 3479 omnium,
858 3404 918 3466 hoc
944 3412 1006 3478 est,
1030 3426 1094 3466 unc
1116 3414 1244 3467 tuntum
1265 3414 1323 3468 aut
1345 3406 1448 3470 alters
1469 3405 1597 3469 illarum

493 3513 638 3589 exceptu,
653 3506 693 3568 de
707 3506 937 3569 resurrectione
952 3514 1150 3569 mortuorum
1166 3509 1331 3572 sententie.

538 3608 619 3670 Ibid.
642 3607 663 3670 l.
686 3628 734 3669 11.
770 3610 837 3670 ὅσοι
874 3612 906 3671 δὲ
937 3609 985 3672 καὶ
1011 3612 1202 3683 ἐπίστευσαν,
1236 3615 1284 3673 διὰ
1313 3611 1472 3693 Ἰάκωβον]
1518 3609 1596 3674 Vox

493 3713 674 3773 ἐπίστευσαν
699 3709 814 3772 iterum
840 3712 1015 3794 repetenda
1038 3720 1086 3775 est
1099 3705 1115 3773 :¹
1138 3713 1222 3794 quod
1248 3713 1368 3797 virgula
1391 3713 1445 3775 illc
1468 3733 1539 3796 quae
1561 3712 1595 3775 in

493 3812 716 3895 manuscriptis
738 3813 837 3876 etiem
859 3813 1020 3876 codicibus
1042 3813 1172 3898 appicta
1187 3827 1246 3889 est,
1263 3814 1342 3876 setis
1356 3813 1509 3877 declarat.
1556 3814 1596 3877 In

492 3914 707 3978 vetustissimo
732 3915 839 3978 codice
867 3916 1032 3978 Mczcrino
1058 3923 1131 3999 post
1156 3916 1338 3977 ἐπίστευσαν
1361 3923 1514 3999 punctum
1540 3916 1597 3979 nd-

491 4018 644 4101 scriptum
659 4023 708 4080 cst
723 4018 764 4080 sd
780 4018 876 4101 pedes
891 4018 1004 4095 literne,
1021 4018 1105 4101 quod
1121 4017 1250 4100 virgulae
1265 4026 1383 4080 ncetrae
1398 4018 1592 4100 respondet;

492 4127 525 4184 ct
541 4122 652 4183 Graecc
673 4119 799 4203 quidem
814 4128 947 4183 vocatur
968 4120 1143 4199 ὑποστιγμὴ,
1160 4141 1181 4180 ο
1196 4118 1319 4181 Latinis
1340 4126 1449 4181 autom
1471 4118 1595 4181 subdis·

492 4222 614 4285 tinctio.
641 4223 798 4283 Vunssrns.
834 4223 922 4284 Ante
940 4222 1123 4283 ἐπίστευσαν
1138 4220 1295 4302 particula
1310 4222 1358 4282 καὶ
1377 4220 1469 4283 abest
1482 4241 1503 4282 a
1518 4220 1594 4283 MS.

492 4324 629 4405 Nersclc.
646 4344 684 4385 cc
702 4323 826 4407 Georpeic
841 4322 956 4405 Synecl.

537 4426 618 4488 Ibid.
635 4425 656 4487 l.
681 4444 725 4507 17.
750 4429 791 4491 εἰς
809 4423 944 4507 Ἰησοῦν]
970 4423 1083 4487 Posuit
1100 4423 1269 4486 articulum
1284 4431 1361 4485 ante
1381 4422 1499 4501 Ἰησοῦν
1515 4423 1591 4486 MS.

491 4526 582 4587 Bodl.
606 4548 658 4586 seu
682 4526 779 4588 Sunii.
803 4527 852 4588 cui
876 4548 959 4589 nunc
983 4528 1145 4590 Burtonus
1167 4525 1259 4589 addit
1281 4525 1366 4589 codd.
1391 4527 1479 4588 Mcz.
1504 4524 1593 4587 Mod.

492 4628 601 4691 Feret.
620 4627 756 4709 Ncry'ok.

537 4727 574 4790 P.
593 4745 663 4789 210.
687 4727 708 4790 1.
724 4751 755 4804 4.
781 4729 827 4790 ὅτι
851 4731 961 4792 δίκαιος
985 4727 1025 4810 εἴ]
1051 4726 1211 4790 Similibus
1236 4728 1340 4791 verbis
1364 4726 1594 4811 aggrediuntur
