3809 5650
495 679 545 744 IN
567 680 633 744 ΒΒ.
651 679 918 745 DIONYSIUM
945 681 1001 745 ET
1025 680 1256 746 PINYTUM.
1364 686 1427 755 193

319 848 470 933 explicari
485 858 602 934 potest.
637 850 830 914 Prudentius
845 851 913 930 περὶ
928 850 1089 932 στεφάνων
1104 850 1215 914 eodem
1230 851 1357 935 quidem
1373 852 1425 916 die

320 972 418 1013 eaesos
433 950 489 1025 ait,
507 951 562 1015 sed
577 973 641 1014 non
656 953 767 1014 eodem
780 974 883 1014 anno:
908 974 1017 1015 verum
1032 953 1117 1016 inter
1131 953 1297 1038 utriusque
1317 976 1426 1019 necem

319 1052 393 1114 anni
410 1052 549 1135 spatium
564 1052 788 1117 intercessisse.
834 1053 913 1117 Oum
930 1054 1108 1117 Prudentio
1123 1055 1284 1118 consentit
1298 1055 1427 1141 Augus·

319 1153 406 1216 tinus
424 1152 456 1215 in
479 1153 631 1216 Sermone
648 1155 698 1216 28.
715 1154 755 1217 de
778 1154 916 1230 Sanctis,
932 1162 967 1219 et
989 1156 1021 1218 in
1045 1178 1191 1219 sermone
1212 1177 1315 1241 nuper
1336 1156 1426 1221 edite

320 1253 452 1316 Parisiis
478 1254 510 1317 in
538 1254 765 1338 Supplemento
795 1277 927 1341 eperum
950 1256 1135 1342 Augustini.
1181 1259 1302 1320 Arator
1322 1255 1377 1320 lib.
1392 1257 1426 1321 ii.

319 1355 394 1418 hist.
405 1355 522 1439 Apost.
567 1356 704 1440 Symeon
719 1364 828 1420 tanuen
840 1356 1080 1442 Metaphrastes
1094 1359 1162 1421 haee
1172 1358 1317 1442 Dionysii
1329 1359 1427 1423 verbu

319 1456 366 1520 ita
385 1456 520 1541 accepit,
537 1457 627 1540 quasi
647 1458 752 1520 dicere
766 1458 926 1535 voluisset,
944 1459 1078 1523 Petrum
1096 1483 1134 1524 ac
1155 1460 1291 1523 Paulum
1313 1460 1426 1523 eedem

320 1558 371 1620 die
391 1558 485 1620 simul
505 1557 639 1621 subiisse
658 1559 856 1642 martyrium.
901 1561 1009 1623 Verba
1028 1561 1096 1644 ejus
1118 1569 1193 1625 sunt
1216 1561 1248 1623 in
1269 1580 1427 1624 commen-

318 1660 402 1722 tario
425 1661 465 1723 de
489 1659 804 1743 Peregrinationibus
830 1660 920 1723 Petri
947 1682 986 1724 ae
1014 1661 1105 1724 Pauli
1129 1662 1215 1745 apud
1240 1661 1368 1724 Surium
1392 1661 1426 1724 in

319 1768 409 1824 tomo
423 1761 466 1824 iii.
513 1762 610 1825 Ceius
631 1782 700 1824 ecre
720 1761 847 1845 quidum
869 1763 920 1824 cir
934 1762 1170 1833 Ecclesiasticus,
1186 1773 1213 1825 ct
1232 1761 1427 1846 Zephyrium

319 1864 524 1925 Remuuoruuu
549 1863 728 1947 Episcopus,
752 1872 780 1925 ct
805 1862 974 1945 Dionysi-us
999 1862 1340 1937 caduceatoribus,
1366 1885 1426 1927 uuo

319 1974 446 2048 tenpore
464 1975 492 2027 ct
512 1964 606 2027 simul
622 1965 747 2027 Petrum
768 1973 796 2026 ct
817 1964 957 2027 Paulum
975 1964 1101 2029 subiisse
1122 1964 1313 2049 martyrium.
1361 1965 1425 2028 Scd

319 2067 422 2150 primo
444 2065 559 2129 salsum
582 2073 632 2129 est
654 2065 739 2149 quod
761 2065 809 2129 eit
834 2065 1073 2150 Motaphrastes
1095 2068 1134 2130 de
1156 2067 1243 2131 Ouio.
1289 2067 1382 2147 Quod
1398 2066 1426 2129 si

319 2167 389 2250 quis
411 2166 553 2251 objiciat,
570 2166 682 2230 Ouium
704 2165 788 2229 sorte
812 2165 844 2228 id
871 2165 989 2229 dixisse
1014 2167 1077 2230 alio
1100 2167 1133 2229 in
1157 2168 1227 2230 loco
1247 2188 1341 2251 quem
1361 2189 1426 2230 nen

318 2268 455 2331 adduxit
470 2267 645 2331 Eusebius:
667 2266 853 2351 respondeo,
871 2266 1002 2331 Eusebii
1024 2268 1126 2332 nostri
1149 2291 1220 2332 eam
1239 2269 1336 2332 fuisse
1356 2268 1425 2331 dili·

317 2370 471 2455 gentiam,
488 2377 524 2433 ut
544 2389 706 2453 nunquam
729 2368 761 2431 id
784 2369 957 2432 emissurus
978 2369 1086 2446 suerit,
1107 2370 1133 2433 si
1156 2393 1176 2433 a
1194 2369 1280 2434 ¹Caio
1303 2370 1425 2433 dictum

319 2471 440 2535 suisset.
488 2472 528 2534 Id
551 2469 634 2534 enim
658 2471 726 2554 agit
750 2470 782 2532 in
808 2470 868 2533 hoc
892 2471 1009 2555 capite,
1030 2480 1067 2534 ut
1089 2472 1204 2535 doceat
1231 2473 1365 2534 Petrum
1386 2492 1425 2534 ac

320 2572 457 2635 Paulum
473 2572 584 2635 Romae
599 2593 710 2655 passos
725 2592 794 2634 esse
808 2572 919 2635 eodem
935 2578 1088 2656 tempore.
1125 2577 1177 2636 Ac
1192 2573 1280 2656 prius
1296 2572 1425 2657 quidem

317 2676 436 2758 probat
450 2674 519 2738 deii
537 2672 742 2745 testimoni03
766 2672 901 2735 alterum
918 2695 993 2736 vero
1008 2673 1112 2736 verbis
1130 2673 1285 2757 Dionysii.
1331 2674 1424 2754 Quod
1487 2742 1491 2749 ,

318 2775 345 2839 si
362 2774 458 2840 Gaius
473 2775 513 2838 de
526 2782 670 2859 tempore
685 2772 829 2858 martyrii
845 2774 1075 2858 Apostolorum
1092 2774 1175 2839 idem
1191 2774 1324 2840 dixisset
1339 2776 1425 2860 quod

318 2875 499 2964 Dionysius,
513 2898 570 2939 cur
584 2875 742 2939 Eusebius
757 2875 789 2937 id
804 2876 959 2940 tacuisset
974 2877 1035 2940 hoc
1049 2877 1139 2941 loeol
1173 2876 1312 2940 Fallitur
1326 2877 1425 2940 etiam

319 2978 571 3063 Metaphrastes,
600 2978 676 3040 dum
706 2977 921 3062 Zephyrinum
951 2977 1019 3060 ejus
1049 2977 1095 3040 rei
1131 2977 1212 3041 citat
1248 2983 1424 3040 auctorem.

320 3079 456 3142 Videtur
466 3078 549 3141 enim
560 3077 673 3162 legn'sse
685 3078 718 3139 in
730 3076 878 3153 Eusebio,
892 3078 940 3140 καὶ
952 3075 1280 3157 ΖεφυρῖνοςῬωμαίων
1291 3078 1426 3157 γεγονὸς

318 3182 488 3245 ἐπίσκοπος.
520 3181 594 3262 (pro
618 3182 693 3242 sard
716 3184 884 3259 Ζεφυρῖνον
897 3176 1051 3258 Ῥωμαίων
1075 3179 1208 3259 γεγονὼς
1234 3178 1422 3257 ἐπίσκοπον.)

322 3280 360 3343 ln
382 3280 512 3364 Synodo
537 3279 628 3342 Rom.
651 3281 710 3343 sub
734 3280 863 3344 Gelasio
890 3280 959 3343 PP.
981 3280 1049 3342 haec
1070 3280 1219 3365 leguntur
1241 3279 1281 3341 de
1304 3280 1424 3342 Petro:

320 3381 382 3444 Cui
405 3380 481 3443 date
505 3390 547 3443 cst
572 3381 665 3445 ctiam
689 3383 813 3445 societas
836 3382 876 3444 B.
894 3380 1013 3444 Pauli:
1037 3381 1091 3465 qui
1116 3402 1175 3444 utcu
1198 3380 1327 3454 diuerso,
1348 3380 1427 3443 sicut

316 3479 451 3544 haretici
469 3481 624 3565 permutet,
645 3481 700 3544 scd
718 3502 777 3544 uae
798 3491 934 3565 tempere,
956 3502 1016 3544 uae
1037 3481 1194 3565 adeamus
1215 3480 1275 3557 die,
1294 3479 1427 3565 phetora

318 3592 409 3644 macte
422 3603 490 3644 cum
505 3582 600 3645 Putre
619 3582 654 3644 iu
674 3581 746 3645 urbs
761 3584 860 3645 Βοηια
873 3581 926 3645 sul
941 3584 1067 3645 Nereus
1090 3583 1255 3667 ayeuizaus
1270 3591 1427 3645 corsuum

318 3695 368 3748 cst.
392 3684 557 3747 Vxnnsrus.
603 3683 817 3769 Hieronymus
831 3686 959 3770 quidem
974 3687 1023 3749 Dc
1043 3686 1128 3749 Viris
1142 3686 1198 3749 Iu.
1215 3685 1248 3748 in
1264 3687 1300 3748 S:
1311 3684 1425 3763 Paule,

319 3806 404 3849 anno
419 3785 541 3850 decimo
556 3793 672 3870 quarto
688 3786 824 3850 Neronis
846 3787 957 3851 eodem
977 3787 1028 3851 die
1049 3795 1202 3870 utrosque
1222 3806 1333 3870 passos
1355 3806 1426 3848 esse

320 3886 433 3951 tradit.
479 3887 581 3970 quue
597 3888 767 3973 contigisse
784 3902 858 3974 29⁰³
872 3891 896 3951 J
898 3889 973 3965 unii,
990 3890 1163 3972 codemque
1180 3907 1310 3971 prorsus
1331 3906 1426 3963 anne,

320 3987 437 4051 statuit
466 3987 686 4052 Tillemontius
721 4011 793 4053 cum
824 3989 1076 4074 Martyrologiis‚
1105 3996 1138 4052 et
1175 3988 1426 4071 chronographo

320 4089 475 4165 Barbare,
492 4089 602 4172 quiex
621 4091 772 4154 Africano
787 4080 993 4173 Eusebioque
1013 4100 1047 4154 et
1067 4090 1137 4154 aliis
1159 4112 1218 4154 sua
1240 4088 1425 4172 desumpsit,

319 4212 340 4255 a
355 4189 516 4275 Scaligero
532 4190 564 4252 in
583 4191 734 4254 Thesauro
748 4211 805 4254 suo
824 4192 1004 4275 Tuaporuuu
1024 4190 1139 4255 editus.
1187 4190 1251 4253 Alii
1268 4190 1426 4252 diversum

321 4291 404 4355 diem
428 4299 587 4367 statuunt,
609 4291 660 4354 hic
684 4299 734 4356 est
756 4291 825 4356 dies
849 4292 1017 4356 Februarii
1037 4310 1090 4368 aa,
1107 4291 1248 4376 Sylvium
1268 4289 1369 4354 secuti
1393 4290 1427 4352 in

322 4391 502 4456 Laterculo.
548 4393 672 4456 Contra
690 4414 770 4477 quos
791 4399 921 4456 strenue
944 4391 1013 4475 agit
1033 4392 1157 4477 Oaspar
1175 4390 1372 4455 Saccarellus
1393 4390 1426 4454 in

321 4494 404 4557 Hbc.
426 4516 484 4557 sua
510 4493 594 4556 Eccl.
620 4494 663 4556 ad
692 4516 765 4556 ann.
792 4493 910 4557 Christi
936 4493 1046 4557 LXV.
1066 4494 1127 4557 vol.
1142 4493 1175 4556 ii.
1196 4515 1227 4577 p.
1248 4509 1425 4576 143-147.

323 4595 444 4658 Eorum
458 4616 591 4657 numero
605 4593 628 4657 J
630 4616 765 4657 oannem
782 4595 935 4658 Mulelam
949 4596 1103 4680 adpones,
1120 4594 1174 4679 qui
1189 4594 1321 4657 diversis
1335 4592 1427 4656 annis

322 4687 390 4759 lucc
412 4696 569 4781 martyria
594 4694 837 4780 assignaverint.
882 4694 952 4759 Vid.
982 4696 1147 4779 Ctreuoyr.
1174 4696 1243 4778 ejus
1267 4694 1323 4759 lib.
1340 4716 1371 4757 x.
1393 4715 1425 4777 p.

364 4818 432 4861 von.
448 4819 469 4860 1.
868 4818 917 4860 cc
