3809 5650
531 689 578 752 IN
601 688 742 753 EPIST.
768 688 986 754 VIENNEN.
1010 692 1067 755 ΕΤ
1092 690 1357 757 LUGDUNEN.
1433 696 1499 764 859

398 866 573 942 οουφυοοία
594 855 729 939 mulum,
751 866 777 920 et
799 869 949 923 maalon
973 859 1127 926 eicerem
1150 861 1297 926 ίίοιυιουίί
1317 861 1501 945 ρίαιίίαίονὶι

399 959 470 1044 igere
485 959 520 1020 ie
526 957 670 1042 jcpulmn
684 979 771 1020 mmm
785 960 950 1024 transtulit.
977 960 1141 1025 thssrus.

444 1063 568 1143 P.315.
592 1060 612 1122 l.
625 1061 657 1122 6.
679 1064 752 1122 κατὰ
772 1063 894 1140 καρδίαν
909 1064 1084 1140 ὁμιλοῦντος
1099 1067 1139 1148 τῷ
1161 1064 1245 1148 Θεῷ]
1267 1063 1401 1127 Rufinus
1420 1064 1503 1128 hunc

400 1160 503 1224 locum
523 1161 618 1244 longa
633 1160 817 1224 circuitione
837 1162 1004 1225 verborum
1024 1163 1170 1246 exposuit
1190 1164 1250 1226 hoc
1268 1165 1382 1227 modo:
1408 1164 1503 1227 Intra

400 1263 528 1347 superea
542 1285 658 1347 ςυυρον
671 1284 737 1325 cum
751 1264 816 1326 Deo
831 1262 972 1347 loquente,
987 1274 1013 1327 et
1028 1265 1062 1327 in
1078 1263 1219 1327 ίαυιίιῗδυς
1233 1265 1295 1347 eyes
1309 1287 1347 1327 ae
1360 1264 1504 1350 precibus

398 1376 599 1450 permanente.
623 1366 761 1450 Optime.
807 1372 890 1429 Nam
906 1367 1010 1431 oratio
1026 1367 1102 1430 nihil
1117 1368 1203 1431 aliud
1218 1374 1267 1430 est
1286 1388 1382 1452 quam
1402 1369 1504 1446 ὁμιλία

402 1468 475 1548 πρὸς
489 1468 543 1530 τὸν
564 1470 656 1531 Θεόν.
677 1467 777 1531 etita
797 1490 867 1530 eam
888 1469 999 1532 delinit
1020 1468 1164 1532 Clemens
1189 1468 1437 1543 Alexandrinus,
1453 1467 1504 1532 cui

402 1568 561 1633 consentit
589 1568 720 1632 Procius
745 1568 950 1654 philosophus
972 1570 1004 1632 in
1027 1571 1108 1633 libro
1123 1570 1155 1633 ii.
1197 1570 1503 1634 Commentariorum

402 1669 435 1732 in
460 1669 619 1733 Timaeum
645 1670 791 1734 Platonis
817 1670 933 1755 pagina
949 1674 998 1752 64
1025 1672 1078 1734 ubi
1105 1673 1144 1735 de
1173 1672 1355 1756 precatione
1378 1672 1504 1757 elegan-

403 1770 523 1835 tissime
539 1771 666 1835 disserit
681 1793 720 1833 cx
737 1771 925 1856 Porphyrio.
949 1771 1114 1836 Vxnssms.

448 1871 529 1935 Ibid.
556 1872 577 1934 l.
602 1875 631 1937 8.
669 1875 687 1952 ἡ
718 1875 776 1936 ἀπὸ
806 1879 858 1936 τοῦ
886 1874 1048 1958 σωματίου]
1083 1876 1101 1953 ἡ
1126 1874 1218 1937 abest
1249 1874 1290 1938 ab
1325 1875 1370 1938 ed.
1401 1875 1505 1956 Sept.

405 1973 538 2037 Srnorn.
554 1975 689 2053 σώματος
704 1974 802 2037 habet
811 1974 889 2037 MS.
902 1973 992 2036 Βοιίί.
1004 1982 1037 2037 et
1053 1996 1109 2037 sex
1125 1972 1178 2036 alii
1190 1972 1313 2036 codices
1327 1995 1347 2037 a
1361 1975 1506 2038 Burtono

404 2096 487 2137 nuno
501 2074 623 2150 additi3
639 2083 672 2138 et
687 2083 759 2160 post
775 2075 843 2138 haec
855 2076 881 2148 ὅ,
894 2100 922 2137 τι
938 2077 1033 2154 ὄνομα
1047 2096 1105 2160 pro
1117 2077 1147 2138 τί
1160 2077 1255 2154 ὄνομα
1270 2075 1347 2140 MS.
1363 2075 1503 2158 Norfele.

450 2176 531 2240 Ibid.
546 2176 566 2239 l.
584 2197 631 2256 14.
653 2179 687 2263 τῇ
705 2177 818 2260 ἐσχάτῃ
838 2176 946 2239 λοιπὸν
965 2177 1058 2260 ἡμέρᾳ
1079 2181 1138 2239 τῶν
1157 2177 1360 2262 μονομαχιῶν]
1388 2178 1438 2240 Ex
1456 2177 1506 2241 his

406 2287 497 2363 patet
520 2301 634 2342 munus
657 2278 870 2363 gladiatorum
896 2300 954 2362 per
977 2278 1099 2363 aliquot
1125 2277 1192 2341 dies
1218 2279 1352 2362 praeberi
1378 2279 1507 2343 solitum

405 2402 474 2444 esse
490 2381 641 2466 Lugduni
656 2381 689 2443 in
704 2380 757 2443 illo
772 2379 885 2444 celebri
900 2387 1043 2442 mercatu
1059 2386 1092 2442 et
1107 2388 1264 2443 conventu
1278 2381 1378 2445 totius
1396 2382 1508 2446 Galliae

406 2483 448 2546 ad
467 2505 557 2546 aram
578 2482 726 2567 Augusti.
773 2483 859 2545 Hinc
880 2483 1030 2565 estquod
1053 2504 1149 2567 supra
1170 2482 1252 2546 dixit
1272 2483 1311 2546 de
1328 2483 1460 2547 Maturo
1475 2493 1508 2547 et

407 2583 536 2658 Sancto,
554 2584 618 2646 ἀντὶ
634 2582 732 2662 πάσης
746 2587 796 2661 τῆς
812 2585 845 2646 ἐν
860 2589 922 2649 τοῖς
934 2585 1129 2664 μονομαχίοις
1144 2585 1291 2649 ποικιλίας
1309 2584 1391 2646 αὐτοὶ
1413 2586 1508 2664 θέαμα

407 2688 563 2766 γενόμενοι
582 2686 622 2768 τῷ
642 2686 752 2769 κόσμῳ.
798 2687 922 2748 Praeter
944 2685 1012 2748 haec
1035 2706 1166 2747 munera
1187 2683 1388 2769 gladiatoria,
1412 2686 1508 2749 datus

406 2794 562 2871 praeterea
587 2785 692 2851 luerat
719 2809 740 2851 a
762 2786 903 2850 Praeside
926 2787 993 2850 dies
1014 2785 1185 2870 spectaculi
1211 2786 1349 2849 serarum
1376 2794 1509 2872 propter

407 2888 616 2965 Christianos,
640 2897 677 2952 ut
703 2888 890 2952 nominatim
916 2888 1033 2951 dicitur
1059 2887 1092 2949 in
1119 2888 1178 2950 hac
1203 2886 1349 2971 epistola,
1375 2893 1425 2967 τῆς
1450 2895 1510 2952 τῶν

408 2997 606 3074 θηριομαχιῶν
628 2991 737 3069 ἡμέρας
758 2992 806 3052 διδ
828 2991 894 3055 τοὺς
910 2989 1068 3070 ἡμετέρους
1086 2988 1247 3067 διδομένης.
1293 2988 1403 3072 Neque
1424 2989 1508 3052 enim

407 3095 476 3159 haec
491 3095 574 3159 inter
588 3118 622 3159 se
638 3094 858 3159 confundenda
873 3117 941 3157 esse
962 3094 1117 3170 existimo,
1132 3096 1316 3176 μονομαχίας
1337 3094 1456 3157 scilicet
1477 3101 1510 3158 et

409 3200 610 3280 θηριομοχίας,
627 3196 769 3282 quamvis
793 3196 900 3260 Latini
925 3218 988 3258 uno
1010 3195 1149 3259 muneris
1169 3196 1320 3261 vocabulo
1339 3204 1510 3279 utrumque

409 3299 623 3383 spectaculum
649 3298 928 3382 comprehendant.
974 3297 1008 3359 Si
1034 3297 1103 3380 quis
1129 3306 1238 3361 tamen
1266 3299 1451 3379 μονομαχίας
1477 3304 1510 3361 et

409 3402 602 3484 θηριομαχίας
616 3399 667 3463 hic
683 3422 740 3484 pro
755 3400 865 3462 eodem
878 3398 958 3462 sumi
974 3400 1156 3475 contendat,
1173 3398 1319 3482 equidem
1337 3421 1400 3462 non
1421 3421 1510 3484 mag-

409 3524 526 3586 nopere
540 3502 733 3585 repugnabo.
778 3501 872 3564 Corte
887 3500 920 3563 in
936 3500 1047 3563 Gestis
1069 3500 1306 3564 Praesidialibus
1327 3509 1509 3564 sanctorum

408 3615 584 3689 martyrum
599 3603 744 3677 Tarachi,
762 3602 859 3665 Probi
876 3610 909 3665 et
926 3601 1113 3675 Andronici,
1129 3602 1323 3687 gladiatores
1344 3611 1513 3666 sumuntur

409 3730 467 3793 pro
483 3705 650 3771 bestiariis.
696 3705 748 3767 Sic
763 3704 846 3767 enim
861 3704 1011 3767 scribitur
1033 3726 1101 3788 cap.
1119 3726 1165 3767 10.
1191 3706 1233 3767 Iu
1250 3705 1357 3790 primu
1379 3704 1512 3766 menteris

409 3808 546 3884 editione,
561 3829 627 3871 cum
641 3807 836 3889 meltoeferae
851 3806 993 3869 immissae
1007 3816 1107 3881 νςςοιιί,
1127 3805 1288 3868 multorum
1305 3805 1513 3888 ρίαιί-ίαίοιτινι

409 3932 536 3995 corpora
549 3910 602 3994 qui
616 3909 719 3972 υινίίίς
732 3909 814 3971 loris
828 3930 895 3971 cum
914 3908 1012 3971 bestiis
1029 3916 1251 3993 ραρυαοανουί,
1274 3907 1419 3969 decorata
1432 3914 1511 3966 sunt.

410 4010 513 4073 Paulo
542 4020 615 4094 post
645 4017 752 4074 tamen
782 4010 996 4094 gladiatorum
1025 4030 1139 4070 munus
1167 4029 1187 4070 a
1216 4028 1345 4069 munere
1373 4008 1511 4069 ferarum

409 4112 527 4174 ibidem
549 4111 753 4195 distinguitur
774 4112 824 4174 his
844 4110 969 4182 verbis;
994 4110 1154 4172 Monimou
1165 4108 1329 4193 proconsul
1346 4107 1511 4192 ιὐιίίρααιιο

401 4211 486 4296 jubet
498 4214 550 4276 edi
561 4213 768 4298 ρίαιίίαίοιυιυ
782 4235 900 4289 neonus,
916 4211 1022 4296 quibas
1036 4211 1235 4274 umcdnretur
1249 4210 1393 4294 inprimis
1406 4210 1511 4273 Ciris·

409 4316 507 4379 tiones
531 4325 678 4399 martyres
700 4315 816 4400 gladiis
844 4314 974 4399 confodi.
1021 4313 1084 4376 Sed
1109 4320 1142 4376 et
1168 4311 1302 4396 Oyrillus
1328 4311 1511 4396 Hierosoly-

410 4417 548 4480 mitanus
570 4418 603 4480 in
626 4417 729 4500 prima
750 4417 900 4480 catechisi
926 4413 1157 4498 Mystagogica,
1173 4418 1358 4495 μονομαχεῖν
1378 4412 1457 4475 dicit
1472 4414 1511 4476 de

410 4518 579 4593 bestiariis,
602 4528 635 4582 et
655 4519 900 4602 chrysostomus
922 4518 955 4580 in
979 4516 1120 4579 Homilia
1142 4516 1181 4579 de
1204 4516 1285 4577 Iona
1305 4536 1376 4598 pag.
1387 4517 1460 4578 661.
1484 4518 1513 4578 οἱ

412 4621 521 4699 θηρίοις
550 4622 704 4683 πυκτεύειν
729 4619 903 4697 μέλλοντες.
949 4619 1040 4698 Quod
1067 4617 1150 4680 idem
1181 4623 1230 4679 est
1258 4637 1297 4679 ac
1326 4616 1352 4678 si
1379 4615 1512 4680 dixisset

413 4722 522 4800 θηρίοις
540 4726 734 4802 μονομαχεῖν.
759 4721 919 4783 qussrus.
946 4719 1020 4782 vid.
1044 4740 1141 4803 supra
1162 4740 1234 4802 pag.
1247 4736 1320 4801 310.
1361 4719 1516 4780 Ceterum
