3809 5650
620 677 669 740 IN
699 676 946 742 HEGESIPPI
980 677 1278 741 FRAGMENTA.
1436 681 1499 747 271

399 864 472 930 qua,
488 846 522 907 ἐν
538 843 648 929 ἑκάστῃ
669 847 701 908 δὲ
724 848 857 927 διαδοχῇ,
872 845 906 907 in
923 846 1005 908 omni
1027 867 1095 909 earo
1116 846 1302 921 avocatione,
1322 852 1356 908 et
1377 845 1409 907 in
1425 867 1502 909 una·

399 966 524 1028 quaque
547 943 678 1007 eivitate
701 953 822 1008 rootam
847 945 942 1007 fidem
965 953 1183 1009 conservatam
1210 968 1288 1013 esse.
1334 946 1411 1025 Quae
1429 968 1501 1008 oum

398 1045 464 1107 sint
504 1044 547 1107 ad
574 1052 717 1107 nostram
752 1044 1047 1128 interpretationem
1080 1046 1329 1108 eonfirmandam
1358 1046 1502 1129 inprimis

398 1152 594 1227 eomparntn,
623 1144 803 1207 Helloixius
827 1145 880 1208 ille
906 1147 940 1208 ἓν
964 1146 1074 1231 ἑκάστη
1099 1150 1234 1230 διαδοχῇ,
1262 1145 1296 1208 in
1326 1144 1501 1231 Hegesippi

399 1243 504 1307 verbis
527 1244 700 1308 recitandis
723 1247 849 1329 penitus
875 1245 991 1309 omisit.
1039 1247 1134 1309 Hane
1152 1254 1259 1309 autem
1280 1254 1419 1310 veterem
1441 1248 1502 1312 leo·

398 1343 518 1407 tionem
533 1350 567 1407 et
581 1344 878 1428 interpretationem
899 1353 1052 1417 nostram,
1069 1368 1133 1429 qua
1147 1346 1289 1428 διαδοχὴν
1305 1349 1500 1428 ἐποιησάμην,

398 1443 604 1507 marimum
620 1446 778 1529 compos-ei,
795 1445 843 1508 vel
865 1447 1070 1510 sueeessionis
1091 1446 1235 1509 tabulam
1257 1447 1376 1511 eonseei
1397 1449 1502 1513 reddi-

399 1550 469 1607 tum
495 1553 554 1622 est,
582 1567 645 1607 non
667 1545 730 1607 alio
751 1557 939 1629 argumento
961 1547 1065 1630 rejieit
1088 1546 1281 1623 Halloixius,
1298 1570 1394 1631 quam
1416 1550 1502 1633 quod

398 1665 462 1706 non
477 1644 519 1708 sit
533 1645 734 1708 usitatissima
749 1646 864 1708 locatio.
909 1646 968 1709 Oui
983 1646 1074 1710 saeile
1093 1648 1303 1730 respondetur
1324 1670 1364 1710 ex
1384 1650 1500 1714 Hiero-

399 1765 506 1827 nymo,
522 1744 576 1828 qui
592 1746 721 1807 modum
741 1745 889 1829 loquendi
908 1748 950 1810 ab
967 1746 1151 1831 Hegesippo
1166 1746 1199 1809 in
1213 1747 1349 1811 historie
1370 1770 1501 1834 usurpa-

398 1850 468 1905 tum
484 1844 672 1907 observavit.
710 1844 769 1907 lile
784 1845 914 1908 enimin
929 1847 1075 1931 eatalogo
1090 1847 1130 1910 de
1145 1847 1198 1909 illo
1214 1847 1312 1910 veteri
1328 1847 1500 1932 Seriptore,

401 1943 536 2027 Quinque
549 1943 640 2016 libros
654 1946 816 2029 composuit
831 1968 962 2010 sermone
979 1947 1122 2031 simplici,
1137 1957 1171 2011 et
1190 1970 1316 2033 quorem
1330 1950 1426 2012 υἱίαηι
1444 1971 1501 2013 seo·

398 2043 530 2116 etate,
546 2044 670 2107 dicendi
692 2067 804 2129 queque
827 2047 1009 2131 exprimet
1025 2048 1235 2112 characterem.
1273 2049 1427 2111 Prnnson.
1451 2048 1502 2112 De

400 2145 602 2208 Sueeessione
617 2144 790 2229 primorum
806 2146 916 2209 Romae
932 2147 1036 2232 Epise.
1053 2170 1121 2233 cap.
1133 2171 1162 2212 v.
1178 2171 1209 2232 p.
1223 2167 1273 2228 24.
1289 2171 1310 2213 a
1325 2149 1502 2213 Renemoro

400 2245 526 2309 allatus.

442 2347 475 2409 N
478 2355 571 2412 otetu
587 2348 718 2432 dignum
734 2355 794 2424 est,
810 2371 994 2433 comparere
1010 2352 1151 2433 διαδοχὴν
1167 2351 1326 2441 Saviliano
1346 2353 1378 2414 in
1394 2353 1502 2417 eodiee

399 2447 453 2531 qui
477 2447 509 2509 in
536 2447 728 2512 bibliotheca
752 2449 927 2514 Bodleiana
949 2459 1166 2526 conservatur,
1191 2451 1308 2537 quippe
1332 2474 1402 2515 eum
1428 2453 1502 2517 inde

399 2554 533 2621 constat,
556 2569 620 2609 non
650 2549 820 2632 sumpsisse
847 2572 887 2612 ex
915 2549 976 2613 hoo
1003 2551 1130 2633 quidem
1159 2551 1376 2634 manuscripto
1409 2574 1501 2615 suum

400 2649 555 2727 διατριβὴν
571 2647 731 2725 Sevilinm,
748 2649 873 2712 etiamsi
894 2648 1056 2712 Strothius
1072 2670 1180 2711 voeem
1201 2649 1235 2711 in
1254 2656 1379 2713 textum
1402 2672 1502 2733 nuper

398 2748 565 2832 reeepmit,
599 2749 760 2812 desiliam
793 2747 890 2811 codiee
918 2748 1020 2825 nixus,
1050 2756 1078 2810 et
1114 2747 1373 2831 Christopiorsoni
1405 2750 1500 2811 Leett.

399 2851 575 2934 Rasinaque,
587 2851 643 2913 sed
653 2859 760 2915 tamen
773 2851 812 2914 de
823 2872 933 2913 eorum
943 2850 975 2912 h.
986 2850 1006 2913 l.
1017 2849 1211 2913 auctoritate
1220 2847 1379 2911 dubitans.
1403 2847 1501 2912 Hane

400 2950 645 3014 veroleetionem
656 2950 689 3013 in
698 2950 869 3014 editionem
878 2972 969 3014 suam
978 2972 1078 3034 nuper
1087 2947 1207 3033 reeepit
1216 2948 1500 3026 Zimmermannus,

399 3049 485 3113 haud
509 3059 617 3113 tamen
640 3059 790 3136 sequente
812 3051 860 3114 vel
877 3050 1077 3113 Heinieheno
1101 3047 1149 3111 vel
1170 3050 1326 3111 Burtono.
1368 3043 1502 3129 Ἀνοχὴιι

399 3149 595 3233 adscriptum
610 3159 681 3214 erat
696 3153 737 3214 ad
752 3173 841 3214 oram
856 3149 991 3232 exempli
1007 3149 1081 3213 olim
1096 3169 1192 3232 penes
1207 3145 1411 3229 Scaligerum.

445 3250 706 3334 interpretationi
728 3256 836 3313 autem
851 3250 1019 3312 verberum
1034 3246 1211 3333 Hegesippi
1231 3247 1272 3310 ab
1287 3245 1502 3309 eruditissimo

401 3349 575 3413 Pearsonio
589 3350 696 3413 allatae
711 3351 787 3412 dum
809 3349 901 3414 multi
916 3350 1035 3425 fovent,
1050 3349 1134 3413 inter
1149 3370 1227 3432 quos
1242 3347 1395 3411 caleulum
1410 3368 1502 3409 suum

401 3450 430 3512 ei
452 3450 576 3513 addidit
598 3449 736 3513 Grabius
761 3449 794 3512 in
814 3450 923 3533 Spioil.
939 3451 1075 3513 Patmen
1094 3449 1157 3511 fine
1178 3448 1248 3532 ipso
1269 3448 1329 3511 vol.
1346 3447 1379 3510 ii.
1404 3446 1502 3511 nihilo

401 3557 510 3612 tamen
529 3548 633 3611 minus
651 3548 736 3612 Sam.
752 3548 930 3632 Basnagius
947 3549 980 3612 in
992 3548 1108 3611 Annei.
1126 3546 1385 3611 Politice-Erotes.
1396 3547 1437 3609 ad
1449 3567 1501 3610 an.

406 3654 475 3730 156.
506 3671 618 3713 eausas
647 3651 802 3734 quasdam
830 3651 998 3714 dubitandi
1033 3647 1209 3733 proposuit,
1239 3654 1347 3709 utrum
1383 3646 1504 3730 scripta

402 3747 498 3810 fuerit
513 3748 554 3810 ab
568 3747 751 3833 Hegesippo
762 3751 978 3813 Romanorum
992 3750 1211 3833 episcoporum
1225 3746 1391 3810 sueeessio.
1416 3745 1504 3809 Dum

402 3866 476 3907 vero
502 3867 565 3909 non
588 3848 636 3912 ita
659 3849 845 3913 neoessariae
868 3850 946 3911 mihi
971 3849 1097 3932 quidem
1123 3846 1194 3909 istae
1219 3866 1323 3908 oausae
1344 3844 1502 3920 videntur,

402 3944 470 4029 ipse
499 3946 548 4007 vir
576 3948 777 4011 doctissimus
807 3948 1032 4011 Pearsonianae
1060 3944 1317 4028 interpretationi
1340 3943 1504 4027 suppetias

402 4047 485 4108 ferre
500 4044 649 4128 dignatus
664 4054 725 4110 eet
767 4047 922 4130 “Objieit
937 4046 1006 4121 sibi,
1024 4043 1158 4129 (inquit)
1173 4065 1214 4106 ex
1228 4042 1390 4106 Helloixio
1405 4042 1503 4106 Pear·

403 4146 558 4222 “sonius,
585 4146 671 4224 Quod
693 4145 835 4227 διαδοχὴν
860 4143 1056 4223 ἐποιησάμην,
1080 4141 1307 4206 sueeessionem
1333 4139 1503 4223 composui,

403 4255 424 4283 ((
439 4267 499 4308 non
512 4245 552 4308 sit
566 4245 765 4308 usitatissima
780 4244 896 4307 locatio
921 4242 1106 4325 Respondet
1116 4247 1225 4304 autem
1239 4262 1280 4304 ex
1295 4239 1504 4324 Hieronymo,

403 4353 424 4383 ‘⁸
439 4368 493 4428 qur
484 4344 711 4408 observavit
702 4366 736 4406 m
750 4343 906 4425 catalogo
920 4341 961 4404 de
981 4341 1034 4403 illo
1053 4341 1155 4404 veteri
1176 4340 1351 4424 seriptore:
1370 4340 1507 4423 Quinque

401 4453 423 4481 “
438 4445 529 4508 libros
550 4446 711 4529 conportet
730 4464 860 4508 mmmm
879 4442 1026 4525 simplioi
1048 4450 1083 4504 et
1104 4462 1230 4525 quoram
1258 4441 1354 4504 eitam
1375 4439 1506 4504 meda·

403 4552 424 4582 “
439 4553 499 4620 tar,
516 4544 638 4608 dicendi
659 4566 771 4628 quoque
784 4544 963 4627 septim
983 4541 1194 4605 moerorem.
1239 4539 1364 4604 Nostro
1386 4538 1507 4624 judieio

402 4652 424 4680 “
439 4643 503 4708 alio
526 4644 717 4729 respondere
742 4644 837 4707 modo
859 4641 976 4727 potuit.
1022 4641 1144 4724 Nempe
1169 4640 1346 4725 Hegesippi
1365 4639 1507 4724 phrasim
