3809 5650
398 663 464 726 424
553 712 563 724 ,
776 655 1129 720 ANNOTATIONES

396 817 497 883 menti
513 818 638 880 Auctor
652 815 692 878 de
711 815 845 899 epistola
867 816 972 900 priore
992 815 1027 878 S.
1043 813 1140 904 Petri,
1156 836 1227 898 quae
1247 821 1331 878 teste
1352 813 1506 890 Eusebio,

396 929 495 1005 atque
518 919 587 1003 ipso
612 917 698 1002 apud
726 917 898 981 Eusebium
924 917 1071 1001 Origene,
1096 919 1130 980 lv
1155 922 1220 983 τοῖς
1248 916 1509 996 ὁμολογουμένως

397 1036 545 1087 censetur
568 1019 752 1103 Scripturis,
779 1017 856 1093 sive,
884 1039 956 1101 quae
984 1017 1070 1101 apud
1096 1038 1215 1093 omues,
1242 1023 1276 1081 et
1305 1037 1445 1101 semper,
1472 1024 1509 1080 et

396 1123 525 1207 ubique,
538 1128 667 1205 recepta
681 1119 763 1194 fnit3
782 1140 939 1202 quamque
950 1126 1002 1182 tot
1016 1127 1124 1201 patres
1135 1139 1155 1180 e.
1166 1117 1333 1202 Polycarpi
1345 1124 1379 1180 et
1391 1117 1507 1201 Papiae

397 1245 497 1307 usque
510 1222 706 1307 temporibus
726 1220 759 1283 in
774 1220 922 1304 operibus
942 1218 1008 1283 suis
1027 1219 1251 1283 adduxerunt?
1274 1218 1354 1282 Rem
1371 1237 1507 1304 prorsus

397 1323 552 1388 intactam
571 1330 605 1386 et
628 1321 793 1385 Stoschius
814 1327 848 1384 et
871 1318 1072 1384 Muratorius
1092 1319 1218 1384 silentio
1238 1319 1505 1404 praetermittunt.

398 1423 529 1488 Dictum
544 1424 577 1487 id
592 1424 659 1487 sore
678 1444 700 1487 a
714 1443 874 1507 quoquam
889 1420 941 1484 vix
959 1429 1080 1506 putem,
1096 1420 1246 1497 ecclesiae,
1259 1420 1292 1482 in
1306 1440 1370 1504 qna
1386 1419 1507 1483 vixerit

397 1525 450 1588 hic
470 1545 646 1608 anonymus
660 1524 700 1586 de
716 1525 848 1586 Canone
861 1522 1008 1605 scriptor,
1025 1522 1058 1585 S.
1073 1520 1162 1586 Petri
1178 1520 1346 1605 epistolam
1361 1521 1506 1584 noudum
1581 1530 1585 1542 ”

398 1625 663 1709 innotuisse,post
673 1623 810 1687 medium
820 1621 969 1687 saeculum
979 1623 1151 1687 secundum
1161 1623 1350 1688 ecfloreute.
1367 1624 1429 1688 Ait
1436 1623 1505 1708 qui-

398 1727 481 1804 dom,
493 1733 530 1789 ut
545 1725 621 1788 mihi
633 1725 702 1809 jam
717 1732 853 1800 constat,
869 1725 907 1788 cl.
921 1724 1128 1789 Freindaller.
1154 1725 1428 1790 “praetereuntur
1443 1726 1505 1792 hoc

400 1836 420 1865 “
434 1827 504 1892 loco
515 1829 586 1892 duae
605 1827 695 1892 Petri
711 1827 863 1912 epistolae,
879 1849 1013 1911 quarum
1029 1828 1131 1912 prima
1145 1849 1183 1891 eo
1197 1849 1266 1891 aevo
1276 1827 1344 1911 jam
1362 1849 1505 1891 commu·

398 1937 419 1969 ‘⁴
435 1931 519 1995 niter
533 1936 662 2014 receptu
672 1929 850 2002 insonitum
879 1950 943 1993 non
958 1929 1062 1993 minus
1077 1928 1211 2014 epistola
1222 1929 1246 1991 J
1247 1929 1348 2005 acobi,
1360 1950 1431 2014 quae
1447 1951 1505 1993 au-

399 2039 419 2068 “
434 2032 515 2096 ctori
531 2031 641 2094 Romae
656 2030 773 2093 viventi
788 2030 941 2114 nequibat
958 2052 1028 2094 esse
1046 2031 1228 2115 incognita3
1252 2030 1349 2094 tertia
1366 2032 1504 2117 denique

399 2139 419 2168 “
433 2131 457 2194 J
459 2131 570 2194 oannis
581 2129 715 2214 epistola
725 2152 855 2214 prorsus
867 2130 1030 2194 reticetur.
1065 2133 1180 2195 Verum
1192 2153 1232 2194 ex
1243 2153 1307 2195 una
1322 2138 1414 2216 parte
1426 2154 1503 2216 pen·

399 2239 419 2268 “
434 2232 568 2295 eandum
583 2238 642 2306 est,
657 2231 709 2314 ogi
731 2230 782 2293 hio
802 2231 842 2294 de
857 2231 1047 2316 fragmento,
1062 2233 1147 2318 quod
1165 2233 1243 2297 locis
1262 2233 1504 2320 quamplurimis

399 2340 419 2369 “
434 2332 619 2416 integritate
633 2352 744 2394 sensus
764 2331 959 2410 destituitur,
975 2340 1009 2397 et
1024 2333 1071 2397 vel
1088 2332 1204 2396 idcirco
1223 2333 1312 2397 litem
1327 2333 1503 2398 etiamnum

398 2442 419 2472 “
434 2433 582 2518 pendere,
597 2454 639 2495 an
659 2455 723 2496 non
742 2433 774 2496 iu
790 2440 942 2498 contextu
957 2434 1006 2499 vel
1025 2435 1198 2518 praemisso,
1214 2436 1262 2500 vel
1284 2437 1453 2520 subsequo,
1468 2444 1503 2500 et

399 2543 420 2576 “
435 2536 484 2599 hae
505 2534 679 2598 Bibliorum
702 2542 810 2620 partes
832 2544 1086 2600 commemoratae
1107 2536 1233 2614 suerint,
1254 2545 1361 2621 atque,
1384 2537 1500 2601 solum·

399 2647 420 2677 ‘⁸
435 2638 529 2701 modo
546 2637 684 2702 mutilati
701 2638 805 2722 operis
819 2638 907 2715 vitio,
923 2638 1017 2701 hodie
1032 2638 1152 2702 mentio
1162 2660 1271 2702 earum
1284 2638 1484 2704 desideretur
1492 2665 1502 2715 ;

399 2747 419 2778 “
434 2762 474 2803 ex
488 2740 592 2804 altera
611 2747 704 2823 parte
719 2739 980 2803 dissimulandum
995 2761 1058 2802 nou
1074 2747 1134 2815 est,
1149 2762 1212 2803 nou
1228 2762 1337 2803 omnes
1350 2740 1383 2803 in
1402 2741 1501 2803 omui·

397 2840 493 2904 “bus
515 2842 653 2905 ecclesiis
673 2841 770 2905 libros
785 2841 907 2905 divinos
929 2842 1041 2905 eodem
1063 2849 1206 2926 tempore
1229 2842 1325 2905 fuisse
1346 2850 1503 2927 receptos,

398 2951 418 2980 “
432 2958 529 3028 atque
558 2943 600 3008 ab
630 2943 700 3027 ipso
730 2943 869 3007 Eusebio
898 2943 1082 3028 singillatim
1108 2943 1274 3027 epistolam
1300 2944 1428 3019 Jacobi,
1454 2965 1503 3007 se-

396 3053 418 3085 “
433 3045 569 3109 cundum
594 3045 696 3121 Petri,
718 3051 751 3108 et
773 3044 903 3109 tertiam
925 3044 1059 3108 Joanuis
1082 3044 1323 3129 antilegomeuis
1348 3065 1501 3108 annume-

398 3156 419 3184 '‘
434 3146 531 3211 rari.''
557 3148 611 3210 Ita
627 3147 696 3222 ille;
719 3147 819 3209 solum
830 3148 960 3223 notabo,
976 3146 1158 3222 Eusebium,
1175 3146 1229 3230 qui
1243 3146 1340 3209 libros
1351 3145 1384 3208 S.
1396 3145 1503 3229 Scrip-

396 3256 478 3315 turae
493 3249 662 3333 praedictos
673 3249 740 3316 τοὺς
754 3250 1005 3330 ἀντιλεγομένους
1015 3249 1085 3333 plus
1096 3248 1192 3312 semel
1204 3255 1358 3324 recenset,
1370 3248 1501 3321 addere,

396 3355 560 3433 γνωρίμους
570 3349 594 3413 δ’
607 3351 660 3413 οὖν
675 3352 753 3428 ὅμως
765 3356 828 3416 τοῖς
841 3357 979 3428 πολλοῖς,
991 3357 1034 3427 et,
1047 3351 1124 3429 ὅμως
1139 3352 1171 3414 δὲ
1184 3352 1218 3413 ἐν
1230 3351 1386 3416 πλείσταις
1397 3352 1503 3428 ἐκκλη-

397 3453 477 3518 σίαις
494 3454 575 3530 παρὰ
589 3457 717 3516 πολλοῖς
737 3452 1024 3530 δεδημοσιευμένους.
1071 3452 1129 3515 IV.
1143 3450 1192 3515 Ut
1207 3458 1244 3515 ut
1266 3472 1318 3514 res
1337 3472 1371 3514 se
1391 3450 1502 3529 habet,

397 3571 584 3637 quacunque
599 3551 639 3612 de
654 3572 752 3613 causa
764 3552 796 3614 S.
813 3551 902 3615 Petri
914 3552 1049 3636 epistola
1060 3552 1112 3616 hic
1127 3552 1244 3617 omissa
1254 3560 1315 3628 est,
1330 3552 1502 3638 Episwlom

397 3675 473 3717 sane
498 3652 595 3716 Jodoe
618 3652 743 3715 Auctor
765 3651 933 3737 fragmenti
956 3653 1232 3726 commemoravit;
1265 3674 1361 3737 quam
1381 3660 1501 3730 tamen,

396 3762 515 3819 norunt
538 3776 648 3818 omnes
673 3753 758 3818 iuter
782 3758 835 3821 τὰς
860 3756 1093 3836 ἆυτιλεγομένας
1119 3754 1301 3839 Scripturas
1327 3753 1502 3818 Eusebium

396 3857 599 3935 recensuisse,
620 3856 673 3942 qui
694 3856 747 3921 lib.
772 3878 897 3941 quoque
916 3857 999 3919 Har.
1015 3856 1047 3919 ii.
1064 3877 1134 3939 cap.
1149 3873 1200 3940 23.
1221 3855 1291 3917 loco
1310 3877 1331 3918 a
1353 3854 1502 3919 Stoschio

396 3982 493 4044 supra
506 3961 657 4037 adducto,
673 3960 730 4036 ait,
746 3983 810 4024 uon
824 3959 942 4023 multos
957 3981 996 4023 ex
1012 3957 1237 4022 vetustioribus
1251 3956 1345 4041 hujus
1360 3957 1502 4041 epistolae

395 4063 588 4126 mentionem
605 4061 726 4125 fecisse.

440 4162 492 4225 Ex
507 4162 556 4225 his
570 4162 680 4246 paucis
692 4161 754 4224 vidi
764 4183 823 4245 ego
835 4160 1004 4225 afferentes
1013 4161 1037 4223 J
1039 4160 1110 4223 udae
1122 4157 1289 4243 epistolam
1300 4165 1455 4241 tanquam
1466 4159 1501 4223 S.

397 4263 569 4347 Scripturae
578 4263 703 4340 librum,
712 4262 952 4337 Tertullianum,
959 4261 1151 4326 (llemeutem
1164 4260 1426 4336 Alexandrinum,
1431 4259 1502 4322 Ori·

394 4385 582 4447 genemque,
596 4371 630 4428 et
644 4363 778 4427 fortasse
793 4363 967 4428 Concilium
982 4362 1218 4426 Antiocheuum
1233 4348 1346 4425 contra
1364 4359 1502 4424 Paulum
1520 4439 1534 4462 ⁹

397 4463 640 4529 Samosateuum
662 4465 818 4539 habitum,
836 4465 1075 4549 Auctoremque
1096 4470 1208 4527 contra
1231 4462 1458 4537 Novatianum,
1480 4482 1503 4525 a

396 4586 459 4648 quo
482 4566 618 4647 quidem,
634 4589 674 4630 ea
696 4566 810 4630 saltem
830 4588 902 4650 quae
921 4566 1032 4630 Judau
1049 4566 1116 4650 ipse
1138 4586 1177 4629 ex
1198 4564 1288 4627 libris
1311 4564 1500 4649 protulerat,

395 4664 584 4728 referuntur.
630 4666 751 4746 Quibus
774 4668 983 4752 scriptoribus
1005 4689 1088 4731 nunc
1111 4667 1237 4731 demum
1262 4666 1426 4730 addendus
1451 4672 1502 4728 est
