3809 5650
487 707 707 775 EPISTULA
736 705 1062 773 VIENNENSIUM
1086 704 1144 771 ET
1169 704 1305 771 LUGD.
1381 707 1442 770 aa]

345 870 531 973 μάρτυρες,
557 869 617 953 οὓς
645 874 682 950 ἐν
707 877 753 974 τῇ
779 873 957 977 ὁμολογίᾳ
982 868 1145 971 Χριστὸς
1170 868 1328 974 ἠξίωσεν
1354 871 1442 948 ἀνα·

345 1010 538 1111 ληφθῆναι,
558 1004 914 1110 ἐπισφραγισάμενος
932 1007 1050 1084 αὐτῶν
1068 1003 1127 1082 διὰ
1144 1008 1209 1102 τῆς
1230 1001 1356 1108 ἐξόδου
1380 1002 1447 1102 τὴν

345 1141 551 1241 μαρτυρίαν·
582 1141 678 1237 ἡμεῖς
699 1138 735 1217 δέ
760 1136 934 1239 ὁμόλογοι
955 1139 1091 1241 με’τριοι
1115 1140 1173 1216 καὶ
1192 1139 1359 1217 ταπεινοί.
1388 1142 1448 1217 καὶ

346 1273 437 1371 μετὰ
463 1273 624 1376 δακρύων
642 1271 869 1374 παρεκάλουν
894 1270 976 1355 τοὺς
1002 1268 1447 1376 &assolutamente

319 1411 491 1491 5ἐκτευεῖς
523 1409 622 1511 εὐχαὶ
654 1409 820 1509 γίνωνται
850 1404 942 1508 πρὸς
975 1405 1017 1485 τὸ
1050 1410 1277 1504 τελειωθῆναι
1304 1407 1444 1491 αὐτούς.

347 1544 404 1619 καὶ
423 1539 488 1640 τὴν
507 1540 571 1639 μὲν
590 1540 738 1637 δύναμιν
762 1546 826 1640 τῆς
851 1541 1046 1642 μαρτυρίας
1071 1539 1165 1646 ἔργῳ
1195 1542 1446 1639 ἐπεδείκνυντο,

345 1676 492 1776 πολλὴν
514 1678 720 1780 παῤῥησίαν
742 1677 889 1778 ἄγοντες
914 1674 1005 1777 πρὸς
1032 1674 1151 1754 πάντα
1178 1673 1224 1753 τὰ
1249 1674 1345 1774 ἔθνη·
1388 1681 1447 1755 καὶ

345 1812 411 1912 τὴν
429 1814 604 1914 εὐγένειαν
622 1812 680 1891 διὰ
699 1818 761 1909 τῆς
781 1814 960 1910 ὑπομονῆς
986 1816 1043 1890 καὶ
1069 1812 1226 1917 ἀφοβίας
1252 1814 1309 1889 καὶ
1334 1813 1444 1913 ἀτρο-

344 1948 428 2044 μίας
446 1945 606 2049 φανερὰν
623 1948 774 2026 ἐποίουν.
805 1945 872 2046 τὴν
891 1946 929 2025 δὲ
946 1945 1037 2048 πρὸς
1060 1943 1141 2028 τοὺς
1168 1943 1348 2050 ἀδελφοὺς
1375 1952 1447 2025 τῶν

301 2104 336 2142 10
345 2080 533 2183 μαρτύρων
551 2082 799 2183 προσηγορίαν
816 2089 1053 2186 παρῃτοῦντο,
1067 2079 1359 2179 ἐμπεπλησμένοι
1379 2079 1447 2185 φό-

345 2225 414 2312 βου
433 2222 540 2295 Θεοῦ.

390 2357 436 2438 ιη’.
462 2361 519 2423 Καὶ
534 2360 615 2426 αὖθις
628 2363 703 2440 μετὰ
721 2360 842 2443 βραχέα
861 2363 967 2442 φασίν.
1025 2348 1280 2429 8Ἑταπείνουν
1304 2346 1448 2434 ἑαυτοὺς

345 2482 414 2560 ὑπὸ
451 2481 516 2577 τὴν
554 2481 725 2582 κραταιὰν
762 2489 872 2585 χεῖρα,
911 2485 970 2589 ὑφ’
1008 2483 1050 2582 ἧς
1088 2488 1215 2566 ἱκανῶς
1253 2492 1316 2563 νῦν
1355 2488 1447 2564 εἰσὶν

343 2613 538 2718 ὑψωμένοι.
569 2613 648 2692 τότε
668 2614 706 2694 δὲ
728 2623 821 2694 πᾶσι
845 2613 911 2714 μὲν
938 2620 1195 2717 ἀπελογοῦντο,
1223 2617 1446 2720 κατηγόρουν

299 2747 381 2830 1εδὲ
410 2747 562 2832 οὐδενός·
597 2748 703 2828 ἔλυον
729 2748 794 2848 μέν
821 2747 992 2848 ἅπαντας,
1019 2752 1210 2850 ἐδέσμευον
1238 2750 1276 2831 δέ
1303 2750 1441 2831 οὐδένα·

343 2890 401 2964 καὶ
431 2884 517 2986 ὑπὲρ
545 2891 617 2963 τῶν
644 2884 690 2964 τὰ
718 2884 813 2964 δεινὰ
840 2887 1066 2966 διατιθέντων
1093 2889 1258 2992 ηὔχοντο,
1282 2887 1443 2991 καθάπερ

344 3022 527 3126 Στέφανος
546 3022 566 3098 ὁ
584 3020 716 3103 τέλειος
733 3019 890 3123 μάρτνςῑ·
942 3021 1051 3124 Κύριε
1076 3020 1127 3121 μὴ
1153 3021 1297 3126 στήσῃς
1324 3023 1443 3106 αὐτοῖς

344 3331 453 3388 sionem
469 3330 597 3407 ipsorum
617 3339 711 3386 morte
732 3339 869 3405 tanquam
920 3329 1015 3387 tribus
1039 3329 1092 3387 sibi
1119 3326 1254 3394 oblatam,
1278 3337 1382 3406 utpote
1406 3330 1444 3386 ti·

344 3409 452 3467 annulo
467 3410 638 3486 obsignans:
662 3409 727 3466 Nos
741 3429 810 3466 vero
824 3410 867 3465 vi·
920 3429 1000 3468 more
1036 3410 1093 3468 Dei
1132 3409 1281 3467 constricti
1318 3408 1444 3487 refugie-

297 3489 387 3551 2oles
419 3501 506 3566 atque
539 3489 644 3564 abjecti
677 3490 867 3547 confessores.
919 3490 1000 3547 bant.

345 3569 439 3626 Simul
455 3569 582 3647 profusis
597 3568 722 3627 lacrimis
736 3569 867 3626 obsecra·
965 3572 1008 3627 18.
1032 3575 1064 3623 Et
1076 3576 1147 3637 paulo
1158 3585 1225 3638 post=
1243 3568 1444 3646 deprimebant

343 3649 413 3706 baut
428 3649 541 3712 fratres,
552 3661 586 3706 ut
600 3649 746 3706 continuas
760 3648 797 3706 ad
807 3650 867 3708 De·
918 3670 958 3716 se,
973 3656 1097 3719 inquiunt,
1111 3648 1166 3705 sub
1185 3667 1272 3706 manu
1288 3649 1412 3726 potenti,
1428 3668 1445 3706 a

342 3748 392 3785 um
415 3748 514 3806 preces
535 3729 648 3793 fierent,
668 3749 727 3805 quo
749 3727 866 3787 taudem
917 3749 976 3805 qua
990 3747 1068 3786 nunc
1081 3727 1235 3785 sublimius
1246 3728 1351 3786 elevati
1363 3739 1443 3786 sunt.

343 3808 398 3883 ipsi
434 3808 595 3885 perfectum
626 3808 712 3865 linem
748 3807 866 3882 adipisci
918 3809 1005 3866 Tunc
1019 3827 1088 3864 vero
1103 3806 1232 3864 omnium
1245 3807 1444 3866 defensionem

296 3912 331 3969 ²5
343 3900 533 3945 mererentur.
576 3889 622 3947 Ac
635 3889 731 3966 reipsa
749 3888 866 3963 quidem
917 3887 1124 3965 suscipiebant,
1153 3886 1298 3943 neminem
1327 3904 1443 3942 accusa-

344 3967 479 4025 virtutem
502 3979 661 4046 martyrum
681 3967 866 4035 exhibebant,
917 3968 998 4026 bant.
1035 3966 1165 4023 Cunctos
1179 3963 1377 4027 absolvebant,
1392 3984 1443 4023 ne-

342 4067 408 4104 cum
424 4048 536 4122 ingenti
556 4048 690 4105 libertate
709 4067 742 4104 ac
761 4045 867 4105 fiducia
917 4047 1026 4104 minem
1037 4044 1176 4120 ligabant.
1208 4042 1378 4113 Quinetiam
1391 4064 1445 4120 pro

343 4128 510 4184 Gentilibus
532 4126 759 4202 respondentes:
786 4137 816 4184 et
837 4146 867 4185 e·
917 4124 1118 4201 illisaquibus
1129 4123 1312 4182 acerbissime
1323 4123 1442 4181 cruciati

340 4208 468 4283 gregiam
493 4207 582 4263 animi
606 4204 733 4263 indolem
760 4207 865 4282 partim
917 4204 1044 4269 fuerant,
1073 4202 1208 4281 exemplo
1240 4201 1442 4278 perfectissimi

292 4286 505 4367 30tolerantia,
531 4286 636 4363 partim
666 4286 742 4361 quod
770 4296 866 4343 metus
917 4285 1052 4361 martyris
1080 4283 1231 4359 Stephani,
1256 4281 1352 4340 Deum
1377 4301 1442 4357 pre.

341 4386 374 4423 ac
394 4368 508 4443 pavoris
527 4377 661 4444 expertes
677 4375 784 4430 essent,
800 4386 864 4443 per·
916 4365 1073 4421 cabantur:
1112 4361 1235 4420 Βαναίου
1263 4382 1298 4419 ne
1323 4361 1443 4439 imputes

340 4447 439 4521 spicue
455 4447 646 4504 testabantur.
683 4446 780 4523 Ipsam
796 4465 865 4503 vero
916 4443 975 4501 illis
990 4445 1210 4581 Ιιοαριοοαίιιπι.
1253 4440 1378 4511 Quodsi
1393 4441 1442 4499 ille

341 4537 501 4605 martyrum
521 4525 745 4606 appellationem
768 4545 785 4582 a
805 4526 864 4582 fra.
915 4544 969 4601 pro
988 4522 1046 4601 lapi
1068 4523 1185 4580 antibus
1205 4522 1315 4588 orabat,
1331 4534 1441 4599 quanto

570 4779 581 4807 ε
599 4784 604 4814 ι
623 4769 674 4817 Pes.
685 4784 709 4815 v.
722 4768 745 4816 6.
960 4771 968 4797 ¹
979 4766 1036 4815 Aut.
1047 4766 1090 4816 vii.
1102 4781 1188 4815 comm.
1201 4764 1245 4816 ult.

386 4871 451 4911 von.
468 4870 488 4910 1.
867 4869 885 4909 ς
901 4854 915 4911 t
