3809 5650
720 1362 769 1461 S.
819 1356 1255 1460 SERAPIONIS

662 1612 1010 1676 ANTIOCHENI
1039 1610 1304 1688 EPISCOPI,

596 1817 668 1886 QUI
691 1815 787 1873 FINE
808 1813 968 1873 SAECULI
988 1813 1166 1871 saeuum
1189 1810 1371 1875 FLORUIT.

817 2006 1152 2080 FRAGMENTA.

845 2222 1133 2272 *-

410 2431 427 2487 5
562 2418 616 2474 EX
637 2418 831 2476 EPISTOLA
851 2420 907 2475 AD
928 2417 1116 2475 CARICUM
1138 2415 1189 2472 ΕΤ
1208 2412 1409 2470 PONTIUM.

431 2553 616 2667 ΌΠΩΣ
643 2584 680 2662 δὲ
708 2587 767 2662 καὶ
790 2592 895 2662 τοῦτο
920 2588 1034 2681 εἰδῆτε
1060 2583 1115 2662 ὅτι
1139 2590 1203 2684 τῆς
1227 2589 1383 2691 ψευδοῦς
1410 2585 1539 2683 ramus

438 2716 573 2826 τάξεως
590 2721 654 2816 τῆς
676 2713 955 2815 ἐπικαλουμένης
980 2716 1060 2800 νίας
1080 2721 1298 2825 προφητείας
1324 2733 1399 2810 (scil.
1421 2737 1539 2794 Monta·

441 2869 582 2926 nistarum
595 2866 726 2941 heresis)
747 2851 957 2947 ἐβδέλυκται
975 2852 997 2951 ἡ
1015 2852 1170 2955 ε’νέργεια
1188 2854 1287 2958 παρὰ
1309 2855 1413 2962 πόσῃ
1438 2862 1540 2961 τῄἐν

337 3054 343 3064 ,
441 2988 567 3095 κόσμῳ
581 2986 808 3092 ἀδελφότητι,
823 2985 998 3091 πέπομφα
1013 2987 1094 3083 ὑμῖν
1112 2989 1171 3066 καὶ
1191 2990 1374 3070 Κλαυδίου
1387 2993 1541 3070 Ἀπολι-

396 3124 562 3225 ιοναρίου
588 3130 653 3201 τοῦ
681 3118 952 3222 μακαριωτάπου
978 3122 1167 3222 γενομείιου
1195 3125 1233 3201 ἐν
1254 3123 1453 3227 Ἱεραπόλει
1479 3129 1542 3223 τῆς

439 3258 570 3342 Ἀσίας
588 3254 785 3336 ἐπισκόπου
802 3251 1010 3357 γράμματα.
1069 3270 1185 3330 Attulit
1203 3273 1264 3332 hiso
1286 3274 1432 3334 Eusebius
1451 3276 1541 3334 libs.

441 3394 518 3451 Hist.
532 3413 557 3450 e.
574 3410 627 3468 19;
650 3390 700 3448 ubi
714 3388 847 3468 proxime
861 3398 927 3467 post
941 3389 1038 3468 pergit
1052 3391 1186 3461 seribere,

484 3495 539 3558 'Ev
558 3494 648 3571 ταύτῃ
668 3493 701 3555 δὲ
720 3495 756 3578 τῇ
776 3493 828 3554 τοῦ
851 3493 1044 3571 Σαραπίωνος
1064 3496 1219 3583 ἐπιστολῇ,
1241 3500 1290 3563 καὶ
1307 3500 1545 3579 ὑποσημειώσεις

443 3604 585 3686 φέρονται
600 3605 751 3684 διαφόρου
766 3603 946 3665 ἐπισκόπου·
962 3603 1004 3665 δυ
1019 3605 1036 3666 δ
1050 3604 1107 3683 μέν
1122 3632 1165 3673 τις
1180 3606 1238 3671 δδί
1251 3635 1313 3676 πως
1323 3608 1543 3689 ὑπεσημῄυατο·

399 3751 409 3789 ι
415 3747 431 3806 5
443 3713 623 3819 Αὐρήλιος
639 3711 814 3817 Κυρήνιος
826 3710 963 3814 μάρτυς
974 3714 1151 3815 ἐρρῶσθαι
1163 3718 1253 3816 ὑμᾶς
1264 3709 1422 3821 εὔχομαί
1432 3739 1449 3800 ὁ
1458 3736 1491 3799 δέ
1501 3760 1545 3801 τις

443 3869 546 3929 τοῦτον
561 3864 614 3929 τὸυ
629 3866 748 3946 τρόπου·
772 3846 896 3929 Αἴλιος·
912 3844 1098 3932 Πούπλιος
1110 3850 1259 3934 Ἰούλιος
1272 3850 1343 3931 ἀπὸ
1358 3860 1545 3948 Δεβελτοῦ

485 4044 587 4120 Atque
603 4054 637 4100 ut
659 4043 766 4110 sciatis,
785 4047 882 4117 inquit,
898 4062 970 4120 qua.
1057 4046 1091 4100 ln
1125 4048 1217 4103 emam
1251 4050 1401 4122 Serapionis
1436 4052 1547 4122 epistola

444 4124 512 4182 liter
533 4124 668 4181 universa
687 4142 752 4199 quoe
771 4122 801 4178 in
820 4123 905 4180 terris
926 4131 971 4179 est
1019 4121 1147 4191 leguntur
1175 4126 1382 4198 subscriptiones
1412 4130 1547 4184 rariorum

444 4203 621 4267 fraternitas,
658 4203 856 4294 operationem
891 4199 971 4258 illam
1022 4201 1216 4271 episcoporum.
1256 4203 1380 4263 Quorum
1396 4225 1468 4262 unus
1483 4205 1547 4260 snb.

398 4283 587 4342 20simulatae
622 4282 767 4350 factionis,
799 4300 864 4358 quae
896 4299 972 4337 nora
1022 4278 1129 4347 scripsit
1148 4279 1178 4331 in
1199 4280 1271 4334 hunc
1292 4281 1419 4339 modum:
1450 4282 1546 4335 Aure.

445 4361 599 4441 prophetia
631 4361 807 4430 nominatur,
841 4369 972 4418 aversata
1022 4356 1080 4414 lius
1103 4354 1246 4431 Cyrenius
1267 4366 1377 4434 martyr
1400 4369 1471 4435 opto
1496 4377 1548 4415 vos

445 4451 533 4518 atque
555 4441 720 4499 abominata
738 4452 792 4503 est,
811 4438 972 4497 beatissimi
1022 4436 1097 4495 bene
1124 4433 1230 4493 valere.
1280 4440 1355 4494 Alter
1379 4447 1468 4493 numm
1497 4438 1548 4492 hoc

445 4522 537 4600 patris
564 4520 682 4579 Claudii
713 4519 892 4599 Apollinaris
919 4518 971 4595 qui
1022 4519 1120 4574 modo:
1163 4514 1257 4572 AElius
1294 4511 1419 4570 Publius
1447 4509 1548 4568 Julius

447 4600 677 4679 Hierapolitanos
691 4601 816 4659 urbisin
829 4593 972 4676 Asiaepi.
1023 4593 1144 4651 Deuelti
1174 4593 1293 4652 colonita
1327 4590 1458 4649 Thracia
1486 4590 1548 4666 epi.

400 4694 435 4751 25
446 4701 551 4759 scopus
562 4680 631 4747 fuit,
645 4679 745 4740 literas
759 4679 796 4739 ad
809 4678 950 4737 vos'misi.
1023 4693 1145 4752 scopus:
1183 4684 1274 4733 testor
1307 4673 1404 4730 Deum
1438 4670 1488 4747 qui
1516 4670 1548 4727 in

1061 4787 1159 4854 3¹12
