3809 5650
829 672 1029 739 RHODON.
1418 676 1483 744 439

384 804 434 904 μὴ
453 807 675 906 εὑρίσκοντες
696 804 762 903 τὴν
787 808 959 907 διαίρεσιν
984 814 1056 886 τῶν
1079 807 1303 908 πραγμάτων
1330 812 1379 892 ὡς
1405 809 1484 888 οὐδὲ

385 940 522 1034 ἐκεῖνος,
550 941 607 1017 ε’πὶ
637 936 702 1037 τὴν
731 939 906 1042 εὔχε’ρειαν
938 938 1146 1042 ἐτράποντο·
1187 945 1245 1020 καὶ
1276 940 1340 1020 διίο
1372 941 1486 1044 ἀρχὰς

386 1070 617 1175 ἀπεφήναντο
642 1075 764 1174 ψιλῶς
791 1075 849 1150 καὶ
875 1073 1144 1156 ἀναποδείκτως.
1173 1075 1282 1152 ἄλλοι
1307 1072 1345 1152 δέ
1371 1073 1486 1153 πάλιν

388 1206 447 1283 ἀπ’
468 1206 584 1282 αὐτῶν
613 1208 671 1284 ἐπὶ
701 1204 743 1283 τὸ
774 1213 893 1308 χεῖρον
919 1205 1171 1311 ἐξοκείλαντες,
1198 1209 1240 1285 οὐ
1268 1207 1380 1304 μόνον
1412 1205 1485 1302 δύο,

361 1336 487 1416 sdan&
509 1342 566 1415 καὶ
592 1345 684 1439 τρεῖς
713 1341 935 1417 ὑποτίθενται
960 1339 1099 1443 φύσεις·
1131 1337 1181 1418 ὧν
1205 1343 1304 1419 ἐστὶν
1328 1340 1487 1444 ἀρχηγὸς

388 1474 446 1548 καὶ
481 1470 690 1572 προστάτης
723 1473 898 1573 Σύνερως,
933 1472 1050 1555 καθὼς
1087 1480 1119 1551 οἱ
1156 1473 1197 1552 τὸ
1235 1477 1487 1553 διδασκαλεῖον

388 1604 496 1680 αὑτοῦ
513 1601 806 1702 προβαλλόμενοι
825 1606 984 1706 λέγουσι.
1047 1624 1120 1680 Hac
1133 1622 1217 1681 affert
1234 1624 1379 1682 Eusebius
1391 1624 1442 1682 lib.
1457 1644 1485 1680 v.

392 1735 471 1793 Hisi.
487 1756 549 1813 cap.
571 1755 578 1792 r
585 1756 614 1809 3.
629 1738 785 1812 statimqne
799 1738 843 1794 his
857 1738 1008 1815 subjungit
1022 1757 1085 1814 quae
1100 1737 1146 1794 hic
1161 1747 1331 1812 sequuntur.

434 1839 547 1918 Γράφει
569 1842 601 1901 δὲ
624 1841 640 1901 ὁ
663 1839 750 1905 αὐτὸς
775 1843 929 1915 (Rhodon)
953 1843 991 1908 ὡς
1013 1841 1061 1904 καὶ
1083 1843 1125 1907 εἰς
1149 1842 1258 1921 λόγους
1284 1841 1424 1918 ἐληλύθοι
1445 1842 1487 1922 τῷ

346 1946 535 2034 ιοἈτελλῇ,
551 1949 676 2029 φάσκων
690 1952 790 2016 οὕτως·

444 2060 493 2136 Ὀ
511 2057 582 2158 γὰρ
607 2058 721 2159 γε’ρων
738 2062 926 2158 Ἀπελλῆς
951 2059 1134 2165 συμμίξας
1159 2061 1254 2157 ἡμῖν,
1271 2056 1398 2138 πολλὰ
1421 2058 1487 2155 μέν

390 2198 505 2273 κακῶς
523 2191 641 2291 λέγων
664 2192 840 2295 ἠλεγχθη·
871 2193 953 2271 ὅθεν
978 2196 1037 2271 καὶ
1062 2193 1199 2297 ἔφασκε
1222 2190 1272 2289 μὴ
1297 2194 1369 2270 δεῖν
1392 2191 1487 2272 ὅλως

390 2322 561 2430 ἐξετάζειν
579 2322 642 2402 τὸν
667 2323 790 2424 λόγον,
809 2326 897 2403 ἀλλ’
917 2326 1071 2404 ἕκαστον
1096 2328 1144 2408 ὡς
1167 2326 1380 2403 πεπίστευκε
1405 2327 1483 2403 δια-

389 2456 515 2552 μένειν.
556 2457 793 2553 σωθήσεσθαι
824 2456 896 2557 γὰρ
928 2456 1011 2539 τοὺς
1037 2460 1095 2536 ἐπὶ
1125 2455 1189 2534 τὸν
1220 2455 1488 2556 ἐσταυρωμένον

347 2617 378 2672 ¹5
391 2586 586 2687 ήλπικότας
603 2590 831 2690 ἀπεφαίνετο·
861 2587 972 2685 μόνον
990 2588 1051 2666 ἐοὶν
1068 2592 1106 2665 ἐν
1124 2589 1239 2690 ἔργοις
1260 2591 1408 2687 ἀγαθοῖς
1426 2590 1483 2665 εὑ·

389 2723 594 2822 ρίσκωνται.
637 2721 679 2798 τὸ
707 2720 744 2798 δέ
773 2719 918 2798 πάντων
951 2720 1212 2825 α’σαφέστατον
1243 2719 1488 2820 ε’δογματίζετο

390 2856 485 2958 αὐτῷ
502 2861 663 2954 πρᾶγμα,
678 2850 794 2934 καθὼς
812 2852 1079 2954 προειρήκαμεν,
1097 2852 1138 2931 τὸ
1157 2861 1237 2955 περὶ
1256 2858 1362 2931 Θεοῦ.
1386 2852 1488 2952 ἔλεγε

390 2987 454 3075 ιιέν
473 2985 545 3088 γὰρ
562 2988 647 3084 μίαν
665 2985 789 3088 ἀρχὴν,
808 2983 925 3067 καθὼς
944 2989 1003 3063 καὶ
1022 2987 1041 3062 ὁ
1060 2986 1226 3086 ἡμέτερος
1244 2985 1364 3086 λόγος.

436 3118 509 3180 Εἶτα
520 3120 639 3197 προθεὶς
652 3122 762 3198 (inquit
778 3121 938 3196 Eusebius)
954 3117 1043 3179 αὐτοῦ
1061 3120 1204 3198 (Apellis)
1221 3122 1324 3180 πᾶσαν
1334 3116 1388 3194 τὴν
1399 3117 1490 3192 δόξαν

346 3251 382 3288 20
393 3227 527 3307 ἐπιφέρει
542 3226 676 3307 φάσκων·

394 3470 444 3528 illa
456 3470 583 3547 reperire
598 3489 655 3526 non
672 3480 799 3544 possent,
814 3467 851 3527 ad
870 3481 913 3528 te·
967 3470 1162 3542 Quamobrem
1178 3474 1266 3532 etiam
1277 3476 1421 3534 asserebat
1432 3496 1490 3534 non

394 3549 558 3607 maritatam
586 3546 778 3616 deflexerunt,
803 3559 834 3606 et
858 3548 917 3606 duo
967 3552 1489 3623 esseomninoexaminandamfidem;

395 3647 490 3685 rerum
508 3625 649 3705 principia
663 3626 742 3685 nude
760 3638 791 3684 et
809 3628 918 3704 absque
967 3630 1018 3687 sed
1040 3649 1277 3708 unumquemque
1300 3634 1330 3691 in
1355 3632 1490 3711 eoquod

395 3706 456 3764 ulla
477 3705 724 3764 demonstratione
746 3708 916 3782 pronuntia-
968 3709 1057 3766 semel
1071 3709 1241 3778 imbibisset,
1257 3723 1386 3788 perstare
1405 3732 1491 3791 opor-

349 3794 475 3858 25runt.
517 3783 580 3841 Alii
602 3804 702 3843 rursus
724 3785 761 3843 ab
784 3786 830 3844 bis
853 3797 918 3843 tan-
968 3797 1041 3846 tere.
1085 3787 1328 3867 Quippeeoaqui
1343 3791 1374 3846 in
1389 3791 1491 3848 Cruci·

395 3883 481 3940 quam
507 3874 681 3940 tempestate
704 3863 736 3921 in
759 3866 844 3942 pejus
867 3866 917 3923 ab·
969 3865 1028 3922 fixo
1042 3886 1122 3944 spem
1133 3887 1213 3924 suam
1225 3867 1424 3933 collocassent,
1433 3889 1492 3926 ser·

395 3943 481 4017 rapti,
500 3962 560 4000 non
578 3943 650 4001 duas
668 3942 773 4011 solum,
792 3943 844 4001 sed
859 3954 919 4000 tres
969 3943 1493 4012 vandoseaseaffirmabat,dummodo

396 4032 515 4079 naturas
536 4031 714 4098 posuerunt:
736 4041 871 4097 quorum,
886 4031 920 4079 ut
969 4021 1000 4078 in
1010 4021 1094 4080 bonis
1102 4024 1493 4102 operibusdeprebenderen.

396 4098 556 4178 disciplinae
577 4099 657 4157 illins
681 4109 837 4158 sectatores
857 4119 918 4158 me·
970 4110 1029 4158 tur.
1073 4100 1146 4159 Rem
1163 4121 1232 4160 vero
1245 4104 1374 4161 omnium
1389 4104 1492 4164 obscu-

348 4203 387 4258 30
397 4189 520 4314 moragt,
530 4178 664 4256 princeps
674 4189 704 4236 et
714 4179 920 4255 antesignanus
970 4180 1111 4238 rissimam
1126 4199 1188 4273 esse
1202 4182 1361 4318 statutirba}5
1369 4193 1404 4240 nt
1418 4182 1495 4319 dibi-

411 4268 456 4315 nst
513 4277 605 4314 noros.
970 4277 1045 4324 mus,
1084 4270 1253 4316 uaestronem
1293 4281 1309 4318 e
1362 4280 1407 4318 eo.
1479 4301 1494 4314 .

433 4278 512 4388 Ideni
523 4333 920 4403 Rhodonsaeumnpellocol·
971 4356 1041 4394 num
1064 4278 1206 4413 iiquidem
1230 4338 1405 4417 principium
1431 4359 1494 4400 ease

396 4404 516 4457 locutum
529 4402 855 4488 messoribithiqurbis.
972 4414 1094 4480 dicebat,
1122 4416 1198 4474 sicut
1219 4427 1250 4475 et
1271 4428 1370 4476 nostra
1391 4418 1494 4497 religio

438 4474 535 4532 Senex
548 4494 625 4531 earm
642 4474 763 4552 Apelles
782 4483 854 4531 mato
867 4494 919 4531 no·
972 4494 1065 4552 docet,

347 4570 383 4628 35
396 4552 505 4611 bimum
528 4552 680 4646 ⁰⁰ll⁰fl¹¹i⁰u
697 4552 791 4645 mult?
804 4551 921 4629 qnidem
1008 4571 1140 4625 Universa
1152 4572 1247 4626 deinde
1258 4576 1315 4644 eJ'us
1334 4574 1494 4631 doctrinain

397 4651 546 4710 perperam
575 4631 671 4690 dicere
693 4642 844 4690 convictus
868 4642 921 4689 est.
971 4640 1089 4694 medium
1101 4643 1211 4711 prolata,
1223 4642 1281 4697 haee
1293 4643 1441 4715 subjungit.
