3809 5650
439 681 503 743 raa
787 681 1024 761 nunionis
1048 681 1220 747 susan.

434 829 476 894 Ἡ
494 837 549 894 ΔΕ
574 836 684 894 ΠΡΟΣ
705 834 964 905 ΑΘΗΝΑΙΟΎΣ,
991 833 1153 914 διεγερτικη
1175 833 1303 897 πίστεως
1324 832 1372 894 καὶ
1391 836 1441 909 τῆς
1464 835 1536 894 κατὰ

433 938 468 1002 τδ
483 939 660 1020 εὐαγγέλιον
682 940 843 1005 πολιτείας·
866 939 901 1017 ἧς
914 939 1159 1021 όλιγωρήσαντας
1177 941 1309 1022 ἐλέγχει,
1328 941 1366 1006 ὥς
1381 940 1419 1003 δν
1432 947 1535 1020 μικροῦ

434 1054 498 1118 δεῖν’
515 1046 704 1114 ἀποστάντας
723 1052 776 1111 τοῦ
799 1049 903 1129 λόγου,
922 1051 954 1126 ἐξ
976 1049 1067 1129 ούπερ
1082 1049 1135 1112 τὸν
1149 1055 1323 1131 προεστῶτα
1345 1049 1441 1112 αύτῶν
1455 1051 1535 1112 Πού-

433 1166 523 1222 πλιον
536 1161 720 1239 μαρτυρῆσαι
736 1160 809 1220 κατὰ
823 1157 891 1223 τοὺς
905 1159 973 1221 τότε
993 1157 1109 1238 συνέβη
1127 1160 1279 1239 διωγμούς.
1327 1158 1479 1238 Κοδράτου
1501 1161 1533 1221 δέ

431 1270 508 1345 μετδ
530 1266 584 1330 τὸν
606 1266 835 1347 μαρτυρήσαντα
855 1269 1014 1330 Πούπλιον
1037 1266 1240 1333 καταστάντος
1258 1269 1353 1330 αὐτῶν
1372 1269 1559 1338 ἐπισκόπου5

431 1374 585 1454 μέμνηται·
603 1376 813 1455 ἐπιμαρτυρῶν,
830 1376 869 1441 ὡς
884 1374 922 1437 ἀν
936 1378 985 1438 διδ
999 1379 1051 1453 τῆς
1065 1376 1154 1439 αὐτοῦ
1170 1379 1301 1453 σπουδῆς
1316 1375 1534 1456 ἐπισυναχθέν-

431 1508 501 1561 των,
532 1483 581 1545 καὶ
608 1487 659 1561 τῆς
688 1483 817 1548 πίστεως
846 1484 1072 1563 ἀναζωπύρησιν
1101 1485 1276 1566 εἰληχότων·
1315 1488 1403 1563 δηλοῖ
1430 1482 1454 1546 δ’
1486 1486 1534 1547 ἐπὶ

431 1594 557 1668 τούτοις,
582 1593 621 1657 ὣς
646 1591 693 1654 καὶ
723 1592 883 1657 Διονύσιος
908 1593 925 1654 ό
955 1590 1171 1673 Ἀρεοπαγίτης
1200 1594 1258 1656 ὑπὸ
1283 1599 1335 1656 τοῦ
1361 1595 1534 1657 ἀποστόλου

432 1703 557 1764 Παύλου
582 1701 760 1781 προτραπεὶς
780 1700 829 1763 ἐπὶ
846 1701 900 1778 τὴν
914 1701 1016 1764 πίστιν
1039 1704 1113 1764 κατδ
1128 1704 1165 1764 τδ
1181 1704 1215 1765 ἐν
1229 1708 1293 1768 ταῖς
1307 1700 1435 1783 πράξεσι
1450 1708 1531 1781 δεδη-

430 1811 563 1892 λωμένα,
588 1818 702 1892 πρῶτος
715 1815 766 1889 τῆς
791 1813 826 1874 ἐν
846 1810 988 1890 Ἀθήναις
1006 1814 1162 1892 παροικίας
1186 1812 1240 1891 τὴν
1263 1813 1429 1892 ἐπισκοπὴν
1449 1815 1530 1894 ἐγκε-
1544 1841 1579 1878 10

452 1946 467 1983 ε
497 1946 573 1984 ιστο.

399 2090 401 2094 .
425 1923 527 2108 ἕλλρλη
542 2027 566 2092 δ’
579 2028 724 2106 ἐπιστολή
743 2053 786 2094 τις
805 2028 895 2091 αὐτοῦ
909 2034 1019 2092 ΠΡΟΣ
1040 2034 1324 2093 ΝΙΚΟΜΗΔΕΑΣ
1340 2030 1473 2110 φέρεται·
1497 2033 1531 2094 ἐν

428 2137 447 2220 ἦ
470 2140 525 2217 τὴν
549 2140 725 2220 Μαρκίωνος
742 2140 859 2219 αίρεσιν
878 2145 1029 2219 πολεμῶν,
1049 2141 1089 2224 τῷ
1113 2143 1164 2218 τῆς
1185 2140 1326 2218 ἀληθείας
1352 2141 1531 2220 παρίσταται

430 2274 541 2313 κανονι.

430 2361 489 2424 Καὶ
517 2362 552 2446 τῇ
583 2362 726 2444 ἐκκλησία
755 2362 843 2445 δέτῇ
867 2359 1050 2444 παροικούσῃ
1076 2355 1409 2422 ΓΟΡΊῪΝΑΝἋΜΑ
1433 2363 1576 2433 ΤΑ1Σ15

428 2474 602 2532 ΛΟΙΠΑΙΣ
626 2473 736 2531 ΚΑΤΑ
759 2474 932 2532 ΚΡΗΤΗΝ
956 2472 1198 2531 ΠΑΡΟῙΚΙΑΙΣ
1219 2469 1400 2539 ἐπιστείλας,
1422 2469 1529 2530 Φίλιπ-

428 2603 487 2641 πον
503 2579 667 2641 ἐπίσκοπον
682 2578 778 2640 αὐτῶν
792 2577 982 2660 ἀποδέχεται,
999 2577 1051 2640 ἀτε
1070 2575 1105 2654 δὴ
1121 2576 1171 2639 ἐπὶ
1192 2578 1347 2641 πλείσταις
1366 2601 1528 2657 μαρτυρου-

428 2684 519 2766 μένης
533 2688 744 2768 ἀνδραγαθίαις
757 2690 810 2765 tric
822 2684 870 2749 ὑπ’
887 2685 978 2749 αύτδν
994 2686 1164 2763 ἐκκλησίας·
1189 2684 1243 2763 τήν
1253 2709 1286 2747 τε
1300 2690 1360 2746 τῶν
1375 2686 1528 2765 αἱρετικῶν
1608 2755 1611 2761 ,

428 2793 613 2874 διαστροφὴν
621 2793 835 2873 ὑπομιμνήσκει
850 2791 1066 2874 φυλάττεσθαι.

429 2904 488 2966 Kal
513 2903 548 2980 τῇ
579 2902 723 2986 ἐκκλησία
746 2904 779 2965 δέ
808 2904 843 2988 τῇ
869 2905 1053 2988 παροικούσῃ
1077 2900 1405 2965 ΑΜΑΣΤΡΙΝἋΜΑ
1431 2908 1526 2965 ΤΑΙΣ
1539 2921 1575 2959 20

429 3016 539 3074 ΚΑΤΑ
555 3016 734 3074 ΠΟΝΤΟΝ
759 3012 940 3087 ἐπιστείλας,
957 3012 1145 3092 Βακχυλίδου
1164 3011 1220 3088 μὲν
1236 3010 1284 3072 καὶ
1297 3008 1472 3086 Ἐλπίστου,
1489 3012 1528 3077 ὡς

428 3118 467 3182 ἂν
482 3118 572 3183 αὐτὸν
587 3121 637 3183 ἐπὶ
649 3119 683 3182 τὸ
698 3120 815 3200 γράψαι
830 3119 1065 3200 προτρεψάντων
1075 3122 1228 3198 μέμνηται·
1253 3125 1377 3200 γραφῶν
1392 3144 1424 3181 τε
1440 3121 1527 3182 θείων

426 3376 603 3430 Athenienses
631 3378 737 3446 scripta,
766 3378 884 3431 excitans
915 3377 949 3432 sd
1000 3377 1086 3431 elesioe
1099 3374 1270 3429 Atheniensis
1281 3374 1458 3429 sacerdotium
1466 3392 1525 3428 sus-

427 3444 516 3508 fidem,
540 3444 623 3499 etad
647 3448 729 3499 vitam
757 3464 788 3499 ex
816 3457 949 3516 praecepto
999 3447 1109 3516 cepisse.
1147 3444 1200 3498 Sed
1221 3453 1248 3498 et
1268 3446 1319 3497 alia
1339 3446 1397 3515 ejus
1415 3445 1526 3513 epistola

426 3515 554 3583 evangelii
574 3513 782 3568 traducendam:
802 3533 856 3585 qua
872 3517 901 3568 in
921 3533 950 3569 re
999 3523 1085 3568 exstat
1106 3513 1140 3568 ad
1166 3513 1394 3576 Nicomedienses,
1420 3515 1448 3568 in
1472 3531 1569 3593 qus25

426 3583 616 3663 negligentiam
636 3585 724 3653 arguit
736 3584 949 3648 Atheniensium,
1000 3584 1145 3638 Marcionis
1186 3583 1310 3637 haeresim
1352 3584 1426 3651 impu
1466 3599 1523 3644 ans,

445 3670 524 3721 urppe
554 3654 600 3722 qui
629 3671 645 3706 a
675 3653 726 3706 fide
775 3671 805 3706 ro
824 3653 950 3707 amodum
1000 3654 1117 3707 veritatis
1138 3653 1237 3722 regulae
1270 3652 1379 3705 firmiter
1460 3668 1523 3703 aere-

426 3669 606 3784 lescivissent,
625 3740 658 3775 ex
676 3740 730 3792 quo
787 3672 856 3776 blius
877 3724 949 3803 ipso·
1001 3724 1059 3776 scit.
1096 3722 1222 3775 Ecclesiae
1234 3731 1359 3802 praeterea
1372 3719 1523 3789 Gortynen·

426 3807 486 3843 rum
508 3792 697 3861 episcopusin
721 3793 949 3860 persecutiombus
1001 3794 1080 3855 sium,
1104 3801 1131 3845 et
1155 3791 1264 3861 reliquis
1294 3790 1376 3843 simul
1406 3790 1525 3842 ecclesiis

425 3870 491 3913 tunc
509 3862 635 3930 temporis
653 3861 772 3915 excitatis
793 3870 862 3914 mart
894 3862 949 3915 'um
1001 3860 1088 3915 Cretae
1110 3862 1198 3914 literas
1220 3859 1346 3921 scribens,
1368 3859 1523 3928 episcopum
1533 3883 1572 3939 30

426 3930 551 3983 subierat.
596 3930 721 3984 Meminit
751 3930 830 3983 etism
883 3931 949 3983 uad·
1000 3931 1120 3999 ipsorum
1168 3928 1322 3997 Philippum
1363 3945 1524 3997 magnopere

425 3999 484 4061 rati,
508 3999 555 4069 qui
578 4009 639 4068 post
666 4000 824 4069 martyrium
851 3998 948 4063 Publii,
1000 4000 1133 4068 praedicat,
1170 3998 1217 4068 qui
1235 4016 1268 4066 pe
1305 3998 1382 4068 cujus
1416 3998 1525 4050 ecclesia

425 4068 565 4137 episcopus
592 4069 797 4122 Atheniensium
820 4078 861 4121 est
884 4087 948 4122 con·
999 4069 1132 4138 egregiam
1163 4069 1207 4120 lau
1227 4085 1269 4120 em
1302 4065 1465 4120 fortitudinis
1497 4074 1524 4118 et

425 4137 551 4191 stitutus:
590 4138 699 4207 ejusne
732 4138 822 4191 labore
851 4147 878 4191 et
907 4139 948 4191 in·
999 4138 1121 4207 generosi
1151 4136 1241 4198 animi,
1270 4136 1407 4189 communi
1436 4135 1523 4188 omni-

425 4204 527 4260 ‹lustria
551 4208 621 4261 cives
647 4156 736 4260 leuno
759 4208 787 4260 in
811 4207 948 4260 ecclesiam
999 4224 1046 4260 um
1068 4223 1201 4259 consensu
1233 4206 1387 4258 retulisset:
1418 4212 1522 4256 monet·
1534 4216 1549 4271 3
1555 4216 1571 4272 5

425 4276 589 4338 convenisse,
609 4284 635 4329 et
658 4276 806 4330 redivivum
827 4275 888 4329 fidei
907 4294 948 4329 ar·
1000 4293 1051 4345 que
1084 4285 1115 4327 ut
1147 4274 1180 4327 ab
1212 4274 1399 4327 haereticorum
1429 4272 1522 4325 fraude

425 4342 517 4397 dorem
536 4345 564 4396 in
584 4345 635 4398 illis
654 4354 805 4413 reparatum
822 4363 879 4398 esse
895 4354 948 4398 tes-
999 4362 1029 4397 ac
1048 4344 1164 4397 versutia
1183 4342 1234 4396 sibi
1255 4352 1373 4396 caveant.
1415 4342 1448 4394 ln
1467 4342 1522 4409 epi-

424 4419 505 4466 tatur.
561 4414 651 4467 Refert
688 4424 815 4483 praeterea
845 4414 917 4467 Dion
936 4445 948 4456 -
999 4415 1067 4466 stola
1090 4429 1252 4482 veroquam
1273 4413 1365 4466 scribit
1385 4411 1419 4464 sd
1440 4411 1522 4463 eccle-

424 4481 496 4534 sium
519 4482 716 4552 Areopagitam‚
741 4484 787 4553 qui
817 4501 833 4535 a
865 4482 903 4535 Pa
931 4501 948 4537 o
999 4484 1065 4535 siam
1077 4482 1309 4535 Amastrianorum
1329 4490 1355 4533 et
1371 4489 1469 4533 ceteras
1488 4479 1522 4532 si·

424 4550 555 4618 Apostolo
579 4551 613 4604 ad
637 4552 717 4605 fidem
741 4570 886 4605 conversus
907 4562 947 4606 est
998 4553 1056 4604 mul
1076 4551 1199 4604 ecclesias
1222 4549 1310 4612 Ponti,
1331 4549 1487 4620 sequidem
1508 4565 1572 4628 ³40

424 4619 651 4740 puemsdmodum
668 4620 782 4674 traditur
794 4621 821 4674 in
834 4621 947 4674 Actibus
999 4619 1159 4691 Bacchylide
1179 4628 1205 4673 et
1228 4619 1331 4688 Elpisto
1350 4618 1385 4671 ad
1405 4617 1523 4670 scriben-

450 4689 626 4757 postolorum‚
639 4690 755 4757 primum
772 4691 893 4743 omnium
904 4707 947 4743 ec·
999 4689 1064 4743 dum
1082 4690 1229 4758 impulsum
1246 4705 1304 4742 esse
1324 4695 1522 4741 commemorat.
