3809 5650
497 691 562 752 402
873 686 1225 751 ANNOTATIONES

497 868 515 895 ⁴⁴
532 856 700 920 momentis
714 855 799 918 haud
822 857 1015 939 spernendis,
1033 856 1182 921 Proclum
1202 858 1286 920 hunc
1306 878 1324 920 e
1344 856 1477 919 ducibus
1498 860 1601 918 sectae

497 969 516 997 ‘⁴
534 957 782 1031 blontanisticae‚
799 958 945 1020 Graecum
961 959 1097 1022 Asiaten
1118 959 1215 1022 luisse
1231 964 1356 1042 arguat
1402 957 1516 1020 Graece
1537 956 1601 1019 ita-

495 1068 518 1099 ‘⁴
535 1083 597 1144 que
612 1080 684 1122 cum
702 1058 829 1121 homine
852 1060 968 1122 Graeco
989 1060 1085 1124 Gaius
1107 1059 1289 1124 contulerit.
1334 1059 1489 1123 Attamen
1513 1058 1599 1141 frag-

495 1169 674 1224 “mentum
689 1168 833 1222 nostrum
851 1159 974 1223 Latinae
991 1161 1098 1245 potius
1113 1160 1242 1245 originis
1257 1160 1375 1244 stylum
1396 1159 1490 1244 sapit.
1537 1159 1598 1222 Cui

495 1262 659 1346 “quidem
679 1259 858 1324 difficultati
878 1283 917 1324 ea
937 1261 1134 1324 solummodo
1153 1262 1277 1325 ratione
1292 1262 1475 1336 occurreris,
1491 1261 1517 1323 si
1535 1261 1601 1322 La-

495 1373 516 1402 “
532 1364 661 1427 tinitate
676 1360 758 1423 illico
773 1361 926 1425 donatam
943 1361 1026 1424 hauc
1046 1363 1305 1445 disputationem,
1321 1371 1378 1426 aut
1397 1362 1439 1425 ab
1461 1363 1602 1446 ipsomet

496 1474 517 1504 ⁴⁴
534 1466 613 1528 Caio
626 1465 659 1526 in
670 1466 887 1527 Romanorum
901 1462 1040 1548 gratiam
1053 1463 1168 1528 Latine
1183 1463 1274 1526 simul
1290 1464 1408 1527 dixeris
1419 1471 1599 1525 exaratam.

497 1575 516 1603 ‘⁴
532 1568 610 1647 Qum
633 1574 769 1649 utraque
792 1565 933 1649 profecto
956 1554 1181 1649 conjecturab
1202 1565 1337 1628 veritato
1364 1563 1449 1628 haud
1475 1564 1601 1626 absona

497 1676 518 1704 ‘⁴
533 1675 592 1730 est.
638 1667 690 1730 Sic
705 1666 787 1729 enim
808 1665 957 1749 pleraque
979 1668 1011 1729 S.
1028 1664 1143 1729 Irenmi
1157 1687 1254 1749 opera
1274 1665 1305 1727 in
1322 1665 1439 1728 Latina
1454 1664 1602 1727 versione

497 1776 516 1805 ⁴‘
531 1767 760 1852 antiquissima,
771 1788 828 1829 uec
840 1788 903 1829 non
917 1767 981 1830 alia
994 1766 1118 1852 generis
1132 1767 1226 1849 hujus
1238 1765 1470 1850 quamplurima
1483 1766 1526 1828 ad
1538 1786 1600 1827 nos

497 1877 516 1908 ⁴⁴
532 1891 630 1955 usque
650 1870 850 1954 pervenere.’'
896 1870 978 1933 Haeo
994 1867 1201 1931 Freindaller.
1247 1867 1377 1931 Interea
1396 1889 1454 1952 ego
1475 1888 1515 1929 ex
1530 1888 1601 1929 ves·

497 1970 584 2055 tigiis
609 1970 688 2033 satis
718 1969 811 2032 claris
840 1969 1085 2052 deprehendisse
1110 1968 1187 2030 mihi
1212 1968 1322 2031 videor
1346 1967 1516 2041 hominem,
1542 1966 1600 2049 qui

498 2071 612 2135 Graece
633 2069 805 2154 scripserit,
828 2069 939 2133 subter
961 2071 1029 2133 haec
1052 2070 1174 2133 Latina
1193 2070 1290 2134 verba
1311 2069 1475 2144 latentem,
1491 2091 1529 2131 eo
1551 2069 1601 2130 in-

498 2172 580 2236 dicio
596 2172 681 2255 quod
695 2172 806 2234 eadem
821 2171 867 2234 ita
881 2172 1079 2256 graecissant‚
1094 2178 1131 2235 ut
1151 2170 1248 2234 etiam
1270 2193 1310 2234 ex
1328 2171 1382 2234 illa
1401 2170 1508 2254 lingua
1527 2171 1600 2233 red-

499 2274 567 2337 dita
589 2295 658 2336 esso
680 2272 856 2335 videantur.
903 2272 986 2336 Dein
1008 2272 1213 2335 Freindaller.
1230 2277 1254 2352 ς.
1277 2291 1322 2355 ¹3·
1341 2279 1511 2354 postquam
1531 2293 1601 2334 mo·

499 2374 569 2439 nuit
584 2375 616 2436 iu
631 2379 655 2454 ς.
671 2373 712 2436 xi.
730 2372 844 2436 Caium
858 2373 943 2436 hunc
960 2373 1231 2437 consentientibus
1246 2373 1371 2436 Valesio
1391 2381 1424 2436 et
1440 2373 1601 2437 Ruinarto

499 2496 571 2538 eum
593 2497 670 2549 esse,
694 2475 734 2538 de
766 2476 893 2558 quoad
916 2475 1034 2538 calcem
1056 2477 1199 2538 Actorum
1222 2476 1257 2539 S.
1271 2474 1439 2558 Polycarpi
1462 2474 1602 2558 legatur,

503 2578 581 2638 Acta
594 2575 657 2638 ltoeo
673 2577 771 2640 Cotus
784 2576 943 2661 dosorfmeit
957 2600 972 2641 e
987 2577 1201 2660 monstemptis
1216 2576 1334 2638 Irene-i
1347 2575 1518 2659 Polycarpi
1536 2577 1600 2640 die-

499 2677 604 2760 cipali,
630 2678 681 2740 cci
707 2698 820 2740 cooeccts
836 2679 929 2760 soit:
963 2684 1060 2761 atque
1083 2677 1199 2740 idcirco
1222 2698 1285 2739 non
1308 2678 1498 2740 credendum
1520 2700 1600 2755 essa·

500 2778 601 2842 virum
616 2801 688 2843 cum
704 2780 826 2843 Irenaeo
845 2781 899 2844 diu
914 2788 1075 2844 versatum
1090 2778 1304 2864 Apocalypsin
1316 2780 1338 2842 J
1341 2779 1451 2842 oannis
1462 2780 1601 2863 apostoli

500 2880 745 2964 contempsisse;
767 2882 871 2966 pergit
886 2881 955 2945 haec
970 2880 1116 2944 seribere.
1159 2887 1178 2915 ‘⁴
1195 2880 1287 2959 Quod
1302 2880 1328 2943 si
1343 2885 1538 2956 moments‚''
1553 2883 1601 2944 in-

501 2981 606 3063 “quit
630 2981 691 3057 ille,
717 2990 736 3018 ⁴⁴
752 2990 969 3066 suppeterent,
992 2982 1075 3044 unde
1102 2981 1203 3045 securi
1228 2981 1414 3058 videremur,
1441 2983 1602 3066 pertinere

502 3089 521 3116 ‘⁴
537 3081 596 3145 hoc
623 3082 836 3167 fragmentum
861 3084 903 3148 ad
929 3085 1063 3147 candem
1089 3106 1161 3146 oum
1189 3084 1302 3147 Proolo
1328 3083 1600 3168 Disputationem,

500 3192 521 3220 ‘⁴
537 3184 620 3246 unde
640 3206 731 3245 suum
751 3191 915 3250 mutuatus
935 3194 986 3249 est
1001 3184 1168 3256 Eusebius,
1186 3184 1333 3267 quodque
1355 3184 1422 3248 caii
1444 3206 1512 3248 esse
1534 3208 1600 3249 non

502 3294 521 3321 ⁴⁴
537 3285 714 3361 dubitatur,
729 3292 798 3347 tum
820 3288 963 3370 prolecto
984 3287 1033 3349 hae
1049 3291 1166 3349 nostra*
1181 3306 1240 3370 pro
1258 3285 1369 3347 eodem
1384 3284 1527 3348 vindiciae
1547 3309 1599 3350 us·

502 3394 521 3423 ‘⁴
537 3408 598 3470 que
612 3387 654 3448 ad
669 3386 867 3470 exploratam
881 3388 1008 3471 penitus
1023 3393 1226 3472 assurgerent
1244 3386 1476 3450 certitudinem.
1522 3387 1596 3451 Me·

502 3495 521 3522 ‘⁴
537 3493 680 3550 moratus
703 3488 828 3570 quidem
851 3489 984 3572 ipsemet
1005 3489 1075 3552 loco
1097 3489 1196 3551 citato
1221 3488 1417 3550 Muratorius
1440 3487 1600 3553 faventem

500 3594 523 3625 ⁴‘
538 3588 697 3671 quandam
712 3588 784 3651 huic
800 3589 966 3652 sententiae
981 3590 1137 3654 rationem
1148 3590 1216 3673 jam
1231 3589 1372 3672 protulit,
1391 3590 1465 3651 dum
1482 3610 1522 3651 ex
1542 3589 1599 3651 im·
1614 3662 1616 3666 Α

502 3690 668 3773 “pudenti
691 3690 943 3753 adversariorum
966 3689 998 3752 iu
1020 3691 1233 3774 supponendis
1254 3689 1341 3752 novis
1363 3689 1527 3773 scripturis
1550 3698 1599 3753 te·

500 3799 510 3828 ‘
514 3799 522 3826 ⁴
536 3791 684 3853 maritate
698 3812 809 3854 ansam
823 3791 993 3874 arripuisse
1007 3790 1129 3866 Caium,
1144 3790 1284 3874 conjicit,
1294 3791 1334 3852 de
1349 3789 1501 3852 librorum
1514 3788 1598 3852 N.F.

500 3901 521 3930 ‘⁴
537 3915 667 3970 canone,
683 3894 767 3978 quod
780 3893 813 3955 in
833 3894 1012 3977 fragmento
1032 3892 1080 3967 fit,
1095 3891 1220 3974 agendi.
1265 3890 1324 3954 Oui
1346 3890 1598 3953 commodissime

500 3993 569 4056 “id
591 4015 716 4077 quoque
737 3994 833 4078 adjici
855 3993 983 4078 poterit,
1008 3992 1055 4056 vel
1078 3992 1110 4055 in
1134 3992 1310 4076 fragmento
1336 3991 1415 4075 ipso,
1437 3990 1598 4074 quoddam

502 4102 521 4132 “
536 4103 705 4159 contextus
720 4119 791 4159 enm
803 4096 1017 4180 disputatione
1028 4096 1165 4178 quadam
1177 4093 1308 4157 indicari
1320 4093 1497 4178 vestigium,
1511 4094 1599 4175 quod

501 4204 521 4233 ‘⁴
535 4197 708 4262 acutissimi
717 4198 774 4260 viri
789 4198 934 4282 effugisse
948 4198 1055 4262 oculos
1070 4197 1213 4281 profecto
1224 4196 1404 4259 mirandum
1415 4201 1475 4258 est.
1511 4195 1598 4258 Auo-

501 4306 522 4336 ⁴⁴
537 4304 588 4361 tor
602 4299 748 4361 nimirum
765 4299 850 4361 lacta
864 4300 904 4362 de
919 4298 1054 4381 epistola
1069 4299 1161 4362 Pauli
1177 4300 1217 4363 ad
1230 4298 1391 4361 Romanos
1405 4297 1535 4379 ejusque
1546 4318 1598 4360 ar·

501 4408 523 4437 ‘⁴
538 4408 689 4482 gumento
703 4401 873 4476 mentione,
889 4401 986 4464 verba
1004 4400 1072 4463 haec
1094 4400 1252 4463 subdidit:
1275 4401 1325 4463 De
1343 4398 1449 4483 quibas
1467 4398 1599 4480 orionis

501 4506 644 4563 “necesse
658 4511 698 4563 ast
712 4524 732 4563 a
750 4500 832 4564 leodis
851 4502 1014 4584 disportari.
1060 4502 1140 4565 Cum
1160 4507 1316 4583 praeterea
1335 4499 1444 4564 nullibi
1465 4504 1597 4562 caetero-

500 4609 520 4637 ‘⁴
537 4601 612 4683 quin
627 4603 659 4663 in
674 4602 843 4685 fragmenti
859 4602 952 4684 hujus
968 4603 1091 4687 integro
1106 4612 1294 4688 argumento
1309 4605 1470 4686 quidpiam
1488 4624 1599 4665 oecur-

500 4709 587 4764 “rat
609 4703 816 4784 disputationi
841 4704 898 4767 tali
922 4705 1093 4781 dissonum,
1109 4706 1205 4768 immo
1227 4705 1372 4768 universa
1394 4704 1500 4788 potins
1522 4727 1597 4766 eon·
