3809 5650
687 703 735 765 IN
759 703 914 766 PAPIAE
939 703 1239 768 FRAGMENTA.
1468 711 1510 770 25

404 867 493 931 illam
514 878 676 952 posuerat.
721 871 785 934 Sed
805 871 947 934 nonnulli
966 878 1129 956 putarunt,
1145 880 1229 937 toste
1250 872 1447 959 Hieronymo
1461 875 1512 941 Do

415 973 501 1036 Viris
515 973 636 1036 Illuctr.
652 995 721 1056 cap.
733 972 777 1036 ix.
800 974 881 1037 duae
902 973 998 1038 haece
1020 975 1188 1039 memorias
1210 976 1352 1063 ejusdem
1373 979 1397 1040 J
1399 978 1511 1042 oannis

408 1073 611 1158 evangelistae
626 1075 732 1138 luisse.

452 1176 491 1238 P.
505 1178 534 1238 8.
551 1176 570 1239 l.
585 1193 636 1259 25.
660 1176 796 1240 Maximi
817 1175 1029 1260 Oonleaeoria]
1056 1176 1162 1260 Hujus
1185 1178 1358 1263 scriptoris,
1378 1186 1416 1243 ut
1435 1186 1510 1263 poet

406 1276 538 1353 videbis,
547 1277 617 1340 loca
632 1277 695 1340 duo
709 1277 845 1341 adduxit
861 1278 1008 1354 Grabius,
1021 1278 1054 1340 in
1064 1277 1178 1361 quibua
1188 1286 1384 1344 memoratur
1398 1280 1509 1365 Papiae

404 1399 531 1454 nomon,
546 1378 614 1442 haec
629 1400 705 1442 vero
718 1381 805 1459 ῥῆσις
819 1401 839 1442 a
854 1378 976 1442 Grabic
990 1379 1106 1442 omissa
1121 1386 1182 1443 eet.

452 1480 491 1541 P.
510 1500 541 1561 9.
567 1480 588 1542 l.
604 1501 635 1564 3.
659 1479 751 1561 Μέγα
772 1481 916 1559 ἀσεβείας
937 1482 1102 1561 ὑπόδειγμα
1126 1480 1198 1565 δια]
1232 1482 1310 1561 Quae
1335 1481 1445 1565 Papiae
1469 1483 1510 1545 de

406 1581 431 1643 J
433 1581 497 1644 uda
511 1581 544 1643 iu
564 1581 673 1644 multis
687 1581 863 1645 afferuntur
877 1582 1008 1647 (latonia
1022 1604 1117 1666 cuper
1140 1585 1222 1646 Acta
1236 1585 1341 1668 Δροσί.
1358 1606 1396 1648 ea
1411 1584 1510 1668 Apol·

406 1680 501 1743 linari
534 1681 662 1745 Junicri
695 1682 813 1756 deberi,
847 1683 1059 1760 celeberrimo,
1091 1691 1127 1747 ut
1156 1683 1232 1758 dixi,
1264 1685 1369 1748 saeculi
1403 1685 1511 1769 quarti

406 1782 564 1866 scriptori,
586 1782 692 1859 didici,
713 1805 784 1846 cum
805 1806 844 1847 ex
866 1784 1302 1849 codicexx111.bibliotheoae
1322 1786 1398 1849 olim
1418 1787 1509 1849 Coie·

405 1882 533 1946 linianae
554 1905 576 1947 a
598 1883 841 1947 Montlauconio
860 1907 933 1969 pag.
948 1888 998 1948 26.
1026 1884 1164 1969 Οαίοίορί
1181 1893 1365 1963 memorato,
1381 1893 1452 1949 tum
1470 1909 1510 1950 ex

409 1985 527 2048 Οαίσιια
541 1985 615 2048 MS.
631 2007 702 2068 quae
717 1985 750 2047 in
764 1985 958 2049 bibliotheca
973 1985 1103 2070 Collegii
1118 1986 1198 2050 Novi
1213 1987 1412 2062 adservatur,
1425 2008 1509 2071 quae·

408 2107 470 2168 que
486 2086 671 2170 nuperrime
693 2110 714 2151 a
737 2088 775 2150 cl.
796 2090 923 2151 Joanne
947 2087 1079 2151 Cramer
1096 2088 1178 2170 juris
1199 2087 1316 2171 publici
1338 2087 1425 2152 saeta
1448 2096 1508 2152 eat.

408 2187 447 2250 In
463 2188 586 2251 cxcueie
601 2195 709 2252 autem
721 2189 901 2252 OEcumenii
915 2196 1012 2272 atque
1024 2188 1253 2271 Theophylccti
1271 2189 1509 2265 conmentario,

408 2289 601 2374 Apollinarii
622 2311 737 2354 nomen
759 2292 794 2376 τῇ
813 2290 899 2370 ῥήσει
923 2291 1010 2354 haud
1034 2290 1200 2374 praefixum
1222 2297 1283 2354 eet.
1328 2290 1407 2354 Cum
1435 2312 1510 2353 vero

406 2389 493 2472 apud
511 2389 758 2474 Τίεορίιγάισίννι
772 2390 864 2475 plura
877 2391 994 2454 ibidem
1009 2392 1049 2455 dc
1063 2391 1087 2453 J
1090 2392 1160 2455 udae
1175 2398 1278 2454 morte
1297 2391 1509 2467 adducantur,

407 2488 507 2566 iataec,
527 2498 681 2575 tanquam
702 2492 729 2555 ei
752 2513 863 2555 revera
884 2493 1020 2577 Papiam
1041 2501 1204 2557 auctorem
1222 2493 1404 2568 habuerint,
1427 2494 1509 2554 Gra·

407 2588 497 2653 όίαοο
518 2591 683 2675 Spieileqio
707 2593 820 2656 addita
842 2602 918 2657 eunt
943 2594 985 2657 ab
1006 2617 1053 2669 eo,
1074 2594 1127 2679 qui
1151 2602 1225 2680 poet
1248 2594 1370 2657 obitum
1398 2592 1511 2657 Grabii

406 2713 491 2754 anno
510 2708 594 2772 1714
607 2713 686 2777 opue
700 2692 761 2756 hoc
775 2692 898 2777 aliquot
918 2695 1009 2758 auxit
1023 2695 1114 2772 loliis,
1130 2694 1217 2758 haud
1234 2717 1317 2769 vero,
1333 2694 1428 2789 quod!
1438 2693 1507 2778 qui·

407 2792 480 2855 dem
502 2814 568 2876 prae
592 2814 626 2857 ee
650 2793 714 2858 lert
732 2793 856 2872 titulus,
879 2794 962 2859 idem
982 2795 1098 2860 iterum
1120 2796 1228 2861 edidit.
1274 2795 1319 2860 Et
1340 2816 1441 2880 nuper
1470 2795 1508 2859 cl.

408 2916 532 2978 quoque
545 2894 727 2958 Fridericus
738 2895 917 2973 Munteru'a,
928 2896 962 2958 in
972 2898 1092 2961 Facete.
1102 2898 1356 2981 Frapmentcrum
1373 2898 1510 2959 Petrum

412 2990 588 3059 Groecorum
610 2995 739 3060 Halniae
761 2997 858 3075 edito,
881 2997 944 3061 fide
970 2997 1063 3061 nixus
1081 3004 1266 3061 catenarum
1291 3019 1386 3081 super
1412 2996 1511 3060 libroe

407 3119 516 3164 sacros
534 3097 821 3183 manuscriptorum
837 3099 1093 3163 additamentum
1111 3099 1197 3163 istud
1216 3098 1326 3182 Papiae
1347 3097 1508 3161 attribuit,

408 3200 519 3284 Neque
540 3199 635 3265 aliter
655 3222 722 3264 rem
744 3200 820 3265 olim
840 3202 1080 3265 administrasse
1101 3200 1192 3264 video
1207 3200 1355 3263 Plaffium
1381 3199 1414 3261 in
1435 3199 1511 3263 Da-

405 3312 476 3367 mt.
511 3302 663 3387 Αροίοριί.
687 3304 734 3367 de.
753 3306 948 3389 Fropmontie
977 3304 1102 3380 Irenaet,
1129 3308 1153 3384 ς.
1178 3322 1228 3366 11.
1261 3302 1337 3363 dum
1368 3307 1516 3364 catenam

399 3404 537 3489 ¹collegii
553 3404 670 3469 Novia
683 3426 734 3468 me
753 3406 848 3468 mcdo
867 3410 1147 3468 commemoratam
1167 3402 1299 3486 profert.
1345 3400 1419 3464 Hoc
1433 3421 1508 3465 vero

407 3504 738 3590 interpretamentum,
761 3507 822 3570 etsi
843 3506 967 3590 longina
989 3505 1041 3580 sit,
1065 3510 1162 3587 atque
1185 3502 1349 3587 indignum
1380 3524 1510 3587 prorsus

406 3605 501 3684 lectu,
519 3605 663 3669 omnibus
676 3613 797 3682 tamen,
812 3628 875 3691 quo
889 3605 1001 3668 melius
1015 3605 1056 3668 de
1071 3626 1108 3667 eo
1123 3604 1322 3680 decernatur,
1338 3603 1380 3666 ob
1403 3605 1511 3667 oculoe

407 3707 458 3770 hic
480 3708 661 3792 ponendum
682 3728 751 3770 case
773 3706 858 3770 duxi.
904 3705 959 3769 lta
984 3705 1082 3790 igitur
1104 3704 1359 3788 Theophylactus
1382 3705 1509 3789 aliique,

398 3827 487 3892 ¹quoe
512 3808 580 3892 ipae
604 3806 677 3886 vidi,
700 3807 812 3871 inediti
837 3813 1048 3884 catenatorea‚
1071 3806 1212 3869 nonnihil
1234 3814 1343 3869 tamen
1367 3804 1452 3869 inter
1476 3827 1511 3870 ae

408 3909 585 3972 variantes:
617 3908 662 3971 Οὐ
677 3912 735 3989 γὰρ
755 3908 921 3970 ἔναπόθανε
939 3912 975 3993 τῇ
996 3909 1111 3989 ἀγχόνῃ
1126 3910 1143 3969 d
1158 3906 1282 3984 Ἰούδας,
1304 3904 1373 3969 ἀλλ’
1399 3909 1511 3983 ἐπεβίω

409 4010 592 4088 καθαιρεθεὶς
609 4009 667 4088 πρὸ
686 4012 739 4070 τοῦ
759 4010 968 4088 ἀποπνιγῆναι.
1009 4009 1067 4069 Καὶ
1081 4013 1167 4068 τοῦτο
1187 4006 1379 4086 σαφέστερον
1400 4007 1516 4085 ἱστορεῖ

397 4110 530 4175 Παπίας
552 4111 568 4170 d
590 4108 732 4172 Ἰωάννου
753 4108 884 4188 μαθητὴς
906 4111 940 4171 ἐν
967 4112 1006 4191 τῷ
1030 4106 1158 4189 τετάρτῳ
1181 4109 1232 4184 τῆς
1258 4103 1428 4185 ἐξηγήσεως
1453 4111 1513 4167 τῶν

408 4215 562 4290 Κνριακῶν
582 4212 693 4291 λόγων,
715 4210 813 4291 λέγων
833 4213 932 4276 οὕτως·
964 4207 1055 4289 Μέγα
1075 4210 1107 4270 δὲ
1127 4208 1271 4285 ἀσεβείας
1289 4207 1455 4286 ὑπόδειγμα
1478 4208 1513 4269 ἐν

398 4310 498 4395 ’τούτῳ
514 4315 553 4396 τῷ
569 4312 668 4395 κόσμῳ
684 4311 900 4392 περιεπάτησεν
915 4314 931 4373 ό
945 4309 1068 4386 Ἰούδας,
1084 4308 1227 4388 πρησθεὶς
1237 4308 1285 4370 ἐπὶ
1296 4312 1440 4372 τοσοῦτον
1457 4308 1511 4388 τὴν

407 4409 514 4490 σάρκα,
540 4413 619 4474 ὥστε
637 4413 710 4489 μηδὲ
731 4413 842 4475 ὁπόθεν
864 4411 953 4495 (ἔνθα
976 4408 1151 4493 Theophyl.
1171 4407 1205 4469 in
1227 4407 1310 4472 Mat.
1325 4429 1356 4491 p.
1374 4425 1444 4474 122.
1461 4410 1510 4472 ed.

406 4510 516 4593 Rom.)
537 4512 634 4591 άμαξα
646 4514 752 4595 ῥᾳδίως
766 4512 925 4594 διήρχεται,
943 4513 1058 4574 ἐκεῖνον
1073 4511 1217 4573 δύνασθαι
1232 4512 1371 4571 διελθεῖν.
1411 4506 1513 4571 Ἀλλά

404 4614 479 4690 μηδὲ
501 4612 593 4675 αὐτὸν
617 4616 712 4691 μόνον
733 4613 786 4676 τόν
813 4616 864 4690 τῆς
885 4616 1020 4693 κεφαλῆς
1041 4612 1133 4692 ὄγκον
1155 4610 1253 4673 αὐτοῦ.
1306 4611 1354 4671 Τδ
1378 4610 1435 4686 μὲν
1454 4612 1513 4689 γδρ

393 4710 552 4792 -βλίφαρα
566 4719 625 4776 τῶν
640 4716 807 4794 ὀφθαλμῶν
822 4713 921 4790 αὐτοῦ,
941 4712 1030 4794 φασὶ,
1044 4715 1190 4774 τοσοῦτον
1201 4713 1361 4789 ἑξοιδῆσαι,
1372 4709 1412 4774 ὥς
1422 4708 1513 4771 αὐτὸν

453 4842 521 4885 von.
536 4843 559 4885 r.
954 4842 973 4880 a
