3809 5650
426 675 491 736 444
747 682 749 688 '
771 670 1126 735 ANNOTATIONES
1203 733 1205 737 ,

470 847 509 910 Ρ.
521 866 595 929 439.
611 847 631 908 l.
645 864 673 908 2.
694 847 742 908 aa
756 846 810 924 τὴν
826 846 981 928 εὐχέρειαν
992 843 1167 931 ἐτρέποντο]
1185 845 1292 910 Vertit
1307 844 1467 922 Valesius,
1483 844 1530 907 od

425 950 615 1012 amaseam
629 947 815 1030 detenuit.
838 947 970 1011 Boetius
981 947 1103 1031 opinor,
1112 955 1204 1011 vetus
1216 947 1374 1030 interpres
1384 944 1528 1010 Rufinus

426 1048 1529 1134 Ssdnosiooeoieutesenitomoperowo'ootoeoiltiqoidsmdso

425 1172 495 1236 ques
515 1159 663 1235 potorem
685 1172 743 1214 sese
771 1150 912 1214 faciliora
938 1151 1070 1213 moesi
1096 1160 1174 1214 suat
1220 1150 1399 1234 Hesychius
1429 1149 1529 1214 habet

426 1251 586 1336 Εὔχέρειο.
612 1250 766 1332 κουφότης.
809 1251 997 1317 Conferend.
1022 1250 1170 1336 Stephani
1197 1250 1283 1316 stes.
1303 1251 1392 1336 Lioy.
1415 1253 1472 1315 Gr.
1495 1273 1530 1336 p.

429 1356 522 1438 1506.
545 1353 615 1417 edit.
639 1353 772 1418 Borker.
817 1352 1014 1417 Solutionem
1037 1351 1220 1437 quaestionis
1242 1352 1283 1417 de
1308 1352 1431 1438 origine
1452 1353 1529 1417 mali

427 1455 650 1537 quaesitabaut.

470 1554 554 1618 lbid.
571 1557 592 1618 l.
606 1560 636 1620 6.
652 1554 818 1635 προστάτης
837 1554 983 1639 Σύνερως]
1008 1554 1217 1634 πρωτοστάτης
1237 1580 1267 1618 o.
1285 1556 1364 1621 MS.
1386 1554 1530 1638 Norsotc.

426 1656 624 1733 Gallandius,
641 1657 695 1739 qui
712 1656 745 1718 in
765 1664 853 1720 tomo
868 1655 899 1719 ii.
914 1654 1110 1719 Bibliotheca
1125 1677 1190 1720 suae
1210 1654 1345 1721 Petrum
1363 1655 1531 1720 Rhodonis

427 1757 623 1843 Fragmenta
644 1758 761 1843 posuit,
781 1758 813 1821 S.
828 1757 1044 1842 Augustinum
1064 1756 1115 1820 hio
1130 1757 1223 1822 affert
1243 1757 1396 1821 inlibris
1408 1757 1529 1820 Hoerss.

425 1879 496 1942 esp.
507 1859 583 1921 xxii.
599 1860 755 1934 Marcion,
769 1881 791 1922 o
804 1881 861 1942 quo
875 1858 1084 1933 Marcionita,
1100 1857 1248 1920 Cerdonis
1264 1866 1379 1920 moestas
1397 1866 1439 1920 est
1456 1856 1529 1942 dop-

425 1970 510 2023 meto
524 1960 561 2024 de
575 1959 687 2024 duobos
698 1961 891 2045 peremptos.-
914 1959 1052 2042 qoomoo's
1065 1957 1263 2043 Epiphanius
1280 1979 1347 2021 sem
1366 1958 1430 2020 tria
1444 1957 1531 2021 diest

425 2063 585 2125 arsemina
604 2062 774 2147 potempio,
795 2063 925 2134 Bonam,
940 2062 1076 2137 Jeerom,
1099 2060 1251 2123 Pronum.
1295 2057 1361 2124 Sed
1379 2056 1531 2123 Eusebius

426 2163 576 2245 Ηρηοντνο
597 2163 755 2247 quasdam,
777 2184 837 2225 nort
856 2162 1057 2236 Marenen,
1080 2162 1174 2224 trium
1188 2160 1417 2245 principiorum
1440 2170 1532 2246 atque

425 2273 609 2326 saturarum
627 2263 734 2326 sorita
746 2271 905 2326 auctorem.
952 2263 1032 2325 Mox
1047 2261 1226 2325 Burtonum
1244 2269 1372 2327 secutus
1386 2265 1528 2326 διδοσκο·

426 2370 513 2426 λεῖον
537 2385 595 2447 pro
619 2364 813 2427 διδασκάλων
835 2385 876 2426 ex
899 2362 984 2426 oodd.
1009 2364 1085 2447 1109.
1108 2363 1203 2448 Nors.
1225 2370 1259 2427 et
1282 2365 1364 2427 Por.
1393 2384 1421 2428 1.
1443 2386 1531 2428 nune

426 2464 559 2548 reposui.
591 2465 693 2528 Panlo
707 2471 781 2549 post
793 2465 935 2528 restituit
950 2464 1105 2548 Stephani
1120 2465 1193 2529 leet.
1209 2466 1360 2544 εἶληλύθει
1373 2487 1432 2550 pro
1448 2469 1530 2546 εἰλη-

425 2565 518 2629 λῦθου
532 2564 694 2628 Burtonns
707 2571 846 2630 testatus
860 2565 945 2628 oodd.
963 2566 1039 2648 Rep.
1055 2564 1153 2628 δεινοί.
1169 2565 1251 2628 Por.
1264 2585 1293 2628 1.
1307 2564 1439 2629 etFlor.
1453 2586 1483 2644 1,
1497 2584 1530 2632 a.

436 2711 440 2723 ·
471 2667 555 2731 Ibid.
570 2668 590 2730 l.
608 2685 655 2751 15.
672 2668 875 2753 εὑρίσκονται]
895 2668 1006 2732 Habet
1021 2666 1220 2750 Nicophanes,
1236 2667 1289 2751 qui
1304 2668 1404 2733 muita
1418 2675 1530 2733 tamen

427 2790 486 2854 pro
500 2768 592 2834 libitu
611 2769 749 2845 refinxit,
766 2774 829 2851 εἴγε
847 2771 941 2849 μόνον
965 2771 1064 2850 ἔργοις
1083 2770 1207 2850 ἀγαθοῖς
1226 2769 1418 2847 ἑξετάζοιντο.
1463 2769 1529 2836 Sed

427 2870 535 2936 firmat
549 2872 715 2936 lectionem
730 2872 865 2935 alteram
880 2879 971 2934 vetus
986 2871 1143 2953 interpres
1157 2870 1302 2955 Itoofines.

435 3017 439 3026 .
464 2974 545 3037 lbid.
555 2974 575 3037 l.
583 2976 630 3036 16.
638 2974 671 3036 τὸ
681 2976 713 3037 δὲ
722 2973 841 3036 πάντων
853 2970 1079 3055 ἀσαφέστοτον]
1090 2971 1224 3034 Rufinus
1235 2971 1311 3056 legit
1322 2972 1529 3052 σαφέστατον,

427 3082 465 3139 ut
482 3098 522 3139 ex
542 3074 684 3138 versione
704 3074 771 3160 ejus
792 3081 919 3137 eonstat
940 3094 1011 3155 quae
1033 3073 1077 3135 sio
1097 3073 1214 3136 habet:
1243 3074 1406 3156 Manifesta
1427 3083 1531 3138 tomen

426 3175 598 3240 desererent
623 3159 659 3239 ds
684 3177 760 3252 Deo,
787 3176 864 3239 sieut
886 3174 1102 3258 prediximus,
1128 3194 1223 3236 onom
1246 3194 1303 3236 esse
1321 3174 1529 3260 petrapium.

429 3280 533 3356 Quam
547 3279 714 3343 lectionem
728 3287 854 3342 secutus
868 3287 918 3341 est
937 3276 1035 3339 etiam
1050 3276 1364 3360 Christophorsonus.
1410 3276 1530 3340 Verum

427 3379 496 3442 haeo
519 3379 742 3462 interpretatio
767 3378 842 3441 ferri
871 3399 934 3440 non
960 3385 1076 3461 potest.
1122 3376 1265 3441 Primum
1291 3377 1374 3441 enim
1397 3378 1530 3442 verbum

429 3479 634 3557 ἑδογματίζετο
649 3478 806 3561 passivam
820 3477 918 3540 habet
936 3478 1207 3563 significationem.
1251 3478 1384 3554 Deinde,
1400 3484 1531 3542 tantum

426 3578 520 3642 abest
534 3586 571 3640 ut
586 3578 715 3661 Apelles
729 3578 975 3660 disputationem
991 3580 1031 3642 de
1046 3579 1127 3657 Deo,
1141 3579 1343 3643 manifestam
1359 3588 1457 3664 atque
1471 3601 1528 3644 ex-

427 3679 569 3765 peditam
592 3701 661 3743 esse
687 3678 816 3743 diceret.
861 3680 944 3761 Quin
966 3681 1074 3765 potius
1093 3681 1270 3756 asserebat,
1288 3702 1355 3743 rem
1373 3703 1442 3744 osse
1463 3702 1531 3745 om-

427 3783 515 3848 nium
530 3781 802 3854 obscurissimam
827 3804 1018 3866 prorsusque
1039 3782 1115 3845 nihil
1131 3781 1204 3845 seiri
1223 3804 1315 3866 posse
1333 3784 1373 3845 de
1393 3782 1475 3860 Deo,
1490 3805 1530 3848 ae

428 3906 468 3949 ne
483 3885 568 3970 ipsos
583 3884 709 3968 quidem
724 3883 896 3969 prophetas
911 3884 1084 3967 quidquam
1099 3883 1138 3947 de
1153 3882 1223 3947 Deo
1237 3882 1415 3954 manifeste,
1431 3892 1531 3969 atque

428 3995 536 4050 utres
558 3993 608 4049 est
630 3986 861 4070 pronuntiasse,
876 3985 1141 4070 quemadmodum
1165 3985 1247 4049 infra
1271 3985 1364 4048 docet
1382 3985 1530 4051 Rhodon.

431 4088 588 4151 Varenus.
632 4088 738 4151 Affert
762 4087 925 4152 Strothius
951 4088 1078 4149 Gruteri
1104 4087 1198 4150 lectt.
1224 4093 1258 4150 et
1283 4088 1391 4170 Meno.
1415 4088 1530 4151 Eam-

422 4187 528 4271 plara's
547 4187 707 4251 Jorteeiarti
727 4187 962 4268 ἀσφαλέστατον
981 4208 1046 4271 prae
1073 4207 1107 4248 se
1132 4184 1280 4249 serentes.
1326 4187 1409 4251 lllud
1433 4187 1532 4269 σαφέ-

429 4316 540 4355 στατον
554 4292 630 4354 MS.
645 4288 784 4372 Norsete.
800 4288 939 4352 exhibet.
1336 4360 1338 4363 Α

473 4392 556 4456 Ibid.
583 4392 603 4453 l.
618 4410 666 4472 17.
688 4391 722 4454 τὸ
746 4392 814 4471 περὶ
837 4388 935 4474 Θεοῦ]
963 4388 1101 4453 Addidit
1123 4388 1267 4453 Valesius
1288 4388 1457 4454 artieulum
1479 4396 1532 4454 τοῦ

428 4498 505 4555 ante
515 4497 610 4569 Θεοῦ,
627 4493 682 4554 sod
697 4499 888 4576 expunctum
900 4490 983 4552 huno
995 4512 1016 4553 a
1027 4489 1173 4553 Strothio
1184 4512 1243 4575 ego
1255 4512 1380 4574 quoque
1394 4491 1530 4576 neglexi,

428 4611 531 4673 neque
551 4592 635 4653 onim
653 4592 737 4654 idern
760 4592 944 4675 agnoscitur
958 4590 1042 4653 codd.
1059 4589 1149 4653 Bodt.
1165 4597 1199 4654 et
1217 4591 1356 4674 Norsoto.
1394 4592 1448 4656 Ab
1470 4591 1531 4656 hoe

427 4698 536 4756 autem
557 4693 732 4773 posteriore
755 4692 836 4755 libro
858 4691 956 4755 etiam
978 4692 1011 4754 τὸ
1033 4691 1136 4753 abest.
1182 4691 1264 4754 Illud
1280 4697 1331 4754 τοῦ
1351 4700 1426 4756 ante
1447 4698 1531 4760 Θεοῦ
