3809 5650
455 706 498 765 80
808 700 1164 766 ANNOTATIONES

455 870 583 933 sissima
611 869 679 953 ejus
708 869 806 933 editio
832 891 939 932 vocem
965 870 1166 944 Athertiemis,
1197 868 1251 931 sed
1283 888 1341 951 pro
1367 867 1555 950 Ακοοραριῗία

456 970 574 1045 subdit,
604 969 809 1032 annotatione
840 978 947 1033 temen
977 971 1145 1047 renitente,
1181 970 1314 1052 episcopi
1343 978 1370 1032 et
1398 969 1553 1050 rrmrtyris.

457 1071 521 1135 Hie
557 1072 687 1155 dignum
721 1081 898 1135 memoratu
933 1080 994 1148 est,
1026 1073 1213 1156 Dionysium
1251 1069 1450 1135 Corinthium
1488 1070 1552 1153 epi-

455 1195 596 1257 scopum,
621 1174 675 1256 qui
697 1174 804 1237 floruit
835 1196 873 1237 ee
896 1174 1023 1252 saeeulo,
1050 1196 1112 1258 quo
1144 1175 1210 1258 ipse
1235 1173 1407 1248 Aristides,
1432 1172 1465 1234 in
1491 1172 1555 1255 epi-

456 1275 539 1340 stola
558 1276 600 1338 ad
625 1276 838 1339 Athenienses
858 1283 941 1339 teste
962 1277 1100 1339 Eusebio
1124 1276 1163 1339 iv.
1181 1295 1231 1360 23.
1263 1274 1418 1351 retulisse,
1445 1275 1483 1338 ὡς
1507 1274 1554 1336 καὶ

459 1378 616 1442 Διονύσιος
635 1377 880 1458 ὁἈρεοπαγίτης
898 1379 955 1441 ὑπὸ
977 1384 1027 1440 τοῦ
1048 1379 1218 1441 ἀποστόλου
1234 1378 1359 1439 Παύλου
1378 1377 1554 1455 προτραπεὶς

458 1481 499 1544 εἰς
514 1479 567 1556 τὴν
583 1480 684 1541 πίστιν
695 1482 769 1541 κατδ
780 1482 817 1541 τδ
828 1481 862 1540 ἐν
873 1486 937 1544 ταῖς
953 1480 1107 1559 Πράξεσιν
1119 1476 1318 1558 δεδηλωμένα,
1331 1483 1445 1557 πρῶτος
1460 1481 1510 1554 τῆς
1522 1479 1555 1538 ἐν

456 1577 597 1656 Ἀθήναις
619 1582 772 1659 παροικίας
791 1581 846 1657 τὴν
868 1582 1032 1659 ἐπισκοπὴν
1055 1582 1268 1663 ἐγκεχείριστο.
1314 1580 1416 1641 Porro
1439 1579 1473 1640 in
1495 1577 1555 1640 hae

457 1682 593 1764 epistola
614 1691 845 1747 memoraverat
872 1682 1043 1766 Dionysius
1069 1682 1252 1746 Corinthius
1278 1680 1423 1764 martyrii
1450 1679 1555 1743 Publii

458 1783 660 1847 Athenarum
673 1785 820 1868 episcopi,
834 1785 923 1868 eujus
934 1807 1096 1848 successor
1109 1785 1292 1863 Quadratus
1303 1789 1413 1845 noster
1423 1787 1555 1844 auctore

458 1885 585 1969 quidem
601 1884 797 1968 Hieronymo
813 1886 931 1949 extitit.

501 1988 600 2067 P.76.
620 1988 640 2049 l.
655 2008 705 2050 11.
727 1988 928 2070 composuit]
955 1988 1058 2051 Addit
1081 1988 1156 2052 Ado
1181 1986 1376 2064 Viennensis,
1398 1985 1451 2069 qui
1471 2005 1556 2046 none

457 2089 584 2171 scripsit
606 2088 730 2165 saecule,
756 2089 789 2150 in
810 2090 1033 2174 Ματιρνοίορῖο
1059 2112 1116 2152 suo
1126 2114 1135 2164 ;
1167 2090 1234 2153 Hoc
1258 2110 1333 2173 ορατ
1359 2087 1448 2170 upari
1465 2085 1556 2148 Athe-

457 2191 572 2253 πίνακος
589 2211 701 2252 summo
717 2210 824 2272 ροοονο
841 2195 895 2271 (an
914 2191 1061 2275 teneret)
1081 2191 1201 2268 celitur,
1219 2201 1247 2254 et
1266 2191 1344 2252 iuter
1363 2189 1557 2271 antiquorum

457 2300 644 2354 monunwate
672 2291 874 2354 eherimimma
902 2301 1029 2369 tenetur,
1059 2301 1094 2355 at
1114 2293 1278 2376 peritiores
1309 2290 1557 2371 maerentes.

446 2399 591 2479 flauam.
615 2416 646 2477 p.
663 2397 731 2477 169.
756 2394 832 2457 edit.
854 2394 1030 2478 Rosweydi.
1069 2395 1191 2458 Verum
1214 2394 1262 2456 vir
1287 2393 1324 2456 cl.
1349 2392 1495 2454 D'Ansse
1517 2390 1557 2452 de

461 2495 610 2558 Villeisen
626 2502 703 2558 tom.
715 2495 746 2557 ii.
766 2496 982 2559 Anecdetomm
999 2519 1030 2580 p.
1045 2498 1116 2576 264.
1136 2516 1194 2558 nos
1216 2495 1348 2566 monuit,
1366 2493 1557 2578 Apologiam

460 2596 622 2671 Aristidis,
639 2619 709 2680 quae
725 2619 822 2681 prope
838 2597 985 2661 Athenas
1000 2598 1033 2660 in
1048 2597 1241 2662 monasterio
1258 2596 1414 2661 Pentelici
1428 2595 1555 2670 montis,

459 2698 553 2762 hodie
569 2698 711 2775 Pendeli,
726 2698 855 2762 latit-are
870 2699 993 2763 credita
1009 2700 1072 2763 suit
1086 2722 1106 2762 a
1126 2699 1245 2774 multis,
1259 2698 1420 2762 indicante
1436 2696 1557 2760 Guilla-

458 2799 552 2864 tierie
567 2799 600 2862 iu
622 2821 680 2863 sua
703 2799 828 2863 Gallica
851 2800 1042 2865 Athenarum
1063 2802 1284 2885 Decerptimw,
1307 2822 1328 2863 a
1352 2799 1477 2883 Spenie,
1501 2799 1558 2862 sed

459 2903 588 2974 trustra,
605 2902 772 2986 quaesitam
793 2902 908 2976 fuisse;
933 2905 1116 2988 relegatque
1138 2903 1332 2965 Villeisonus
1350 2901 1501 2965 lectorem
1515 2900 1558 2963 ad

460 3003 570 3087 Sponii
590 3004 805 3068 Itinerariunr.
852 3005 967 3088 Itaque
990 3005 1153 3088 perierunt
1174 3026 1245 3089 spes
1269 3003 1390 3080 Grabii,
1408 3002 1556 3078 Fabricii,

459 3102 603 3181 alierum,
627 3127 647 3167 a
672 3106 792 3168 Graeeis
818 3105 981 3167 monachis
1006 3106 1164 3169 excitatae.
1211 3103 1273 3167 His
1302 3106 1426 3168 interea
1454 3103 1558 3167 verbis

459 3204 653 3287 opusculum,
670 3205 710 3267 de
725 3226 788 3287 quo
802 3205 918 3289 agitur,
935 3206 1123 3269 memoravit
1142 3206 1297 3269 Eusebius
1315 3206 1368 3268 lib.
1385 3205 1424 3268 iv.
1440 3227 1510 3288 cap.
1525 3225 1557 3287 3.

459 3304 501 3368 ad
517 3304 569 3367 lin.
588 3306 635 3367 καὶ
648 3303 832 3385 Ἀριστείδης
848 3309 879 3368 δέ
896 3306 1029 3391 (inquit)
1044 3309 1149 3373 πιστὸς
1160 3308 1234 3386 ἀνὴρ
1245 3311 1295 3385 τῆς
1305 3305 1368 3368 καθ’
1380 3307 1454 3384 ἡμᾶς
1465 3307 1557 3385 ὁρμώ-

459 3431 548 3483 μενος
572 3406 738 3484 εὐσεβείας,
766 3411 806 3492 τῷ
834 3407 974 3492 Κοδριίτῳ
1005 3410 1221 3488 παραπλησίως
1253 3409 1327 3486 ὑπὲρ
1356 3410 1407 3483 τῆς
1430 3408 1558 3472 πίστεως

461 3508 628 3586 ἀπολογίαν
649 3508 840 3586 ἐπιφωνήσας
853 3507 1009 3594 Ἀδριανῷ,
1032 3508 1240 3573 καταλέλοιπε·
1265 3508 1390 3584 σώζεται
1407 3506 1441 3570 δέ
1459 3532 1495 3587 γε
1516 3510 1558 3573 εἷς

461 3611 546 3686 δεῦρο
561 3611 642 3687 παρὰ
655 3610 808 3674 πλείστοις
824 3611 871 3672 καὶ
885 3612 903 3689 ἡ
918 3613 1024 3673 τούτου
1037 3611 1148 3692 γραφή.
1194 3610 1238 3675 Et
1253 3609 1360 3692 accipe
1380 3631 1419 3671 ex
1433 3609 1558 3690 Marty-

460 3707 571 3792 νοίορίο
592 3709 730 3770 Romano
754 3709 795 3771 ad
815 3730 853 3793 3¹
879 3712 1032 3795 Augusti,
1049 3734 1079 3795 p.
1092 3732 1166 3795 43¹·
1189 3712 1238 3773 ed.
1253 3710 1370 3774 Venet.
1393 3711 1556 3792 an.1630.

460 3808 653 3872 luculentum
669 3809 708 3872 de
725 3811 884 3895 Apologia
898 3813 988 3889 istae,
1005 3813 1053 3876 vel
1069 3819 1155 3875 certe
1171 3812 1211 3874 de
1223 3811 1367 3874 Aristide
1378 3810 1455 3893 ipse,
1469 3808 1558 3872 testi-

460 3911 612 3987 monimu,
628 3912 711 3994 quod
728 3911 759 3972 in
777 3911 918 3975 Usuardi
934 3935 1058 3997 quoque
1073 3921 1107 3976 et
1122 3912 1246 3975 Adonis
1261 3911 1456 3995 Nethcrique
1467 3911 1560 3972 Mer-

461 4014 613 4097 tyroleyiis
633 4013 771 4076 iuvenire
791 4021 890 4098 petes.
929 4015 1057 4077 Athenis
1078 4015 1175 4077 secuti
1197 4014 1359 4087 Aristidis,
1373 4013 1440 4094 fide
1461 4022 1489 4074 ct
1510 4033 1558 4074 se-

454 4116 577 4198 pientis
597 4115 782 4178 clarissimi:
806 4117 859 4199 qui
881 4116 1048 4180 Hadriane
1070 4117 1217 4200 Principi
1239 4116 1276 4179 de
1297 4115 1438 4199 retipieue
1459 4113 1559 4175 Chris*

460 4217 548 4278 tiene
577 4217 707 4278 οοῐιιοιοπ
730 4215 843 4289 obtulit,
870 4219 965 4280 uestri
990 4218 1136 4301 <tepuistis
1162 4219 1309 4281 continens
1334 4217 1502 4284 rationem,-
1533 4223 1559 4275 et

460 4317 540 4399 quod
561 4317 699 4380 Christ-ue
720 4319 809 4380 ἄαται
829 4319 907 4381 sol-ru
928 4330 996 4381 esset
1012 4321 1106 4400 Deae,
1121 4328 1268 4403 ρνιτοοτιεο
1284 4320 1347 4402 ipse
1371 4319 1560 4399 Ιοιροναίονο

460 4415 689 4479 ίαα-ιιίοοίιίιιίνο
712 4421 880 4501 peroravit.
934 4421 1068 4483 Netkeri
1099 4421 1225 4503 quidem
1254 4419 1419 4501 Μα-νΐρνοί.
1450 4418 1558 4493 habet,

460 4516 540 4599 qaod
556 4516 691 4578 Christus
703 4519 792 4580 Jesus
812 4542 904 4582 verus
926 4531 994 4583 esset
1016 4523 1111 4584 Deus.
1158 4521 1220 4584 Sed
1234 4521 1311 4583 solae
1328 4519 1559 4603 praelercndmn

461 4624 532 4687 est;
557 4616 589 4677 id
604 4622 664 4691 cst,
680 4618 813 4681 exclusis
829 4620 898 4683 lliis
914 4622 1099 4685 Gentilium.
1133 4623 1188 4685 Ita
1203 4622 1235 4683 iu
1259 4623 1330 4684 Vite
1342 4622 1375 4684 S.
1392 4620 1561 4704 Porphyrii

466 4719 611 4781 aaziae
625 4727 755 4781 auctore
772 4720 884 4784 Marco
902 4722 1066 4796 Diacon03
1095 4722 1227 4801 Quidem
1249 4744 1317 4785 cero
1343 4722 1478 4786 Gentiles
1492 4742 1560 4783 curn
