3809 5650
570 673 619 738 IN
642 674 891 739 MELlTONlS
916 676 1213 741 FRAGMENTA.
1380 678 1443 741 151

338 845 426 922 daret,
443 840 562 908 cirici
580 844 693 908 scitam
704 845 774 928 sam
789 855 860 909 tunc
877 844 1035 908 denotabat
1053 844 1086 907 in
1105 845 1258 908 *sicliniense
1278 845 1403 909 corseessi
1422 868 1443 909 α

333 952 437 1028 patre,
452 954 481 1009 si
494 945 611 1029 lionam
618 947 772 1030 passionis
781 968 845 1009 saoe
854 945 1028 1029 bajulastis.
1053 945 1125 1008 Lib.
1141 945 1183 1008 iii.
1197 945 1268 1009 adv.
1286 944 1442 1009 Marcion.

340 1047 438 1110 c.18.
477 1046 597 1110 Confer
629 1055 664 1110 et
688 1048 759 1111 ado.
789 1048 924 1124 Jodoos,
949 1069 1019 1131 cap.
1040 1065 1089 1109 οο.
1138 1047 1256 1109 Itidem
1287 1048 1346 1110 sub
1376 1048 1445 1131 lege

341 1169 443 1233 agnus
465 1154 626 1211 mactatus
640 1155 735 1232 typus
755 1148 815 1211 fuit
830 1147 961 1226 Christi,
983 1170 1076 1231 quem
1097 1148 1224 1232 quidem
1246 1170 1357 1233 aprione
1380 1148 1444 1212 Dei

342 1248 483 1334 appellat
496 1246 520 1311 J
521 1269 640 1312 oannes
656 1249 816 1333 Baptista.

388 1349 426 1413 P.
445 1351 516 1413 116.
530 1349 553 1413 l.
577 1348 627 1412 18.
650 1351 699 1412 ee
720 1356 781 1416 τοῖς
803 1351 892 1428 ὠμοῖς
915 1351 1014 1434 edrard
1040 1352 1094 1413 Ita
1117 1350 1241 1413 Scdsdae
1264 1350 1442 1415 Gratiana.

343 1449 447 1514 Abest
463 1451 552 1513 αὐτοῦ
571 1451 614 1513 ab
635 1450 800 1513 Haldn'aio
821 1451 949 1534 Niespd.
974 1451 1137 1535 alteroque
1159 1451 1272 1514 saltem
1297 1452 1444 1515 Codicum

351 1554 414 1615 Vas.
432 1551 622 1636 Nicophanes
636 1573 761 1634 quoque
777 1553 825 1614 ἐπὶ
839 1553 907 1616 τοὺς
922 1552 1017 1630 ὠμοὺς
1037 1553 1144 1626 habet,
1161 1552 1324 1635 nescitque
1346 1554 1443 1616 verba

343 1651 508 1736 sequentia
522 1652 708 1734 ἀναγόμενος
723 1657 885 1735 σφαγῆναι.
930 1652 1012 1715 Mox
1028 1661 1100 1736 post
1116 1658 1168 1715 τοῦ
1182 1653 1349 1730 μέλλοντος
1363 1653 1442 1717 πάσ-

344 1772 411 1835 χειν
424 1775 532 1818 vocem
547 1759 679 1835 Χριστοῦ
694 1755 725 1817 in
742 1755 852 1817 iisdem
869 1755 994 1818 Schedis
1008 1754 1121 1816 inveni.

388 1855 426 1917 P.
444 1855 544 1936 117.1.
558 1873 588 1917 ο.
601 1855 777 1939 ἀνθρώποις]
793 1856 873 1920 Cum
888 1856 948 1918 hac
965 1877 1039 1918 voce
1054 1853 1165 1918 finitur
1175 1856 1192 1932 ἡ
1204 1857 1288 1935 ῥῆσις
1300 1854 1331 1916 in
1345 1855 1443 1918 Ccdd.

352 1962 518 2040 Vaticanis,
547 1963 714 2042 Halloisio,
744 1965 982 2050 Nissploroqus.
1027 1964 1150 2027 &deda
1182 1961 1293 2026 Gratti
1323 1962 1444 2046 relique

345 2064 599 2150 suppeditarunt.

796 2238 847 2321 II,
873 2247 911 2308 et
929 2237 1001 2304 ΙΙΙ.

388 2372 425 2435 Ρ.
445 2370 516 2434 118.
532 2371 552 2436 l.
569 2391 598 2436 ο.
615 2373 663 2436 καὶ
678 2373 776 2438 deddc
792 2371 996 2456 ἔλυτρώσατο]
1020 2373 1117 2438 rudeis
1141 2374 1213 2437 Cod.
1238 2375 1304 2437 Vas.
1323 2374 1394 2455 748.
1411 2380 1444 2438 et

344 2470 512 2558 Niceplori
529 2473 650 2537 Calena.
707 2473 745 2534 lu
769 2473 831 2535 cod.
847 2479 957 2536 autem
979 2473 1048 2536 Vct.
1074 2477 1146 2555 746.
1168 2498 1259 2539 voces
1282 2477 1373 2539 ἔλυσε
1396 2477 1444 2539 καὶ

345 2577 442 2641 aces
456 2572 580 2639 omissa
600 2581 683 2652 sunt,
698 2582 731 2638 et
751 2575 782 2637 in
806 2573 929 2637 Sslsdis
948 2574 1117 2639 Gratianis
1139 2579 1254 2642 desunt
1278 2581 1325 2642 καὶ
1347 2579 1445 2644 θυθεὶς

345 2674 543 2756 ἑλντράσατο.

388 2773 470 2839 Ibid.
486 2775 507 2839 l.
525 2795 556 2861 3.
573 2777 589 2840 ὁ
605 2777 715 2858 Κύριος
731 2780 747 2841 ὁ
763 2776 866 2861 ἀμνὸς]
883 2777 984 2842 Deest
1000 2785 1133 2862 uterque
1148 2777 1301 2841 articulus
1316 2776 1347 2841 in
1366 2776 1441 2842 Cod.

352 2875 420 2941 Vct.
437 2877 510 2959 748.
549 2878 601 2942 Ex
619 2878 786 2943 Gratianis
800 2879 922 2942 Schedis
937 2878 1012 2941 solis
1027 2879 1113 2941 illum
1129 2886 1204 2941 ante
1220 2878 1311 2956 ἀμνὸς
1325 2877 1443 2960 accepi.

388 2978 470 3042 Ibid.
485 2980 505 3041 l.
521 3000 551 3058 4.
568 2983 603 3043 ἐν
617 2982 700 3065 φυτῷ
716 2982 832 3063 Σαβὲκ]
852 2980 927 3043 Vid.
945 2980 1028 3042 inira
1043 2979 1230 3061 Fragment.
1247 2976 1307 3039 lV.

389 3077 472 3143 Ibid.
488 3079 508 3143 l.
523 3080 584 3163 5.ὁ
601 3079 704 3164 ἀμνὸς]
722 3080 906 3166 Legendum
921 3102 1000 3155 esse,
1019 3084 1116 3163 prout
1135 3078 1316 3140 Halloixius
1336 3076 1443 3153 vertit,

344 3179 418 3244 licet
433 3165 592 3265 suspicari
618 3180 742 3261 ὀκριὸς,
766 3183 850 3265 quod
876 3190 984 3245 tamen
1008 3179 1111 3242 nullus
1137 3179 1319 3263 suppeditat
1343 3177 1442 3240 codex

343 3281 391 3345 vel
413 3303 509 3345 manu
531 3288 683 3346 exaratus
702 3283 750 3345 vel
771 3283 855 3367 typis
870 3283 1051 3366 impressus.
1098 3280 1212 3344 Versio
1228 3280 1354 3364 quidem
1370 3279 1443 3341 Bis

342 3382 457 3445 licrum
482 3382 623 3467 Coptica,
648 3404 743 3467 sycas
766 3384 878 3468 aliquis
900 3406 966 3467 prae
991 3405 1025 3447 se
1054 3383 1116 3447 fert
1142 3383 1183 3446 ab
1214 3380 1379 3445 Holmesio
1401 3380 1442 3443 ad

348 3486 468 3548 Genesis
477 3484 581 3548 locum
593 3491 860 3560 commemorata3
878 3486 934 3548 sed
946 3485 1023 3548 nihil
1035 3484 1188 3571 ejusmodi
1199 3484 1241 3547 ibi
1255 3473 1443 3547 Melitonem

343 3586 498 3649 invenisse
520 3586 751 3650 evidentissime
774 3594 910 3661 constat,
927 3610 966 3649 ex
989 3587 1027 3650 iis
1050 3611 1120 3672 quae
1143 3588 1174 3650 in
1198 3587 1296 3650 Num.
1315 3586 1376 3648 IV.
1395 3607 1443 3648 se·

344 3693 493 3769 quuntur.
538 3686 769 3751 Verumtamen
788 3711 898 3752 revera
918 3689 1062 3752 extitisse
1083 3690 1115 3752 in
1138 3688 1208 3751 aliis
1229 3688 1386 3751 nonnullis
1409 3686 1442 3749 S.

344 3785 515 3872 Scripturae
537 3790 732 3853 versionibus
757 3787 936 3853 istiusmodi
962 3790 1161 3866 varietatem,
1179 3788 1226 3854 vel
1249 3789 1364 3873 potius,
1390 3810 1443 3850 ex·

343 3888 542 3973 positionem,
574 3891 686 3975 cuique
714 3892 838 3976 patebit
867 3892 1051 3975 Eaceiptrcn
1083 3890 1259 3975 inspicienti
1289 3889 1443 3971 Litorpioe

342 3990 486 4074 Syriasae
505 3993 691 4077 Septimanca
706 3993 865 4057 Passionis
880 3993 925 4055 D.
941 3994 987 4055 N.
1001 3991 1076 4054 Jssc
1095 3991 1219 4064 Christ-i,
1235 3989 1319 4071 quod
1341 3986 1441 4050 edidit

342 4113 382 4155 ex
407 4092 514 4156 codice
543 4093 615 4156 MS.
638 4091 792 4178 Lipsiensi
825 4115 908 4156 anno
940 4112 1021 4173 1720
1046 4091 1078 4154 J.
1101 4093 1138 4154 C.
1154 4089 1291 4153 Clodius.
1357 4087 1441 4150 Vide

341 4214 414 4279 pag.
429 4213 461 4277 5.
477 4195 634 4279 Eccerpti.
665 4195 723 4260 Cui
738 4194 920 4259 addendum
936 4194 1021 4277 quod
1036 4193 1143 4277 posuit
1157 4190 1241 4254 inira
1256 4189 1287 4253 S.
1308 4189 1440 4253 APOL-

343 4294 543 4373 LINARIS,
561 4299 577 4359 ὁ
593 4298 659 4360 ἀντὶ
674 4303 725 4359 τοῦ
742 4298 835 4376 ἀμνοῦ
851 4302 919 4361 παῖς
935 4300 1018 4359 Θεοῦ
1033 4296 1049 4356 d
1066 4296 1147 4357 δεθεί
1164 4342 1169 4355 .

386 4395 841 4481 Ῑδὶἀ.1.6.ἑμπεποδισμένον]
860 4397 915 4460 ltu
938 4395 1031 4458 Codd.
1056 4396 1123 4458 Vas.
1140 4392 1308 4477 Nicephori
1330 4393 1441 4457 Caieta

341 4496 520 4581 Scledaeqae
542 4497 663 4577 mast,
685 4499 739 4583 qui
760 4505 868 4562 tamen
890 4497 1067 4569 adnotavit,
1093 4497 1163 4561 Cat.
1184 4496 1256 4579 Rip.
1279 4494 1443 4558 Fraoes‘sci

341 4601 414 4665 Fae.
426 4602 543 4666 hebere
556 4600 817 4682 ἔμπεπεδημένον;
831 4600 916 4683 quod
927 4599 1105 4663 Halleicirss
1120 4598 1257 4661 exhibet.
1288 4598 1328 4659 In
1340 4596 1442 4681 primo

341 4698 455 4766 herum
479 4702 747 4786 Fragmenterum
773 4708 840 4763 tam
867 4701 1078 4779 πεπεδημένος,
1103 4721 1198 4784 quam
1224 4697 1442 4774 πεποδισμένος
