3809 5650
729 1112 1105 1210 MELITO.

737 1406 1099 1447 ---—*...-—

367 1625 403 1696 S.
432 1612 791 1713 martinimontis.
818 1629 881 1702 De
909 1630 1004 1702 Viris
1027 1628 1236 1711 Illuslrtloa
1266 1652 1341 1722 cap.
1370 1631 1470 1698 xxiv.

856 1755 890 1823 P·
910 1755 968 1827 93·

367 1880 581 1981 MELITO
607 1906 772 1993 Asianus,
797 1912 980 1982 Sardensis
1006 1911 1211 2003 Episcopus,
1235 1909 1365 1981 librum
1391 1909 1467 1979 Im-

362 2033 515 2120 peratori
540 2032 612 2104 'Mt
641 2033 826 2103 Antonino
855 2032 964 2116 Vero,
991 2034 1051 2125 qui
1085 2032 1272 2102 Frontonis
1302 2030 1464 2102 Oratoris

364 2140 556 2246 discipulus
573 2156 652 2241 fuit,
670 2180 733 2249 pro
750 2156 951 2227 Christiano
969 2157 1135 2249 dogmate
1154 2154 1263 2223 dedit.
1316 2153 1464 2246 Scripsit

363 2296 503 2366 qnoque
529 2286 566 2346 et
591 2277 670 2359 alia,
696 2277 741 2348 de
766 2277 894 2369 quibus
919 2278 1105 2359 istasunt,
1132 2299 1213 2368 qnae
1238 2275 1464 2367 subjecimus.

364 2391 421 2463 De
445 2395 576 2487 pascha
597 2397 704 2468 libros
734 2400 842 2469 duos:
879 2400 924 2469 de
952 2400 1026 2469 vita
1053 2398 1306 2491 prophetarum
1333 2396 1463 2469 librum

363 2537 493 2589 unum:
529 2521 574 2591 de
603 2521 753 2595 eeclesia
779 2522 907 2593 librum
938 2533 1070 2595 unum:
1110 2524 1156 2593 de
1185 2523 1243 2593 die
1274 2520 1464 2593 Dominica

362 2640 491 2711 librum
509 2667 640 2714 unum:
658 2647 704 2715 de
721 2647 880 2717 sensibus
893 2647 1022 2716 librum
1036 2669 1146 2715 unum
1160 2670 1168 2716 :
1191 2645 1235 2715 de
1248 2645 1318 2714 fide
1332 2644 1462 2714 librum

362 2784 492 2836 unum:
520 2766 564 2835 de
582 2767 753 2860 plasmate
770 2769 898 2840 librum
917 2792 1048 2841 unum:
1068 2771 1112 2840 de
1128 2770 1247 2840 anima
1261 2777 1298 2839 et
1316 2791 1462 2861 corpore

362 2887 491 2958 librum
509 2912 641 2959 unum:
660 2892 704 2960 de
722 2892 933 2984 baptismate
950 2893 1080 2961 librum
1098 2913 1229 2960 unum:
1248 2892 1293 2959 de
1310 2891 1461 2959 veritate

362 3011 490 3082 librum
519 3036 652 3083 uuum:
687 3016 732 3085 de
761 3018 989 3109 generatione
1020 3016 1151 3085 Christi
1173 3014 1302 3084 librum
1327 3037 1460 3085 unum:

361 3135 446 3222 (vid.
463 3130 568 3229 infra)
586 3135 648 3207 bde
666 3139 851 3231 prophetie
873 3163 936 3209 sua
961 3139 1091 3208 librum
1117 3161 1250 3208 unumr
1279 3138 1323 3207 de
1349 3138 1462 3229 philo-

360 3261 466 3329 xenia
491 3261 619 3331 libmm
645 3285 780 3346 unnm3
815 3273 853 3333 et
878 3264 988 3333 alium
1015 3262 1154 3345 librum,
1178 3264 1239 3354 qui
1266 3262 1384 3332 Clavis
1409 3265 1462 3332 in·

359 3383 540 3454 scribitur:
584 3384 629 3455 de
664 3385 804 3456 diabolo
839 3386 967 3456 librum
1004 3409 1135 3456 unum:
1178 3388 1223 3455 de
1260 3385 1461 3478 apocalypsi

359 3504 508 3576 Joannis
525 3507 655 3576 librum
673 3530 803 3578 unum:
820 3512 887 3591 περὶ
903 3510 1076 3590 ἐνσωμάτου
1093 3513 1174 3574 Θεοῦ
1187 3505 1316 3575 librum
1333 3528 1459 3575 unum:

359 3638 398 3698 et
416 3632 551 3714 ἑκλογῶν
568 3628 675 3699 libros
692 3653 766 3699 sex.
819 3628 937 3721 Hujus
955 3629 1098 3722 elegans
1114 3636 1152 3696 et
1169 3627 1461 3696 declamatorium

359 3752 540 3845 ingenium
564 3751 749 3821 cavillatur
772 3752 851 3840 (for.
875 3750 1070 3821 cavillatus.
1097 3750 1167 3819 vid.
1194 3750 1321 3837 notas.)
1375 3749 1460 3818 Ter·

359 3873 529 3944 tullianus
550 3877 611 3945 cin
645 3883 783 3967 septem
808 3874 915 3958 libris,
936 3897 1026 3965 quos
1050 3873 1189 3963 scripsit
1212 3873 1378 3941 adversus
1403 3895 1461 3942 ec·

356 3994 502 4066 clesiam
527 4020 591 4089 pro
615 3996 803 4077 Montano,
822 3997 908 4067 dicit
927 4019 1011 4066 eum
1028 4019 1049 4065 a
1065 3995 1242 4087 plerisque
1259 4001 1459 4063 nostrorum

357 4120 567 4210 prophetam
584 4121 712 4212 putari.

398 4349 414 4382 ⁸
433 4340 552 4400 Marcus
577 4341 718 4400 Aurelius
742 4340 913 4400 Antoninus
938 4342 1042 4405 Verus,
1068 4338 1118 4415 qui
1144 4337 1297 4396 Antonino
1320 4337 1371 4395 Pio
1394 4358 1459 4396 snc-

355 4454 480 4506 cesserat
494 4464 540 4501 an.
556 4444 667 4503 Christi
686 4445 749 4502 161.
764 4464 884 4521 regnare
899 4443 987 4502 desiit
1001 4464 1047 4501 an.
1065 4442 1130 4501 180.

399 4544 415 4590 b
436 4547 583 4608 Eusebius
597 4548 694 4615 babet,
708 4551 749 4604 nal
760 4552 842 4621 λόγος
859 4550 939 4603 αὐτοῦ
956 4550 1016 4622 περὶ
1035 4549 1204 4621 προφητείας.
1247 4546 1335 4606 Cone.
1356 4545 1392 4604 de
1412 4546 1458 4604 his

356 4649 452 4707 titulis
467 4651 651 4728 Fragmenta,
665 4671 730 4728 qnae
742 4664 914 4728 sequuntur,
929 4652 1200 4727 Annotutionesque
1212 4651 1242 4709 in
1259 4650 1309 4708 illa
1322 4651 1453 4727 scriptas.

399 4773 464 4820 vola
481 4776 503 4815 l·
897 4778 917 4824 Q
