3809 5650
395 701 461 763 394
767 696 1121 762 ANNOTA'I'IONES

396 869 496 933 macti
505 867 675 953 prmbyleri
691 867 867 945 Zachariae,
882 868 936 952 qui
956 888 1028 951 ονρο
1046 875 1160 930 scacos
1173 864 1396 949 plenitudines
1418 864 1502 927 cari·

397 971 470 1034 tutis
492 970 666 1042 ostenderat,
689 979 802 1032 mcum
827 969 1001 1053 exemplam.
1047 968 1125 1047 Quae
1149 987 1247 1050 prava
1270 965 1377 1028 Rufini
1400 965 1502 1028 inter·

397 1071 548 1155 pretatio,
579 1070 775 1133 occasionem
805 1070 921 1133 erroris
947 1069 1084 1153 praebuit
1109 1068 1217 1131 Adoni
1247 1066 1434 1143 Viennensi,
1465 1073 1501 1128 et

400 1172 559 1247 Usuardc‚
575 1178 608 1234 ct
623 1170 778 1246 thkcrc,
794 1170 847 1253 qui
862 1170 894 1232 in
911 1170 976 1233 suis
990 1170 1222 1253 martyrologiis
1238 1167 1451 1252 quadraginta
1465 1174 1501 1230 et

397 1279 471 1336 octo
485 1279 661 1354 martyrum
674 1271 933 1355 Lugdunensium
948 1270 1075 1333 nomina
1085 1277 1297 1343 recensentes,
1307 1267 1501 1331 Zachariam

397 1374 618 1458 presbyterum
641 1373 779 1435 secundo
797 1371 867 1434 loco
890 1371 1066 1445 nominant,
1082 1377 1156 1454 post
1177 1369 1352 1432 Pothinum
1371 1367 1501 1451 Lugdu-

398 1495 527 1538 nensem
541 1474 731 1558 episcopum.
778 1472 838 1552 Qui
854 1472 880 1535 si
897 1471 1046 1534 Graecum
1062 1471 1156 1554 hujus
1172 1471 1314 1554 epistolae
1336 1469 1501 1553 exemplar

398 1575 639 1649 consuluissent,
655 1573 954 1637 animadvertissent
966 1572 1117 1655 prolecto,
1129 1573 1284 1653 Ζαχαρίαν
1292 1572 1502 1650 πρεσβύτερον

399 1679 451 1743 hic
468 1677 540 1753 dici,
556 1697 620 1739 non
639 1676 829 1739 Zachariam
853 1675 1075 1758 presbyterum
1100 1674 1324 1758 Lugdunensis
1347 1671 1501 1746 ecclesiae,

399 1780 455 1843 sed
469 1777 658 1842 Zachariam
674 1777 880 1850 sacerdotem,
896 1782 1021 1858 patrem
1036 1773 1059 1836 J
1061 1775 1172 1837 oannis
1187 1775 1353 1858 Baptistce.
1399 1773 1503 1853 Quem

399 1880 527 1963 quidem
544 1879 774 1962 Lugdunenses
792 1877 825 1938 in
845 1876 905 1939 hac
925 1876 1061 1959 epistola
1080 1877 1297 1955 πρεσβύτερον,
1313 1875 1346 1937 id
1367 1882 1418 1938 est
1443 1873 1501 1938 Se·

398 1981 521 2044 nicrem
540 1979 713 2063 appellant,
730 1977 937 2061 Epagathum
948 1978 1096 2061 juvenem
1116 1974 1145 2038 ei
1167 1983 1398 2058 comparantes.
1444 1975 1503 2039 Ge-

399 2089 504 2146 terum
520 2081 571 2143 hic
587 2101 675 2142 error
688 2079 815 2141 Adonis
834 2086 868 2141 et
887 2079 1080 2160 reliquorum
1103 2077 1139 2138 in
1160 2076 1325 2139 Zachariae
1352 2076 1504 2160 martyris

400 2182 539 2254 nomine,
552 2179 631 2243 facit
645 2186 683 2242 ut
698 2179 842 2241 dubitem
856 2180 896 2241 de
911 2179 1026 2242 ceteris
1038 2177 1217 2240 nominibus
1228 2184 1405 2260 martyrum
1419 2176 1504 2260 Lug-

400 2281 598 2354 dunensium,
612 2301 684 2364 quae
698 2280 740 2343 ab
756 2279 816 2341 illis
830 2279 946 2341 ibidem
957 2279 1061 2342 relata
1071 2285 1155 2340 sunt.
1180 2276 1344 2339 Vannsms.
1379 2278 1503 2341 Vocem

402 2389 510 2446 πλεῖον
523 2381 633 2444 abesae
647 2402 668 2443 a
684 2380 873 2463 quibusdam
889 2380 988 2443 MSS.
1004 2386 1152 2443 notatum
1167 2379 1273 2441 estad
1293 2400 1391 2461 merc.
1407 2400 1503 2441 ecem-

396 2482 500 2566 phm‘c
514 2480 597 2544 illius
609 2481 790 2544 lanciati.-
814 2486 848 2545 et
862 2481 967 2543 locum
981 2481 1075 2544 aliter
1089 2480 1121 2542 in
1137 2479 1257 2543 Graecis
1271 2479 1424 2563 scriptum
1439 2479 1503 2543 ior-

401 2590 488 2646 tasse
513 2582 633 2646 invenit
659 2582 803 2645 Rufinus.
850 2583 1002 2645 Absuisse
1028 2602 1120 2645 voces
1144 2580 1178 2642 τὸ
1204 2586 1319 2659 πνεῦμα
1343 2603 1365 2644 ο
1390 2581 1504 2645 ccum

401 2684 524 2767 scriptis
540 2682 727 2745 Florentinis
745 2689 780 2745 ct
802 2687 919 2759 πνεῦμα
937 2704 959 2745 ο
977 2681 1039 2745 cod.
1059 2683 1168 2744 Veneto
1189 2702 1272 2744 nunc
1292 2689 1383 2764 patet
1392 2707 1402 2757 ς
1424 2683 1503 2746 dum

402 2783 450 2849 ait
466 2784 638 2861 Burtonus,
655 2783 774 2846 nullum
800 2805 834 2846 se
858 2783 1012 2847 invenisse
1035 2782 1185 2855 codicem,
1201 2782 1233 2844 iu
1249 2804 1312 2867 quo
1332 2783 1504 2848 omittatur

402 2907 465 2949 vox
478 2891 585 2949 πλεῖον
593 2892 711 2969 praetcr
719 2886 825 2948 Paris.
841 2906 868 2947 1.
877 2893 911 2948 et
926 2883 1078 2967 suspicari
1094 2906 1128 2946 se
1140 2884 1313 2947 Eusebium
1325 2884 1505 2968 scripsisse3

404 2986 468 3069 ἔχει
491 2989 524 3050 δὲ
547 2985 737 3066 παράκλητον
764 2988 797 3048 ἐν
818 2986 912 3068 ἑαυτῷ
936 2991 1044 3047 πλεῖον
1068 2989 1120 3046 τοῦ
1145 2988 1305 3066 Ζαχαρίου.
1358 2985 1411 3048 Sic
1439 2986 1503 3049 ille.

403 3087 553 3151 (letarum
575 3095 683 3150 monet
698 3086 850 3162 anciari‚
862 3086 969 3148 Rufini
992 3085 1106 3160 editor,
1121 3106 1206 3169 aegre
1225 3085 1328 3168 colligi
1347 3107 1440 3168 posse
1464 3109 1504 3149 ex

403 3186 545 3269 ejusdem
572 3192 666 3249 textu
694 3185 885 3248 Zachariam
912 3185 996 3247 hunc
1029 3206 1088 3268 pro
1122 3192 1262 3268 martyre
1298 3185 1503 3269 Lugdunensi

402 3284 532 3359 haberi,
556 3305 700 3366 quaerens
719 3285 751 3346 in
767 3284 962 3347 Praefaticne
982 3306 1049 3361 sua,
1066 3285 1149 3347 unde
1165 3286 1290 3348 Valesio
1310 3286 1342 3348 in
1362 3294 1503 3351 mentem

402 3384 534 3461 venerit,
561 3383 751 3447 Zachariam
776 3406 797 3447 a
823 3384 938 3447 Rufino
966 3385 1210 3470 Lugdunensem
1234 3394 1407 3471 martyrem
1432 3409 1504 3452 esse

403 3483 534 3554 factum,
552 3484 636 3566 quod
656 3483 688 3545 in
703 3483 809 3546 limine
825 3485 954 3547 Eusebii
970 3487 1019 3548 sui
1037 3487 1198 3570 objecerat
1213 3487 1329 3551 Rufino
1344 3489 1502 3567 Valesius,

404 3590 502 3666 atque
524 3583 652 3665 insuper
673 3583 761 3646 illum
785 3584 845 3647 hcc
871 3585 940 3648 loco
966 3588 1092 3650 errandi
1114 3588 1310 3651 occasionem
1329 3589 1399 3652 aliis
1422 3612 1504 3674 prae·

403 3684 508 3747 buisse
523 3683 657 3746 dixerat.

448 3784 488 3846 P.
505 3785 576 3867 298.
593 3784 611 3847 l.
632 3802 680 3847 12.
696 3789 747 3847 τοῦ
769 3787 963 3865 πληρώματος
984 3792 1035 3866 τῆς
1055 3789 1183 3873 ἀγάπης]
1212 3790 1338 3854 Alludit
1361 3793 1404 3854 ad
1426 3790 1504 3855 illud

405 3882 584 3949 servatoris
599 3886 700 3948 nostri
711 3885 831 3949 dictum
842 3886 874 3948 in
886 3888 1058 3972 evangelio.
1088 3890 1242 3973 Majorem
1250 3892 1410 3955 cer-itctcm
1419 3913 1504 3956 ncnc

404 3985 498 4063 loha,
514 4007 605 4071 quam
619 3996 653 4050 ut
666 3989 805 4050 acimum
817 4009 904 4051 auom
915 3998 1010 4072 portat
1017 3990 1241 4073 profrutribuc
1254 3993 1327 4055 aas.
1344 3993 1503 4057 Vncssrcs.

449 4087 533 4150 Ibid.
551 4087 571 4149 l.
597 4109 645 4168 14.
666 4090 811 4170 Χριστοῦ]
838 4094 888 4149 τοῦ
911 4095 1043 4169 Χριστοῦ
1066 4092 1143 4154 MS.
1164 4092 1303 4172 Norjsohr.
1349 4092 1439 4164 Haec,
1464 4093 1503 4170 ἣν

403 4192 462 4269 γὰρ
482 4189 530 4252 καὶ
544 4188 609 4250 ἔστι
624 4188 746 4268 γνήσιοι
762 4194 893 4269 Χριστοῦ
907 4190 1046 4268 μαθητὴς,
1068 4191 1150 4254 sicut
1166 4191 1337 4275 Ignatianc
1354 4192 1418 4269 illo,
1435 4194 1504 4256 τότε

404 4288 511 4366 ἔσομαι
524 4289 654 4366 μαθητὴς
668 4290 785 4367 ἀληθῶς
798 4290 899 4369 (cerua
911 4289 983 4352 Vet.
999 4290 1138 4376 lnterp.)
1150 4297 1201 4352 τοῦ
1217 4296 1357 4373 Χριστοῦ,
1370 4293 1420 4354 ὅτε
1435 4293 1504 4354 οῦδὲ

403 4388 438 4449 τὸ
458 4388 544 4464 σῶμά
562 4413 619 4466 μου
643 4391 659 4450 ὁ
682 4391 792 4466 κόσμοι
815 4392 934 4469 ὄψεται,
960 4391 1022 4473 Bp.
1046 4391 1091 4454 ad
1113 4392 1200 4454 Rom.
1225 4393 1254 4473 ξ.
1279 4412 1310 4470 4.
1335 4412 1407 4455 cum
1432 4392 1504 4455 istis

404 4487 526 4550 Christi
546 4488 652 4551 verbis
675 4490 798 4552 confert
822 4490 1015 4553 Pearsonius
1037 4491 1071 4553 in
1087 4492 1179 4556 Viae.
1194 4493 1298 4577 Ιροοί.
1320 4495 1359 4555 Ρ.
1376 4492 1408 4556 ii.
1425 4514 1453 4555 c.
1469 4514 1502 4575 9.

404 4609 435 4669 p.
455 4606 526 4665 114.
572 4589 610 4650 Si
628 4590 695 4671 quis
714 4590 794 4652 verrit
816 4590 861 4653 cd
882 4612 938 4666 mc,
955 4600 983 4654 et
1004 4586 1063 4654 οοιι
1086 4593 1150 4655 ocu
1173 4594 1309 4656 acimum
1331 4613 1429 4668 amm,
1444 4614 1504 4656 acu

399 4696 496 4770 potest
514 4708 595 4751 οιοιιι
614 4709 671 4752 csse
692 4689 868 4773 ῦιῗισὶροῦιιο,
889 4692 1077 4777 iterumque,
1096 4694 1156 4771 Qui
1177 4713 1236 4757 cca
1256 4692 1371 4776 bajulat
1390 4713 1507 4757 crucem
