3809 5650
464 680 528 742 152
835 673 1187 740 ANNOTATIONES

461 818 600 905 positum
614 823 664 881 est
679 816 719 880 de
736 815 847 881 Iseooo
861 817 978 881 collato
993 839 1064 880 oum
1078 817 1188 894 ariete,
1205 817 1469 901 quemadmodum
1488 838 1562 880 euru

461 942 500 985 eo
514 920 677 985 oonsertur
690 917 750 982 hoo
764 917 833 982 loeo
849 916 1009 983 Christus.
1056 918 1130 993 Vid.
1148 918 1202 982 lin.
1218 920 1248 983 6.
1265 924 1299 982 et
1314 918 1368 981 lin.
1388 939 1437 983 ιο.

983 1088 1048 1159 IV.

507 1233 589 1297 Ibid
608 1233 629 1297 l.
650 1254 699 1317 13·
721 1233 766 1297 Τὸ
782 1235 980 1315 κατεχόμενος
1002 1233 1071 1318 δια]
1093 1233 1257 1297 Praestont
1277 1233 1359 1297 beno
1380 1237 1468 1315 ῥῆσιν
1489 1257 1562 1298 oum

462 1334 523 1399 duo
545 1335 666 1398 Oodioes
688 1335 841 1409 Vaticani,
862 1335 895 1396 in
917 1333 1032 1418 quibus
1054 1334 1158 1397 minus
1178 1340 1255 1418 opto
1281 1338 1483 1418 κατεχόμενον
1508 1358 1562 1400 ex-

462 1443 589 1500 eretum
604 1441 666 1512 est,
681 1442 750 1500 tum
764 1457 839 1499 vero
855 1435 1021 1519 Nieepdori
1034 1436 1159 1512 Οαόαυα,
1171 1434 1224 1498 ubi
1235 1436 1353 1499 rectius
1364 1439 1562 1519 κατεχόμενος

463 1544 565 1601 extet.

507 1637 590 1702 Ibid.
607 1640 624 1700 ό
640 1638 733 1716 Σόρος
748 1638 796 1700 καὶ
811 1634 995 1721 όἛβραῖος]
1007 1636 1070 1699 Vir
1081 1637 1208 1721 quidem
1218 1637 1440 1701 celeberrimus
1452 1637 1562 1702 Mont-

461 1740 636 1816 fouoonius,
651 1739 796 1803 Praels'm.
811 1739 846 1802 in
860 1739 1005 1822 Ηαοαμία
1024 1740 1175 1824 Ονόμουός,
1190 1738 1223 1802 in
1240 1761 1351 1804 eorum
1370 1740 1562 1804 sententiam

462 1842 659 1927 propendere
680 1841 814 1917 videtur,
831 1839 884 1924 qui
899 1840 1006 1917 velint,
1023 1841 1136 1924 Syrum
1156 1841 1240 1905 buno
1254 1849 1288 1905 et
1307 1841 1444 1906 fortasse
1463 1841 1561 1905 etiam

461 1941 639 2020 Hodroeum,
657 1962 792 2025 quorum
810 1940 962 2005 leetiones
983 1963 1004 2005 e
1026 1940 1170 2025 putribus
1192 1963 1276 2026 saepe
1298 1942 1491 2025 conjunctim
1512 1942 1560 2005 nf-

461 2043 616 2119 feruntur,
633 2041 790 2107 versiones
804 2041 927 2126 aliquas
945 2042 1075 2106 Graeoes
1094 2064 1134 2106 ex
1155 2042 1286 2127 Syrisce
1301 2045 1444 2107 versione
1463 2051 1562 2128 atquo

463 2143 626 2208 Hebraico
640 2143 743 2207 foetas
757 2141 907 2206 indicare.
951 2142 1037 2206 Vide
1052 2166 1124 2207 eum
1139 2166 1207 2228 cup.
1223 2145 1243 2207 i.
1262 2146 1291 2226 φ.
1307 2144 1364 2209 ult.
1407 2146 1470 2208 Sed
1485 2145 1562 2228 quid

462 2247 503 2310 de
518 2246 599 2329 Syro
614 2244 676 2308 isto
699 2249 732 2307 et
752 2242 894 2307 Hebraeo
914 2244 1120 2308 statuendum
1141 2246 1195 2322 sit,
1219 2245 1272 2309 alii
1295 2246 1353 2309 viri
1378 2245 1465 2309 doeti
1487 2253 1562 2329 post

462 2345 740 2411 Montianoonium
755 2344 929 2409 scribentes
943 2345 1002 2408 sibi
1023 2367 1086 2409 non
1105 2346 1224 2430 liquere
1243 2347 1451 2411 affirmarunt.
1496 2347 1562 2409 Nu·

462 2468 550 2512 mero
572 2445 723 2531 singulari
745 2447 876 2510 verbum
898 2448 993 2528 φησὶν
1014 2446 1065 2511 hie
1088 2448 1227 2531 positum
1249 2456 1318 2524 est;
1350 2454 1384 2512 et
1405 2447 1562 2511 Eusebius

462 2548 516 2613 lib.
536 2548 576 2612 iv.
598 2548 687 2612 Hist.
710 2569 737 2611 e.
762 2565 812 2613 22.
835 2548 875 2611 de
898 2547 1083 2634 Hegesippo
1104 2549 1164 2613 hoe
1186 2549 1297 2626 tradit,
1312 2549 1345 2612 ἔκ
1367 2574 1400 2612 τε
1423 2553 1475 2613 τοῦ
1497 2548 1560 2613 καθ’

460 2648 623 2730 Ἐβραίους
650 2650 829 2731 εὐαγγελίου
858 2651 906 2713 καὶ
930 2655 983 2712 τοῦ
1010 2656 1308 2730 Συριακοῦ-τινα
1337 2651 1463 2730 τίθησιν,
1490 2671 1561 2733 quae

463 2751 591 2838 quidem
607 2751 737 2815 Eusebii
751 2750 848 2815 verba
862 2773 905 2815 an
919 2751 1005 2815 hisee
1020 2751 1185 2816 Melitoois
1200 2753 1279 2816 dent
1292 2752 1404 2829 lucem,
1415 2759 1561 2835 quoersnt

462 2854 526 2919 alii.
572 2853 623 2917 De
643 2854 731 2916 nulle.
752 2852 875 2917 interea
899 2853 1042 2916 versione
1068 2854 1231 2938 evangelii,
1257 2854 1313 2919 sed
1337 2854 1377 2917 de
1399 2853 1562 2937 evangelio

463 2956 736 3041 Syro-Hebraico,
751 2955 892 3040 loquitur
907 2955 1073 3020 Eusebius.

507 3058 546 3121 P.
561 3056 665 3122 118.1.
682 3079 730 3135 14.
743 3058 868 3144 τυτοῦυ]
884 3062 1033 3121 τυτοΰντα
1043 3057 1212 3143 Nieepdori
1224 3060 1343 3123 Catone
1353 3066 1387 3124 et
1403 3059 1562 3124 Sobolium

464 3159 496 3223 in
511 3158 625 3223 Bittio
646 3159 720 3223 odit.
734 3160 891 3236 Romanu,
912 3159 998 3242 quod
1013 3158 1140 3243 quidem
1155 3160 1307 3225 seholium
1323 3160 1372 3224 his
1387 3161 1490 3226 verbis
1509 3161 1563 3225 τὸν

463 3261 594 3341 σταυρὸν
608 3259 727 3325 finitur.

508 3359 591 3422 Ibid.
602 3358 623 3422 l.
638 3380 688 3440 17.
702 3361 803 3439 ὥσπερ
818 3362 850 3423 δὲ
862 3361 958 3441 φυτὸν
970 3362 1082 3438 Σαβὶκ,
1093 3358 1170 3424 τοῦτ’
1184 3360 1267 3425 ἔστιν
1278 3361 1430 3448 ἀφέσεως]
1444 3362 1561 3425 LXX.

466 3461 524 3524 Καὶ
538 3459 722 3541 ἀναβλέψας
734 3459 874 3542 Ἀβρααμ
888 3467 949 3528 τοῖς
963 3464 1133 3542 ὀφθαλμοῖς
1147 3462 1237 3526 αὐτοῦ
1252 3462 1321 3533 εἶδε.
1339 3463 1387 3525 καὶ
1401 3465 1464 3525 iberi
1485 3462 1564 3542 κριὸς

463 3561 507 3628 εἷς
521 3563 719 3644 κατεχόμενος
734 3564 768 3625 ἐν
788 3567 871 3649 φυτῷ
892 3566 997 3643 Σαβὲκ
1016 3569 1074 3627 τῶν
1094 3562 1232 3645 κερότων.
1281 3565 1385 3627 Gener.
1401 3584 1470 3647 sap.
1486 3562 1562 3626 xxii.

464 3683 577 3726 eomm.
606 3682 654 3746 13.
678 3661 756 3726 Biel.
784 3663 887 3728 Lon.
911 3664 946 3728 io
969 3665 1090 3728 LXX.
1113 3675 1141 3729 et
1163 3663 1240 3728 alios
1260 3666 1444 3748 Inopem
1472 3663 1507 3726 V.
1526 3664 1562 3727 T.

464 3769 488 3804 ‘⁴
504 3765 606 3842 Σαβὲκ
632 3763 734 3827 Hebr.
755 3783 809 3844 *po
834 3764 1030 3850 perplexum,
1057 3770 1230 3849 vepretum.
1261 3765 1342 3829 Gen.
1365 3764 1441 3828 xxii.
1469 3784 1564 3849 13.-

465 3871 485 3902 “
500 3862 652 3929 Ceterum
675 3865 707 3928 in
730 3865 833 3931 Gloss.
854 3864 936 3929 Bibl.
957 3864 1086 3930 Coislin.
1102 3887 1134 3950 p.
1149 3881 1224 3949 475.
1270 3867 1372 3944 Σαβὲκ
1393 3866 1564 3951 exponitur

465 3971 486 4001 “
500 3965 610 4046 ἄφεσις
624 3965 771 4043 distahein,
786 3974 820 4029 et
833 3966 982 4030 additur:
1007 3967 1067 4030 ἀπὸ
1081 3970 1132 4046 τῆς
1147 3967 1243 4047 Σόρας
1258 3968 1422 4041 διαλέκτου,
1432 3990 1448 4031 α
1458 3968 1564 4052 dinque

462 4075 486 4104 ‘⁶
503 4068 646 4150 Syriaca.
691 4069 747 4131 Ite
761 4067 859 4132 etiarn
875 4067 953 4131 Lex.
970 4069 1057 4153 Orig.
1073 4090 1103 4152 p.
1122 4087 1195 4153 233.
1210 4076 1244 4133 et
1259 4067 1383 4146 Suides‚
1398 4069 1458 4134 nisi
1478 4070 1564 4154 quod

465 4176 486 4204 “
499 4170 585 4253 apud
600 4168 685 4233 hune
699 4192 761 4233 vox
782 4170 938 4233 διαλέκτου
958 4168 1075 4233 omissa
1096 4170 1149 4234 sit.
1195 4170 1284 4234 Male
1305 4178 1415 4234 autem
1436 4171 1480 4234 ibi
1503 4193 1564 4234 vox

465 4276 485 4304 ‘⁸
502 4268 664 4334 derivatur
678 4291 699 4333 a
721 4270 831 4334 Obuld.
849 4291 909 4352 pro
923 4270 1051 4333 dimisit.
1096 4270 1187 4335 Tom.
1203 4272 1246 4334 iii.
1263 4293 1293 4355 p.
1312 4273 1404 4357 256.’'
1448 4273 1564 4337 Oonfer

463 4370 499 4432 J.
514 4370 550 4433 0.
567 4370 609 4433 G.
626 4368 766 4433 Ernestii
784 4370 878 4433 θῖνας.
899 4372 987 4434 Saor.
1009 4370 1135 4453 Ηαςμαλ.
1160 4394 1190 4456 p.
1214 4392 1286 4453 242.
1309 4380 1343 4436 et
1365 4372 1564 4437 Sehleusueri

464 4467 570 4531 Lento.
585 4468 646 4532 Vn.
666 4470 745 4533 Ter.
760 4468 803 4533 iii.
822 4490 871 4553 19.
916 4471 1088 4549 Gaeterum,
1103 4472 1189 4537 houd
1204 4473 1363 4558 signifieat
1378 4473 1492 4538 Melite
1507 4495 1565 4557 per

464 4567 570 4643 verbe,
582 4569 678 4649 φυτὸν
693 4572 797 4648 Σαβέκ
811 4569 939 4634 ἐκάλεσε
956 4571 1008 4636 τὸν
1020 4572 1106 4652 ἅγιον
1118 4573 1255 4655 σταυρὸν,
1265 4574 1326 4638 hoe
1338 4577 1440 4653 Σαβέκ
1452 4576 1564 4638 Graeee

463 4666 595 4747 σταυρόν
608 4668 650 4732 eb
665 4667 839 4753 interprete
854 4692 980 4734 versum
998 4693 1087 4749 esse;
1109 4674 1166 4738 sed
1185 4680 1313 4738 tontum
1332 4674 1564 4758 expositionem
