3809 5650
780 699 1082 771 PRAEFATIO.
1355 697 1452 769 xxiii

401 894 658 1001 Cyprianum
694 895 886 1003 epistolas
920 898 1072 977 idcirco
1106 896 1235 990 omisi,
1270 896 1452 1003 exceptis

402 1040 567 1107 tantum
607 1028 788 1109 Cornelii
828 1059 945 1138 papae
985 1031 1321 1138 synodorumque
1360 1029 1453 1109 reli-

402 1161 523 1266 quiis
542 1163 655 1268 quod
683 1162 787 1242 nihil
815 1178 1014 1272 praeterea
1040 1191 1063 1243 a
1085 1159 1325 1244 Firrniliano
1345 1176 1453 1243 cete-

403 1296 508 1374 risve
528 1307 644 1374 extat
669 1323 842 1402 usquam
870 1296 969 1376 alibi
992 1297 1295 1403 conscriptum
1325 1308 1452 1404 atque

402 1426 549 1507 harum
578 1427 845 1537 epistolarum
873 1427 1083 1535 pleraeque
1100 1456 1194 1508 curn
1217 1428 1298 1508 illis
1324 1429 1452 1537 ipsius

401 1559 599 1667 Cypriani
620 1560 773 1640 arctius
788 1559 1010 1653 cohaerent,
1030 1588 1155 1666 quarn
1171 1574 1218 1640 ut
1237 1562 1451 1642 commode

401 1693 584 1801 disjungi
606 1695 774 1801 possint.
815 1693 1035 1774 Simillirna
1055 1694 1166 1772 enirn
1187 1721 1328 1773 earum
1347 1694 1451 1774 ratio

401 1838 465 1907 est
493 1840 619 1933 atque
649 1826 916 1934 epistolarum
945 1825 1100 1919 Planci,
1123 1825 1305 1934 Sulpicii,
1326 1826 1451 1907 Dola-

402 1960 851 2069 bellae‚alioru111‚quae
878 1962 987 2041 inter
1007 1962 1218 2042 Ciceronis
1246 1960 1333 2041 illas
1356 1989 1452 2042 con-

401 2109 630 2176 servantur.
688 2097 746 2176 At
783 2124 877 2175 vero
912 2096 1109 2203 opuscula
1146 2094 1308 2203 aliquot
1341 2109 1451 2190 sunt,

401 2228 575 2333 inquies
596 2227 640 2308 id
659 2230 773 2337 quod
793 2256 869 2335 ego
890 2257 1057 2337 quoque
1077 2230 1221 2324 fateor,
1239 2255 1335 2335 quae
1358 2242 1451 2336 post

401 2388 525 2468 opera
553 2360 710 2441 Justini
741 2361 802 2440 M.
820 2362 1102 2469 Cyprianique
1129 2377 1172 2442 et
1198 2360 1449 2442 Tertulliani

400 2493 468 2574 edi
503 2493 649 2589 solent,
680 2523 859 2601 quorum
883 2494 1029 2576 saltem
1061 2495 1264 2576 nonnulla
1298 2496 1450 2604 ignotis

400 2626 571 2733 quidem
605 2627 882 2734 scriptoribus,
915 2629 988 2709 sed
1022 2630 1247 2709 eorundem
1284 2642 1449 2736 patrum

401 2761 641 2869 aequalibus
656 2765 752 2870 jure
771 2763 1047 2871 adscripseris.
1109 2764 1166 2844 lis
1194 2776 1336 2844 autem
1364 2791 1448 2843 orn-

401 2897 523 2976 nibus
542 2924 638 2977 cum
659 2897 737 2978 tria
755 2898 845 2978 haec
864 2897 989 2977 simul
1005 2899 1224 2978 convenire
1244 2897 1448 3005 putarinr;

402 3031 594 3138 primum,
623 3032 737 3139 quod
768 3030 886 3112 facile
915 3032 1035 3111 obvia
1069 3030 1263 3110 studiosis
1296 3030 1447 3110 existe·

403 3178 519 3258 rent3
549 3166 702 3247 deinde
731 3167 846 3276 quod
874 3196 899 3247 a
927 3166 1099 3247 diversis
1128 3166 1299 3245 fortasse
1325 3166 1450 3273 scrip-

401 3299 558 3380 toribus
573 3301 735 3409 singula
747 3315 884 3384 essent
896 3302 1132 3410 composita,
1148 3327 1324 3409 quorum
1343 3299 1448 3380 nihil

400 3436 579 3514 restabat
598 3435 723 3529 aliud,
744 3438 855 3544 quod
875 3435 1164 3544 colligeretur;
1196 3448 1285 3514 turn
1306 3447 1445 3514 autem

400 3568 511 3674 quod
542 3568 630 3650 sine
653 3583 766 3650 certo
794 3572 973 3653 auctoris
1004 3571 1172 3652 nomine
1199 3570 1448 3677 prodeuntia

400 3702 623 3782 obscuriori
643 3704 801 3812 origine
828 3717 925 3785 nata
945 3706 1127 3796 fuerint;
1158 3704 1271 3784 istaec
1295 3704 1448 3784 idcirco

400 3836 597 3943 opuscula
616 3865 639 3916 a
657 3839 823 3919 sedibus
843 3841 927 3920 suis
946 3841 1168 3921 transferre
1189 3835 1317 3919 nolui.
1364 3838 1448 3917 De-

401 3969 528 4078 nique
555 3969 636 4051 alia
655 3974 858 4080 quaedam,
877 3975 950 4054 sed
979 4003 1027 4055 ea
1052 3975 1306 4082 paucissima,
1330 3999 1354 4051 a
1381 3999 1447 4051 me

400 4104 541 4186 relicta
560 4119 669 4201 sunt,
689 4120 739 4188 ut
759 4112 799 4188 S.
816 4110 1017 4219 Cypriani
1036 4113 1072 4188 V
1068 4112 1126 4190 ito
1146 4137 1169 4188 a
1191 4107 1342 4187 Pontio
1361 4106 1447 4186 dia-

399 4264 502 4319 cono
531 4241 621 4347 ejus
649 4242 890 4349 conscripta,
922 4244 1021 4351 quia
1050 4243 1290 4349 cymbarum
1322 4240 1446 4320 modo

399 4398 567 4481 magnas
622 4403 745 4455 naves
792 4376 1082 4457 comitantium
1134 4403 1259 4483 parva
1304 4374 1442 4455 istius·

400 4508 508 4589 modi
529 4508 681 4615 scripta
708 4511 900 4617 operibus
927 4509 1061 4591 solent
1084 4510 1296 4590 adhaerere
1320 4510 1448 4614 majo-
