3809 5650
555 694 748 759 ANNOTT.
773 693 823 758 IN
846 693 1316 761 ErlsT.MA1tT.LUGD.
1425 699 1490 767 289

388 886 495 930 mrem
513 865 608 930 eidem
627 864 758 950 epistota
776 863 1003 948 subjunxerunt,
1014 865 1144 949 prolatis
1162 867 1384 951 interfiatomtm
1405 868 1492 953 aprsd

388 988 418 1032 se
439 977 609 1051 martyram
631 967 729 1031 oanis
749 968 888 1053 epistolis,
911 968 1058 1052 praesidi
1083 968 1156 1032 dem
1180 969 1215 1033 ia
1237 969 1367 1034 eimalis
1390 969 1491 1034 πῶπππ

389 1071 620 1155 menaporum
634 1071 801 1155 adsratres
815 1071 850 1133 in
864 1071 946 1135 Asia
960 1080 987 1135 et
1001 1071 1142 1156 Phrygia
1155 1070 1299 1156 dagarum,
1307 1072 1429 1156 partim
1447 1072 1493 1135 ud

387 1172 583 1236 hauseram
594 1174 745 1236 Βοππππω
765 1172 849 1236 ardis
867 1173 1036 1258 episcopam
1054 1173 1248 1258 ππνίππνππι,
1266 1194 1329 1258 pro
1346 1195 1424 1257 pace
1443 1194 1490 1239 ee·

389 1273 550 1336 obstarem
579 1276 668 1358 quasi
697 1273 838 1357 legatione
858 1277 1029 1360 strepentes.
1074 1274 1138 1339 Sed
1163 1283 1192 1339 et
1220 1274 1314 1339 iidem
1341 1284 1492 1358 martyres

389 1374 544 1438 Ireaaeam
558 1376 612 1459 qai
626 1385 697 1439 luae
710 1377 850 1461 temporie
863 1376 963 1440 adlato
970 1374 1127 1461 presbyter
1140 1376 1351 1462 Lapdemoaerir
1363 1386 1430 1442 erat
1446 1399 1491 1443 oe·

390 1475 496 1553 alesia,
516 1478 690 1562 supradicto
705 1477 866 1543 Ebutlero
879 1500 939 1563 per
958 1478 1063 1542 literas
1082 1479 1335 1554 ammadomna
1351 1501 1417 1544 eam
1436 1488 1491 1544 tee-

390 1579 514 1643 timoaio
539 1601 592 1644 sao
612 1601 672 1644 πππ
694 1580 883 1645 mediocriter
903 1590 1053 1658 emmaus,
1078 1581 1155 1645 sicat
1176 1580 1311 1666 π’]πωπππ
1332 1580 1422 1646 eorda
1441 1581 1491 1646 de·

391 1682 512 1745 clareat
529 1705 596 1766 qaae
614 1683 658 1746 sie
671 1704 701 1745 se
714 1681 833 1746 ludent.
878 1681 935 1745 TE
958 1704 1016 1767 per
1037 1682 1144 1747 omnia
1168 1686 1223 1747 &a
1269 1683 1363 1748 Nune
1384 1683 1492 1769 aoeipe

392 1805 463 1867 quae
477 1790 554 1848 ente
568 1784 629 1847 hoo
643 1783 856 1870 fragmentum
871 1784 1038 1849 admonuit
1053 1784 1171 1849 Petrus
1192 1784 1399 1851 Constantius
1417 1808 1491 1872 pag.

394 1888 447 1966 87.
491 1887 578 1949 Rom.
594 1886 715 1971 Pontis.
733 1885 946 1971 prtoloram
963 1884 1094 1950 Parisiis
1108 1885 1268 1952 editarum
1282 1909 1334 1954 an.
1355 1906 1447 1968 172¹·

637 2124 947 2198 COUSTANTII
976 2123 1241 2196 MONITUM.

436 2312 533 2377 Anno
562 2330 612 2395 17.
636 2312 764 2397 Imperii
789 2312 944 2378 Antonini
972 2312 1059 2388 Veri,
1080 2311 1199 2377 Christi
1219 2327 1289 2394 177.
1306 2310 1493 2376 Viennensis

393 2422 427 2479 et
443 2414 666 2500 Lugdunensis
683 2415 821 2480 eoolesioe
841 2422 1008 2500 martyres,
1024 2415 1100 2479 dum
1120 2415 1152 2478 in
1168 2415 1299 2479 vineulis
1319 2414 1424 2480 adhue
1446 2436 1494 2479 es-

393 2522 473 2591 sent,
499 2538 556 2600 pro
583 2538 662 2601 paee
687 2517 889 2582 ecelesiarum
914 2516 1073 2603 legatione
1098 2517 1275 2603 fungentes,
1300 2516 1426 2581 litteras
1450 2517 1494 2581 ad

396 2617 604 2681 Eleutherum
633 2617 794 2702 scripsisse
824 2618 980 2683 Eusebius
1008 2618 1062 2681 lib.
1092 2640 1120 2682 v.
1152 2617 1239 2681 Hist.
1267 2640 1294 2681 e.
1322 2637 1354 2703 3.
1380 2619 1492 2683 tradit.

395 2716 517 2802 Nempe
534 2718 577 2803 pii
596 2719 640 2781 illi
661 2726 817 2804 martyres
837 2721 1015 2785 consultum
1030 2720 1179 2785 volebant
1198 2719 1269 2804 paei
1291 2718 1493 2784 ecelesiarum

395 2819 483 2884 Asiae
504 2827 537 2884 et
553 2820 712 2907 Phrygiae,
729 2844 800 2908 quae
820 2829 952 2907 propter
966 2844 1064 2886 novas
1081 2819 1241 2899 Montani,
1259 2819 1436 2886 Alcibiadis
1455 2843 1494 2887 ae

394 2921 552 2987 Theodoti
568 2924 751 3007 prophetias
765 2924 987 2988 turbabantur.

437 3024 519 3088 Tum
542 3024 743 3103 Eleutherus,
765 3026 791 3089 si
815 3025 957 3090 Valesius
979 3031 1047 3088 not.
1069 3025 1102 3087 in
1123 3024 1175 3088 lib.
1193 3047 1223 3089 v.
1239 3025 1356 3090 Euseb.
1376 3047 1444 3110 eap.
1460 3045 1491 3111 3.

394 3148 459 3190 non
480 3126 611 3204 fallitur,
637 3127 746 3191 litterae
767 3136 855 3213 masaa
876 3125 1129 3191 aemulandas
1143 3126 1390 3212 Lupdoaeasiam
1410 3147 1494 3191 mar·

393 3239 496 3313 mam
506 3229 718 3314 inspalsuaed
729 3229 863 3293 achaias
877 3229 966 3292 Asiae
980 3237 1068 3314 atque
1080 3229 1226 3315 Pbrygiae
1235 3228 1390 3314 epbtobm
1399 3229 1495 3314 susp

394 3332 436 3395 rit
449 3331 486 3394 de
501 3330 682 3415 recipiendis
695 3334 729 3395 ia
741 3331 891 3396 eeclesiam
904 3332 1122 3396 Mordaaietrs:
1144 3331 1197 3395 sed
1208 3331 1310 3395 datm
1324 3330 1496 3396 admonitus

393 3454 415 3495 a
434 3433 564 3496 Praaea
584 3433 714 3518 quodam
733 3436 861 3512 Asiane,
878 3434 1027 3518 puosfioas
1047 3454 1124 3519 qaas
1146 3433 1286 3498 mbae!
1307 3431 1424 3497 maras
1444 3453 1494 3497 re·

396 3536 521 3600 aava.
566 3536 617 3599 Ex
640 3536 770 3600 Eusebii
792 3545 900 3600 tamen
923 3535 1105 3600 narratione
1129 3535 1297 3621 subigitur,
1320 3556 1375 3599 eas
1399 3535 1496 3599 luisse

397 3635 656 3721 Lugdunensium
677 3645 855 3722 martyrum
875 3638 916 3701 ad
938 3637 1146 3702 Eleutherum
1164 3637 1388 3721 litterasque
1407 3636 1495 3701 illum

394 3740 465 3823 non:
478 3739 517 3802 ad
536 3739 754 3805 Montanietas
773 3740 806 3802 in
826 3739 990 3804 ecelesiam
1011 3737 1207 3823 reeipiendus
1226 3737 1424 3815 indueereut,
1439 3739 1495 3802 sed

394 3840 436 3903 ab
463 3862 572 3904 eornm
597 3840 705 3926 potius
730 3841 949 3906 eommunione
975 3846 1155 3904 avocarent.
1201 3838 1399 3903 Mussuetius
1420 3859 1496 3902 vero

396 3947 505 4005 noster
519 3942 658 4008 Dissert.
674 3944 777 4007 Praev.
792 3942 824 4005 in
842 3942 957 4005 lrenaei
976 3940 1074 4004 libros
1096 3962 1168 4025 pag.
1186 3941 1239 4002 80.
1260 3939 1419 4017 observat,
1440 3960 1496 4023 op-

394 4052 530 4129 portune
539 4045 700 4121 accidisse,
712 4051 749 4108 ut
760 4066 830 4107 eum
842 4043 1034 4107 Eleutherna
1044 4042 1246 4105 laudatorum
1255 4048 1432 4125 martyrum
1441 4039 1495 4104 lit·

395 4154 483 4210 teras
497 4146 682 4231 accepisset,
697 4148 839 4209 Praxeas
850 4167 889 4208 ex
901 4144 982 4209 Asia
994 4144 1129 4207 Romam
1140 4141 1279 4219 veniens,
1291 4141 1351 4226 ipsi
1364 4142 1496 4206 Monta

395 4248 551 4311 nistarum
571 4246 700 4311 fraudes
721 4253 898 4329 retegeret:
922 4245 1023 4329 iisque
1045 4244 1190 4320 detectis,
1206 4243 1331 4308 litteras
1353 4242 1385 4306 iu
1403 4243 1496 4307 Mon-

396 4349 474 4424 tani,
490 4348 608 4412 Priscae
624 4355 657 4412 et
674 4347 859 4412 Maximillae
873 4346 1013 4432 gratiam
1023 4347 1092 4430 jam
1108 4344 1239 4408 emissas
1257 4365 1405 4408 revocare
1425 4365 1495 4429 per·

395 4450 552 4514 suaderet.
599 4449 637 4511 ln
653 4450 796 4513 eamdem
812 4448 1000 4533 opinionem,
1017 4457 1054 4512 ut
1069 4469 1139 4531 quae
1160 4445 1333 4530 probabilis
1354 4452 1389 4509 et
1409 4466 1494 4509 oem-

397 4553 493 4615 moda
508 4552 664 4628 videatur,
679 4552 764 4616 ultro
783 4550 1022 4636 propenderem.
1067 4548 1150 4629 Quia
1169 4555 1277 4612 tamen
1299 4568 1363 4611 una
1382 4546 1497 4612 nititur

395 4653 583 4718 Tertulliani
598 4653 792 4730 narratione,
808 4652 840 4715 in
857 4674 921 4736 qua
940 4673 1003 4714 non
1020 4650 1212 4714 Eleutherus
1226 4648 1424 4726 nominatim,
1440 4649 1496 4713 sed

396 4753 582 4839 simpliciter
607 4755 770 4819 Romanus
792 4753 948 4842 pontifex,
972 4754 1124 4818 hortante
1147 4752 1283 4830 Praxea,
1304 4749 1496 4817 sententiam

438 4879 506 4921 voa.
523 4879 544 4923 1.
897 4878 922 4935 r
941 4878 962 4940 p
