3809 5650
451 685 517 754 29⁸
775 685 1024 764 RELIQUIAE
1047 684 1225 751 SACBAE.

453 851 596 954 ἀλόγως
619 852 807 953 γινομίνην
831 855 950 955 κρίσιν
980 856 1045 932 οὐκ
1073 852 1291 950 ἐβάστασεν,
1314 855 1399 933 ἀλλ’
1421 856 1552 956 ὑπερη-

453 985 670 1087 γανάκτησε,
687 990 745 1066 καὶ
763 989 866 1094 ἠξίου
885 991 943 1068 καὶ
969 986 1074 1072 αὐτὸς
1099 992 1321 1087 ἀκουσθῆναι
1345 987 1552 1089 ἀπολογού-

453 1153 558 1217 μενος
577 1119 664 1223 ὑπὲρ
681 1128 754 1201 τῶν
772 1124 952 1227 ἀδελφῶν,
972 1122 1027 1201 ὅτι
1044 1121 1155 1221 μηδὲν
1181 1122 1288 1202 ἀθεον
1312 1120 1401 1219 μηδὲ
1427 1122 1558 1215 ἀσεβές

453 1255 554 1333 ε’στιν
572 1257 611 1332 ἐν
637 1256 734 1354 ἡμῖν.
774 1262 847 1335 τῶν
875 1254 912 1333 δὲ
936 1259 1018 1358 περὶ
1050 1253 1093 1334 τὸ
1120 1259 1223 1354 βῆμα
1250 1254 1557 1354 καταβοησάντων

454 1389 576 1468 αὐτοῦ·
605 1393 664 1468 καὶ
682 1388 754 1491 γάρ
772 1388 817 1489 ἦν
835 1391 1021 1489 ἐπίσημος·
1050 1392 1108 1469 καὶ
1126 1397 1190 1468 τοῦ
1208 1386 1381 1490 ἡγεμόνος
1399 1387 1450 1486 μὴ
1473 1392 1583 1482 ἀνα-5

454 1523 634 1626 σγομένου
666 1529 729 1623 τῆς
761 1528 872 1607 οὕτως
909 1526 966 1603 ὑπ’
1001 1524 1109 1602 αὐτοῦ
1146 1522 1280 1604 δικαίας
1316 1523 1558 1624 προταθείσης

455 1656 649 1762 ἀξιώσεως,
667 1657 768 1737 ἀλλά
784 1658 896 1756 μόνον
912 1666 1018 1736 τοῦτο
1036 1656 1237 1754 πυθομένου
1256 1662 1285 1735 εί
1303 1659 1362 1735 καὶ
1380 1656 1486 1740 αὐτὸς
1504 1657 1557 1756 ε’ίη

455 1792 686 1894 Χριστιανός·
707 1803 772 1873 τοῦ
799 1792 837 1871 δὲ
861 1790 1099 1895 λαμπροτάτῃ
1126 1797 1230 1896 φωνῇ
1249 1790 1556 1892 ὁμολογήσαντος,

455 1924 644 2034 ἀνελήφθη
675 1931 735 2006 καὶ
766 1926 872 2011 αι’πὸς
903 1933 952 2010 είς
985 1925 1049 2006 τὸν
1082 1929 1219 2028 κλῆρον
1251 1934 1325 2006 τῶν
1355 1926 1556 2032 μαρτύρων,

454 2057 685 2163 παράκλητος
722 2066 952 2162 Χριστιανῶν
989 2063 1228 2164 χρηματίσας·
1279 2062 1371 2166 ἔχων
1412 2064 1451 2143 δὲ
1493 2061 1557 2143 τὸν
1572 2095 1607 2132 ¹0

454 2190 688 2294 παράκλητον
709 2196 747 2270 ἓν
764 2195 887 2300 ἑαυτῷ,
902 2193 960 2272 οτὸ
978 2202 1118 2292 πνεῦμα
1135 2203 1262 2275 πλεῖον
1280 2206 1343 2276 τοῦ
1364 2200 1556 2302 Ζαχαρίου,

454 2321 492 2402 ἆίι
510 2322 569 2402 διά
585 2331 649 2402 τοῦ
667 2324 907 2428 πληρώματος
926 2330 989 2424 τῆς
1014 2327 1155 2429 ἀγάπης
1182 2330 1389 2436 ἐνεδείξατο,
1408 2331 1552 2432 εὐδοκή-

454 2492 526 2541 σας
544 2457 633 2561 ὑπέρ
650 2462 715 2557 τῆς
740 2465 814 2538 τῶν
836 2462 1007 2566 ἀδελφῶν
1034 2465 1232 2565 ἀπολογίας
1256 2469 1315 2544 καὶ
1339 2465 1405 2558 τὴν
1431 2471 1558 2548 ἑαυτοῦ

456 2598 566 2672 θεῖναι
591 2590 726 2700 ψυχήν.
755 2592 800 2693 ἦν
827 2593 899 2697 γάρ
918 2598 977 2674 καὶ
1004 2595 1084 2675 ἔστι
1110 2596 1261 2700 γνήσιος
1288 2604 1453 2702 Χριστοῦ
1481 2635 1552 2697 μα·

456 2726 576 2830 θητὸς,
594 2731 814 2809 ’ἀκολουθῶν
832 2736 884 2838 τῷ
903 2732 1012 2841 ἀρνίιρ
1032 2731 1122 2812 ὅπου
1140 2730 1185 2811 ἀν
1204 2732 1336 2837 ὑπάγη.
1574 2778 1582 2816 ι
1589 2778 1606 2835 5

511 2862 554 2946 δ.
584 2871 772 2945 Ἐντεῦθεν
797 2866 842 2965 δὴ
868 2867 1081 2970 διεκρίνοντο
1105 2874 1138 2948 oi
1166 2868 1296 2948 λοιποί·
1323 2871 1382 2946 καὶ
1410 2874 1558 2971 φανεροὶ

456 3004 515 3079 καὶ
532 3001 666 3101 ἕτοιμοι
683 3003 842 3104 ε’γίνοντο
857 3000 1166 3107 πρωτομάρτνρες·
1198 3000 1232 3079 οἳ
1250 3003 1309 3080 καὶ
1326 2997 1416 3098 μετὰ
1433 2998 1558 3098 πάσης

456 3315 585 3391 inquam,
610 3336 676 3374 oum
701 3327 778 3375 esset
803 3315 982 3391 hujusmodi,
1036 3335 1105 3373 voce
1115 3314 1485 3393 professus,inmartyrunr
1501 3331 1556 3369 nu·

457 3393 530 3452 adeo
551 3394 692 3470 injustum
710 3395 848 3454 adversus
867 3414 921 3452 nos
933 3395 984 3470 ju·
1034 3414 1145 3452 merum
1171 3393 1281 3452 relatus
1303 3401 1366 3451 est':
1389 3392 1559 3451 Advocatus

458 3472 567 3531 dicium
596 3475 657 3552 pati
681 3495 740 3532 non
764 3474 873 3552 potuit.
924 3472 984 3531 Sed
1035 3473 1152 3549 quidem
1188 3473 1418 3532 Christianorum
1450 3471 1559 3548 judicis
1571 3492 1609 3532 20

457 3551 658 3629 indignatione
672 3563 843 3618 commotus,
855 3551 984 3630 postula-
1035 3552 1130 3629 elogio
1141 3551 1324 3630 appellatus3
1342 3552 1450 3611 habens
1460 3562 1557 3609 autem

457 3631 501 3690 vit
515 3642 549 3689 at
560 3632 614 3691 sibi
626 3652 742 3709 quoque
752 3632 853 3690 liceret
849 3652 917 3769 Εητο
925 3631 983 3687 fra-
1035 3631 1065 3688 in
1090 3631 1185 3708 seipso
1208 3630 1392 3690 Advocatum
1415 3631 1559 3709 Spiritum

458 3710 552 3770 tribus
574 3732 689 3771 oausam
708 3712 848 3790 dioerep
877 3729 982 3787 amque
1033 3710 1557 3787 sanctummultoabundantiusquam

458 3791 699 3857 ostendereaihss
710 3791 850 3872 apadnos
859 3790 981 3869 impium
1033 3789 1211 3848 Zacharias.'
1243 3790 1340 3860 Quem
1364 3790 1481 3868 quidem
1511 3810 1559 3848 oa·

458 3882 509 3930 aat
520 3871 714 3952 irreligiosum
724 3871 854 3951 reperiri.
873 3870 982 3930 Verum
1033 3868 1129 3928 ritatis
1163 3869 1353 3928 exuberantia
1391 3869 1558 3937 declaravit,
1570 3894 1606 3952 25

458 3972 524 4012 oum
556 3952 600 4010 ilii
634 3954 684 4031 qui
717 3953 825 4012 circum
855 3948 984 4011 tribunal
1034 3950 1143 4028 quippe
1163 3950 1213 4026 qui
1233 3948 1405 4008 sustinuerit
1426 3970 1480 4028 pro
1500 3950 1560 4007 fra-

457 4031 620 4102 adstabant‚
640 4034 778 4094 adversus
802 4053 869 4091 eum
894 4030 983 4089 incia·
1035 4040 1113 4088 trum
1128 4028 1297 4087 defensione
1307 4030 1394 4087 morti
1405 4040 1497 4087 semet
1507 4029 1560 4087 ob·

457 4125 584 4172 mussent
602 4118 678 4187 (erat
692 4115 800 4193 quippe
819 4112 895 4171 inter
914 4130 983 4169 suos
1029 4109 1130 4186 jioere.
1175 4109 1247 4167 Fuit
1271 4108 1400 4167 enimet
1425 4119 1470 4167 est
1491 4129 1558 4187 ger-

458 4192 565 4263 clarus)
588 4205 618 4253 et
644 4194 755 4253 Praeses
779 4193 841 4273 ipse
863 4191 981 4272 petitio·
1033 4209 1136 4248 manus
1145 4189 1254 4247 Christi
1264 4188 1560 4280 discipulussequens

457 4293 524 4332 nem
556 4273 663 4352 alioqui
689 4274 879 4351 justissimam
907 4290 982 4349 oegre
1033 4289 1140 4348 agnum
1154 4272 1404 4348 ηιιοιιιπηιιιιιτὶί.
1569 4294 1610 4352 30

457 4352 557 4419 ferret,
573 4353 661 4431 idque
684 4374 774 4412 unum
794 4374 831 4411 ex
850 4373 885 4411 eo
902 4370 981 4429 quae·
1074 4349 1104 4407 4.
1128 4348 1246 4407 Exinde
1263 4348 1350 4406 etiam
1380 4347 1485 4424 reliqui
1513 4346 1558 4405 di·

457 4444 535 4491 reret
565 4446 679 4493 essetne
705 4434 905 4492 Christianus:
933 4431 984 4489 ille
1034 4429 1132 4507 gnosei
1149 4448 1182 4487 ac
1196 4427 1336 4505 distingui
1351 4448 1475 4506 coepere.
1519 4429 1559 4487 Et

458 4511 654 4571 Christianum
684 4535 714 4573 se
738 4534 800 4571 esse
824 4512 982 4571 clarissima
1032 4509 1159 4588 prompti
1174 4508 1291 4586 quidem
1311 4507 1454 4586 separati
1475 4519 1559 4567 erant

576 4734 588 4763 ς
607 4724 666 4772 huc.
678 4724 694 4771 i.
708 4723 746 4784 ⁶7.
880 4724 894 4761 d
912 4723 985 4770 Joan.
998 4736 1038 4768 xv.
1056 4734 1092 4781 13.
1227 4729 1239 4758 θ
1257 4719 1396 4782 Apooniv.
1410 4732 1434 4777 4.
