3809 5650
620 676 670 740 IN
692 678 959 744 ARISTONEM
983 678 1232 742 PELLAEUM.
1441 677 1505 745 109

403 843 578 927 disputatio
594 845 708 910 Graeoe
723 846 861 929 seripts3
882 867 940 909 nee
961 851 1122 931 superstes
1143 851 1193 909 est
1216 844 1335 908 Latine
1356 844 1458 909 versio
1480 865 1501 908 a

403 942 495 1007 celso
515 942 687 1021 elaborate,
704 944 760 1007 sed
779 945 847 1010 sols
869 945 937 1029 ejus
960 945 1105 1030 praefetio
1127 946 1212 1009 inter
1233 943 1383 1029 Cypriani
1406 965 1503 1028 opera

402 1043 557 1107 habetur:
582 1044 656 1123 Quis
670 1044 803 1129 quotibet
824 1046 928 1110 Celsus
950 1047 1003 1111 ille
1016 1047 1123 1131 suerit
1142 1067 1202 1109 ooo
1223 1055 1345 1123 condat
1361 1045 1408 1109 ait
1430 1046 1503 1108 doe·

403 1145 544 1208 tissimus
570 1144 612 1208 D.
639 1145 755 1209 Gavius
778 1169 808 1230 p.
835 1166 888 1230 34.
919 1145 1073 1210 Historiae
1111 1145 1285 1209 Litersriae.
1344 1144 1503 1228 Equidem
1603 1204 1613 1216 ,

403 1244 529 1309 Celsum
560 1245 732 1309 leonieusis
763 1245 913 1310 Ecclesiae
943 1247 1110 1331 praesulem
1144 1246 1212 1308 See.
1243 1244 1285 1307 iii.
1316 1244 1503 1308 Alexander

404 1345 581 1430 Episeopus
611 1345 921 1429 Hierosolymitsnus
947 1354 981 1410 et
1007 1345 1211 1410 Theoetistus
1238 1344 1443 1409 Caesarieusis
1468 1344 1502 1407 in

403 1443 550 1528 Epistola
569 1445 611 1508 ad
633 1444 832 1509 Demetrium
847 1446 1114 1522 Alexandrinum,
1134 1445 1306 1510 laudarunt
1328 1445 1415 1529 opud
1438 1444 1503 1508 Eu·

403 1544 525 1607 sebium
544 1545 598 1608 lib.
617 1545 659 1608 vi.
676 1545 765 1610 Hist.
781 1545 867 1610 Eoel.
883 1568 952 1630 esp.
973 1567 1023 1631 19.
1068 1546 1132 1610 Sed
1152 1567 1195 1610 en
1215 1546 1242 1609 is
1261 1546 1313 1609 ille
1335 1546 1440 1622 fuerit,
1456 1545 1502 1608 in·

402 1653 525 1708 eertum
539 1651 606 1708 est:
622 1652 745 1708 eertum
759 1653 877 1723 sutem,
894 1647 980 1730 quod
995 1647 1079 1711 ciros.
1092 1647 1204 1710 eadem
1218 1652 1365 1731 tempore
1376 1645 1501 1722 vixerit,

402 1744 558 1827 siquidem
579 1768 616 1810 es
631 1746 782 1830 plurimis
800 1748 999 1831 proesotiomb
1022 1747 1093 1811 loeis
1116 1746 1219 1831 tiqoet,
1245 1767 1313 1810 eom
1339 1744 1503 1830 messes

402 1846 502 1910 oddus
515 1849 757 1932 pensastimstm
778 1847 965 1932 torporibus,
985 1857 1012 1912 et
1033 1857 1103 1913 eote
1124 1856 1289 1932 incoeptos
1309 1845 1348 1910 ab
1362 1847 1502 1929 Impar-or

401 1945 515 2011 eribo
528 1947 624 2030 fidem
647 1948 856 2012 Christianam
873 1948 1036 2033 serpsisse,
1052 1969 1123 2032 quse
1138 1949 1181 2010 D.
1197 1946 1284 2011 Gavii
1307 1946 1377 2010 loeo
1400 1946 1502 2010 eitsto

402 2054 476 2111 sunt
490 2047 595 2110 verbs.
640 2047 762 2127 Quibus
776 2048 861 2111 oddo
878 2046 1030 2110 Otristm
1045 2068 1066 2110 o
1080 2046 1171 2111 Oelso
1186 2046 1340 2130 Spiritum
1357 2046 1502 2109 Saootosn

402 2146 533 2225 dietum,
563 2147 672 2231 phrasi
701 2147 811 2232 primis
840 2146 969 2230 quidem
1003 2146 1115 2211 seeulis
1143 2151 1308 2231 usurpato,
1338 2146 1395 2210 sed
1427 2151 1502 2229 post

401 2249 544 2327 tertium,
560 2256 594 2314 et
608 2256 754 2313 exortem
769 2248 841 2312 Arii
856 2248 991 2314 haeresin
1005 2249 1058 2313 vix
1071 2248 1192 2327 audite.
1235 2247 1383 2311 (isumus.
1428 2246 1502 2311 Non

400 2349 580 2434 oportuisse
596 2348 630 2412 in
643 2348 771 2413 homine
786 2350 899 2413 Graeeo
913 2347 1120 2434 interpretem
1136 2346 1287 2412 Latinum
1298 2347 1408 2431 quaeri,
1420 2347 1501 2411 bene

402 2457 495 2514 notat
513 2450 700 2515 Gnllsndius
718 2451 751 2513 in
774 2450 920 2535 Prolegg.
936 2457 1014 2513 tom.
1030 2450 1069 2513 iv.
1085 2448 1280 2514 Bittiotteeae
1295 2449 1369 2511 ΡΡ.
1384 2470 1417 2531 p.
1434 2447 1499 2512 xix.

403 2549 437 2614 Is
465 2550 549 2614 euim
579 2550 665 2614 Celsi
695 2553 918 2635 Proesationem
943 2552 977 2615 in
1002 2551 1188 2616 nubum
1212 2573 1271 2616 sus
1295 2551 1501 2635 repetendam

401 2650 544 2726 curavit3
557 2650 772 2736 vigiliumque
783 2651 977 2737 episcopum,
990 2653 1033 2716 sd
1044 2673 1138 2735 quem
1149 2651 1259 2716 Celsus
1270 2651 1397 2735 scripsit
1410 2672 1501 2735 opus,

403 2751 553 2837 vigilium
568 2749 778 2837 Topsitnnum
798 2752 980 2838 episeopum
1002 2752 1098 2817 fuisse
1117 2753 1262 2838 eonjeeit,
1279 2751 1332 2837 qui
1352 2758 1502 2837 vergente

401 2853 444 2916 sd
458 2851 554 2915 finem
568 2853 682 2916 saeeulo
695 2854 817 2937 quinto,
830 2853 1096 2938 soevientibusque
1107 2854 1140 2917 in
1151 2853 1347 2918 orthodoxos
1359 2854 1501 2931 Arianis,

402 2949 491 3014 vixit.
508 2951 599 3031 Quod
615 2951 642 3014 si
656 2973 764 3015 verum
776 2960 835 3029 est,
848 2953 906 3030 vel,
917 2953 1024 3017 sieum
1035 2953 1187 3027 Pemelio,
1198 2959 1235 3017 et
1244 2952 1450 3018 dissentiente
1459 2954 1502 3018 sb

399 3072 441 3115 eo
451 3051 589 3115 Msrsno
603 3051 637 3114 in
656 3053 729 3116 Vita
746 3054 897 3138 Cypstmsi
913 3056 943 3135 ς.
955 3057 1009 3139 36.
1023 3053 1155 3138 Vigiiius
1166 3053 1372 3118 Tridentinus
1383 3053 1501 3137 episeo-

401 3174 463 3235 pus
477 3152 718 3217 substituendus
733 3161 792 3230 est,
808 3154 895 3217 hsud
909 3153 986 3218 sinit
1001 3154 1221 3238 praefationem
1236 3154 1329 3218 istem
1343 3155 1502 3219 recentior

401 3259 483 3316 oetss
508 3251 577 3335 ejus
600 3251 688 3316 intre
711 3252 877 3316 institutos
891 3252 997 3337 operis
1015 3252 1077 3317 mei
1096 3252 1212 3317 limites
1232 3252 1392 3329 concludi3
1417 3253 1501 3317 edde

402 3354 487 3436 quod
503 3352 650 3416 omnibus
665 3351 757 3416 fseile
773 3352 902 3416 obvium
916 3360 967 3418 est
981 3353 1167 3438 opuseulum
1181 3354 1213 3417 in
1229 3355 1263 3418 S.
1277 3353 1501 3438 Cyprianiedi-

400 3451 541 3516 tionibus
556 3451 714 3537 plerisque
728 3452 875 3536 positum.

445 3554 529 3618 Ibid.
556 3554 577 3616 l.
600 3574 632 3637 3.
680 3553 762 3617 Illud
788 3554 977 3639 praeelarum
1006 3556 1078 3638 tre]
1107 3557 1230 3621 Looum
1258 3556 1306 3621 sit
1329 3555 1500 3632 Pamelius‚

402 3654 559 3738 Cypriani
573 3653 687 3726 editor,
701 3654 848 3718 mutilum
858 3654 967 3719 videri.
992 3655 1139 3739 Amplius
1151 3656 1385 3720 deliberandum
1400 3662 1498 3739 puto;

401 3752 552 3836 quonism
565 3759 680 3816 nuotor
693 3753 829 3818 sortasse
844 3755 943 3821 voluit
958 3755 1120 3821 subaudiri
1136 3757 1267 3821 verbum
1281 3777 1339 3821 esse
1353 3777 1425 3820 eum
1439 3756 1500 3820 illis

397 3853 546 3919 musam
559 3860 593 3917 et
608 3854 768 3920 mocon.
