3809 5650
530 672 580 736 IN
602 671 866 739 FRAGMENT.
892 671 1075 738 INOERTI
1101 669 1372 736 SCRIPTORIS.
1439 671 1503 735 417

399 850 421 883 “
436 849 551 906 eontra
565 841 733 927 epistolam
746 841 788 905 ed
805 840 962 906 Hebraeos
976 847 1076 917 mota,
1090 841 1176 926 apud
1191 840 1346 924 quosdam
1361 846 1503 902 veterum

399 951 420 981 “
434 944 559 1028 pondus
572 940 763 1025 aeoeperint,
777 949 970 1027 praetensum
985 942 1046 1006 hoe
1061 942 1181 1006 numeri
1196 939 1367 1025 septenarii
1387 947 1504 1024 myste-

399 1052 421 1084 “
435 1044 530 1120 rium,
544 1065 639 1128 quem
658 1043 743 1107 eirea
763 1042 911 1108 eeclesias
931 1045 1069 1127 adquae
1088 1044 1208 1108 Paulus
1230 1041 1402 1126 scripserit,
1418 1039 1504 1103 omni

332 1209 337 1219 ,
399 1154 421 1185 ‘⁴
437 1145 532 1208 modo
546 1144 705 1226 integrum
720 1164 845 1205 servare
862 1142 1023 1218 volebant,
1039 1142 1146 1206 fuisse.
1190 1141 1285 1205 Unde
1300 1161 1425 1226 quoque
1439 1139 1503 1214 ulii,

400 1253 421 1283 ‘¹
437 1245 491 1329 qui
511 1245 550 1308 de
565 1243 700 1328 epistola
720 1245 763 1306 ad
784 1242 941 1307 Hebraeos
964 1265 1027 1307 non
1042 1244 1245 1319 dubitabant,
1262 1263 1301 1306 ne
1321 1242 1505 1305 viderentur

400 1345 622 1431 “mysterium
651 1344 773 1408 numeri
799 1343 970 1426 septenarii
997 1342 1166 1428 negligere,
1194 1342 1298 1407 dieere
1324 1341 1505 1405 maluerunt

400 1457 423 1488 ‘⁴
439 1446 576 1511 Paulum
590 1444 635 1508 lia
647 1454 767 1530 septem,
782 1466 879 1529 quum
894 1466 967 1508 enm
982 1443 1223 1528 quatuordeeim
1238 1442 1389 1528 epistolas
1408 1441 1505 1525 serip-

399 1556 420 1586 “
435 1547 544 1612 sisse.”
582 1548 663 1610 Hoee
687 1545 861 1609 Stosehius.
906 1545 966 1609 Ait
994 1543 1202 1608 Freindaller.
1229 1542 1386 1606 “ideireo
1410 1541 1504 1628 forte,

401 1657 423 1688 ‘⁴
438 1671 478 1713 ne
500 1668 646 1711 exeessus
665 1667 831 1710 numerum
848 1646 944 1709 istum
965 1645 1150 1723 offenderet,
1172 1644 1351 1729 Epistolam
1372 1643 1413 1708 ad
1440 1642 1506 1704 He-

401 1760 423 1790 “
439 1750 542 1813 braeos
567 1747 718 1811 omissam
745 1746 887 1831 reperiri.
932 1748 1069 1810 Poterat
1095 1747 1220 1810 isthanc
1248 1767 1354 1830 porro,
1380 1743 1504 1808 etiamsi

400 1861 423 1891 ‘⁴
438 1872 510 1915 eam
525 1850 628 1914 Paulo
641 1849 809 1925 tribueret,
826 1849 886 1911 hoo
900 1847 970 1911 loeo
985 1844 1300 1911 ineommemoratam
1309 1846 1384 1931 jure
1399 1844 1506 1908 dimit·

399 1959 422 1991 “
437 1961 525 2024 tere;
547 1973 586 2015 eo
601 1951 686 2034 quod
702 1948 844 2024 Hebraei,
860 1949 924 2012 sive
936 1949 960 2010 J
962 1948 1252 2024 udaeo-(lhristiani,
1264 1949 1306 2013 ed
1319 1968 1398 2031 quos
1409 1945 1506 2008 missa

400 2061 423 2092 “
435 2061 495 2129 est,
510 2050 603 2115 mixti
618 2050 746 2135 quidem
757 2049 888 2132 singulis
900 2049 1181 2113 communitatibus
1192 2056 1310 2127 essent,
1322 2069 1386 2111 non
1396 2054 1506 2110 tamen

401 2161 423 2193 “
438 2153 599 2238 propriam
626 2151 890 2215 eonstituerunt.”
936 2150 990 2214 Sie
1015 2151 1165 2215 disseruit
1190 2151 1252 2215 ille.
1300 2150 1349 2216 At
1375 2169 1506 2234 prorsus

399 2254 528 2318 exclusa
542 2274 562 2317 a
576 2274 697 2316 canone
714 2252 783 2316 haee
798 2252 934 2336 epistola
952 2252 995 2316 ab
1013 2253 1072 2317 hoe
1093 2260 1225 2317 auctore
1239 2251 1375 2327 videtur,
1391 2248 1506 2313 eeteris

402 2354 494 2418 Pauli
509 2353 655 2417 omnibus
674 2353 769 2417 abeo
784 2353 976 2428 nominatis;
1002 2355 1041 2418 de
1057 2377 1095 2420 eu
1110 2362 1219 2419 tamen
1235 2353 1305 2439 ipsa
1319 2352 1390 2438 plus
1413 2351 1504 2414 infra.

400 2456 501 2519 Reete
515 2477 590 2518 vero
605 2453 729 2518 monuit
744 2453 951 2518 Freindaller.
967 2455 1118 2538 epistolas
1129 2454 1377 2540 Apoealyptieas
1392 2452 1506 2517 saeeulo

400 2557 539 2622 seeundo
557 2557 626 2639 jam
649 2555 776 2618 habitas
798 2555 893 2618 fnisse
915 2554 1088 2632 sartorem,
1110 2556 1143 2619 id
1165 2565 1226 2633 est,
1249 2557 1342 2630 tales,
1367 2577 1438 2639 quae
1463 2554 1505 2617 ad

400 2657 580 2721 nniversam
604 2658 708 2738 (ὅλην)
732 2655 895 2718 ecelesiam
915 2656 1044 2719 direetae
1066 2656 1195 2719 fuerint.
1238 2653 1436 2742 Septiformis
1457 2675 1506 2716 ee-

399 2758 496 2822 olesia
511 2757 628 2821 dieitur
646 2757 688 2819 ab
704 2756 826 2841 Optato
846 2755 879 2819 in
898 2756 954 2820 lib.
966 2756 999 2821 ii.
1021 2758 1069 2820 De
1084 2757 1249 2821 aetenam
1262 2755 1415 2819 Dorotiet.
1432 2776 1501 2839 eap.

399 2861 443 2924 iii.
459 2882 532 2946 pag.
543 2879 595 2943 93.
611 2859 661 2921 ed.
679 2857 797 2942 Dupin.
842 2858 893 2923 Ut
908 2880 982 2922 vero
1002 2859 1087 2922 loeos
1103 2858 1251 2923 omittam
1272 2858 1407 2922 aliorum
1422 2863 1506 2921 vete·

358 3040 368 3058 .
399 2983 471 3025 rum
496 2961 699 3044 scriptorum,
721 2960 775 3044 qui
798 2982 870 3023 cum
892 2960 1076 3046 Augustino
1098 2960 1131 3024 in
1152 2959 1207 3024 lib.
1225 2960 1277 3023 vii.
1304 2960 1352 3022 De
1376 2958 1507 3021 Oieitete

399 3063 464 3126 Dei
477 3084 546 3145 eap.
557 3082 588 3140 4.
604 3068 761 3136 statuunt,
777 3083 903 3124 numero
916 3063 1085 3146 reptemerio
1100 3061 1253 3125 universae
1271 3060 1399 3125 eeclesiae
1412 3058 1507 3143 aipei-

389 3165 522 3245 Jieatem
535 3184 592 3226 esee
599 3163 825 3246 perfectiorem,
842 3163 902 3226 hoo
917 3168 1045 3227 tantum
1060 3163 1192 3239 notabo,
1205 3162 1229 3225 J
1231 3184 1320 3225 esum
1332 3159 1505 3235 Christum,

400 3262 455 3347 qui
470 3263 503 3326 in
518 3262 658 3325 omnium
678 3262 899 3347 proculdubio
918 3263 1122 3328 eeclesiarum
1142 3262 1247 3327 medio
1267 3270 1421 3347 perpetuo
1436 3280 1506 3325 ver·
1607 3313 1610 3318 .

399 3370 501 3439 satur,
517 3364 550 3426 in
564 3363 668 3426 medio
682 3373 793 3450 septem
805 3365 1077 3443 candelabrorum,
1093 3366 1123 3429 h.
1134 3387 1161 3429 e.
1177 3364 1389 3441 eeclesiarum,
1406 3362 1507 3427 visum

399 3486 469 3529 esse
486 3487 507 3528 a
527 3465 655 3529 Joanne
675 3465 709 3529 ia
724 3467 922 3553 Apoeelppei,
947 3490 1015 3552 esp.
1031 3467 1052 3530 i.
1077 3488 1189 3531 eornm.
1209 3488 1258 3552 13.
1297 3465 1375 3531 Jem
1398 3473 1508 3530 autem

399 3567 561 3631 afferenda
575 3567 652 3629 mihi
673 3576 748 3633 sunt
762 3570 854 3633 valde
875 3569 983 3633 affinis
1003 3569 1076 3634 huie
1096 3576 1206 3634 nostro
1222 3569 1419 3653 Fragmento
1439 3567 1508 3630 Vie-

399 3668 497 3733 torini
512 3669 618 3745 verba,
636 3691 706 3753 quae
722 3693 762 3734 ex
778 3670 1048 3735 coementariam
1062 3671 1281 3757 Apoeeippeim
1296 3670 1325 3733 ei
1344 3670 1507 3753 adscripto

399 3770 569 3854 desumpsi.
614 3773 657 3834 Irr
683 3781 740 3835 toto
760 3771 826 3835 orbe
847 3783 956 3859 reptem
977 3773 1112 3836 eeclesias
1136 3793 1233 3835 ommes
1257 3792 1325 3841 esee,
1348 3780 1376 3834 et
1400 3778 1507 3854 septem

398 3872 580 3948 nominatos,
604 3894 698 3935 umam
721 3895 779 3936 esse
802 3873 979 3936 catholicam
997 3872 1125 3934 Paullus
1148 3872 1257 3933 deruit.
1302 3871 1348 3932 Et
1366 3870 1506 3955 primum

399 3972 529 4056 quidem,
544 3982 578 4035 et
590 3983 725 4036 servaret
739 3983 766 4037 et
780 3974 845 4057 ipse
859 3983 964 4057 typum
978 3980 1085 4055 septem
1098 3970 1299 4047 ecelesiarum,
1315 3991 1374 4033 ooo
1387 3971 1507 4034 eeeessit

397 4095 566 4136 ramerum.
611 4074 674 4136 Sed
684 4074 809 4159 scripsit
823 4073 869 4136 ad
881 4075 1040 4147 Romanos,
1052 4072 1098 4135 ad
1111 4072 1291 4149 Corinthios,
1307 4072 1354 4136 ed
1366 4070 1507 4147 Galatas,

399 4174 446 4237 ad
458 4171 611 4259 preeiee,
626 4174 671 4237 ed
687 4172 965 4247 Thessalonicenses,
981 4173 1027 4236 ad
1038 4172 1255 4259 Philippenses,
1267 4173 1313 4237 ad
1323 4172 1506 4237 Uoloesemes.

399 4275 505 4338 Postea
519 4274 726 4359 sirpelerilm
736 4275 877 4360 perenis
891 4274 1024 4360 sempsit,
1040 4296 1077 4338 re
1095 4274 1242 4338 eecederet
1260 4274 1381 4338 mestrem
1399 4283 1508 4359 septem

398 4373 601 4436 meleeiemrm.
645 4374 691 4437 Et
716 4375 750 4437 ia
774 4372 859 4438 brevi
882 4373 1057 4438 contrahere
1077 4374 1331 4459 predicationem
1353 4395 1440 4437 errem
1465 4374 1510 4437 ed
1631 4444 1634 4449 ,

383 4474 587 4537 'Tirrrotierrm
601 4475 645 4538 eie
664 4476 720 4550 eit,
739 4474 788 4540 Ut
807 4474 901 4550 seins,
918 4474 1056 4558 qualiter
1073 4475 1190 4539 debeas
1210 4474 1389 4539 conversari
1411 4474 1444 4537 in
1459 4496 1507 4537 eo-

398 4575 494 4639 elesia
524 4576 585 4639 Dei
615 4576 686 4640 vivi.
718 4580 747 4655 (ι
775 4576 857 4639 Tim.
878 4575 922 4639 iii.
947 4578 1011 4662 15.)
1049 4578 1131 4641 Haee
1161 4576 1358 4652 Vietorinus,
1382 4598 1451 4660 esp.
1479 4598 1506 4640 r.

398 4676 560 4761 Denique,
575 4678 651 4742 dum
675 4700 825 4742 numerus
845 4678 896 4741 bio
917 4679 1115 4761 septenarius
1133 4679 1220 4743 inter
1241 4685 1364 4743 veteres
1387 4679 1506 4764 Pytha-

443 4800 510 4842 voa.
528 4801 548 4841 1.
929 4799 986 4862 3¹¹
