3809 5650
472 677 515 739 78
842 677 1194 743 ANNOTATIONES

471 842 596 906 encres
603 846 750 927 perficere
763 865 793 907 se
813 844 928 920 diecret,
943 845 1124 908 adducentes
1142 854 1242 908 antem
1255 867 1366 929 pueros
1387 848 1506 909 lamma
1525 848 1574 932 (id

470 950 521 1007 est
537 943 724 1028 impuberes,
740 945 787 1008 ait
810 946 1020 1025 Mansuetus),
1036 956 1063 1008 et
1082 946 1177 1009 oeulos
1193 947 1364 1011 deludentes
1382 959 1410 1011 et
1424 948 1573 1033 plicatos

469 1055 555 1109 asoto
584 1047 762 1110 ostendentes
791 1047 902 1111 statim
932 1047 1102 1124 cessantia,
1132 1055 1165 1111 et
1195 1070 1235 1111 ne
1261 1049 1387 1131 quidem
1413 1050 1574 1114 stillicidio

470 1147 624 1230 temporis
649 1148 893 1231 perseverantia,
920 1169 979 1212 aon
1002 1149 1078 1212 Jesa
1101 1150 1233 1212 Domino
1256 1160 1353 1213 oestro
1374 1151 1428 1214 sed
1452 1152 1574 1216 Simoni

469 1270 555 1334 maye
569 1249 682 1313 amieo
696 1249 898 1312 ostesdoatur.
942 1249 1099 1313 Conferas
1113 1257 1147 1313 et
1167 1250 1346 1314 Amnobium
1360 1253 1431 1314 odo.
1453 1255 1571 1331 Gentes,

468 1372 489 1412 1.
504 1369 557 1434 43.

513 1452 551 1515 P.
566 1468 616 1535 75.
633 1452 652 1514 l.
667 1471 695 1532 7.
720 1451 749 1514 ot
763 1452 814 1514 οὐκ
830 1451 990 1534 ὤφθησαν]
1014 1451 1119 1515 Abest
1140 1452 1307 1515 relativum
1323 1454 1352 1516 ot
1371 1476 1391 1516 a
1411 1454 1572 1518 codicibus

470 1552 676 1630 Florentinis,
702 1575 780 1637 quos
809 1552 945 1616 contulit
974 1553 1117 1616 «lacobus
1146 1554 1326 1617 Gronovius
1355 1555 1449 1638 idque
1478 1555 1571 1619 facile

467 1656 580 1719 abesse
606 1676 698 1738 posse
723 1654 779 1718 ait.
826 1653 929 1716 Addit
951 1653 1091 1716 codicem
1117 1655 1197 1716 Par.
1215 1655 1234 1717 i.
1257 1656 1430 1718 Burtonus.
1459 1656 1571 1740 Neque

466 1756 612 1842 agnoscit
626 1756 703 1819 illud
719 1755 878 1840 Georgius
894 1754 1057 1838 Syncellus
1072 1755 1104 1818 in
1120 1755 1369 1842 Olroaopsoplia
1379 1779 1437 1820 sua
1451 1779 1482 1841 p.
1494 1759 1568 1838 448.

466 1859 516 1923 ed.
533 1858 631 1923 coar.
648 1857 702 1942 qui
718 1864 751 1920 et
766 1856 897 1920 inferius
911 1856 1010 1920 habet
1026 1859 1075 1920 ἐπὶ
1090 1858 1189 1941 χρόνῳ
1205 1860 1295 1942 ἱκανῷ
1315 1879 1373 1941 pro
1389 1859 1437 1920 ἐπὶ
1457 1861 1570 1940 χρόνον

466 1960 578 2032 ἱκανὸν,
595 1981 670 2023 nam
684 1960 728 2023 ibi
749 1958 962 2042 repetituros
978 1958 1128 2035 Eusebio,
1143 1959 1200 2023 sed
1214 1966 1364 2042 corrupte
1385 1959 1567 2038 admodum,

465 2063 551 2141 ῥῆσις
565 2062 634 2125 haeo
648 2060 790 2125 illustris.

512 2161 596 2224 Ibid.
620 2162 698 2224 ὥστε
724 2163 772 2224 καὶ
795 2163 838 2225 εἰς
862 2160 929 2226 τοὺς
952 2160 1110 2241 ἡμετέρους
1130 2163 1257 2243 χρόνους
1278 2164 1357 2227 τινὲς
1379 2162 1475 2226 αὐτῶν
1497 2165 1568 2244 ἀφί-

466 2262 566 2345 κοντο]
583 2262 680 2326 αὐτῶν
693 2283 714 2325 a
733 2261 904 2346 Nlecploro
923 2261 1025 2325 abest.
1071 2260 1180 2326 Facile
1199 2261 1306 2346 potuit
1326 2260 1468 2325 accidere
1483 2262 1567 2342 Qua·

465 2363 561 2428 drato
589 2363 748 2429 Hadriani
773 2362 971 2445 temporibus
997 2363 1051 2447 qui
1074 2363 1211 2448 scripsit,
1237 2371 1274 2429 ut
1297 2363 1389 2427 simul
1411 2385 1483 2426 cum
1506 2363 1568 2428 illis

465 2464 595 2537 viveret,
612 2486 691 2549 quos
713 2464 865 2529 Servabor
886 2463 1112 2529 hominumve!
1134 2472 1314 2541 sanaverat,
1333 2464 1382 2528 vel
1403 2465 1446 2528 ad
1467 2465 1568 2529 vitam

465 2566 616 2630 divinitus
641 2572 855 2629 revocaverat.
900 2564 1005 2629 Taceo
1035 2567 1075 2629 de
1107 2567 1262 2652 Agrippae
1295 2566 1431 2629 Minoris
1460 2567 1563 2639 annis,

465 2689 529 2752 quo
543 2674 701 2751 prasente
717 2666 837 2731 Paulus
850 2667 1015 2751 apostolus
1030 2689 1159 2734 causam
1174 2667 1267 2741 dixit,
1283 2667 1432 2751 quoniam
1448 2665 1567 2730 Photio

461 2791 505 2833 ex
531 2767 632 2833 Justo
667 2767 835 2834 Tiberiade
870 2775 1001 2833 aetatem
1040 2770 1109 2855 ejus
1143 2768 1404 2833 commemoranti
1434 2767 1466 2831 in
1495 2769 1566 2833 cod.

464 2895 591 2937 xxxrrv.
606 2872 800 2937 Bibliothecae
822 2895 897 2950 suae,
914 2873 1041 2957 plurimi
1062 2873 1121 2936 viri
1141 2872 1258 2936 eruditi
1276 2877 1333 2935 aut
1353 2891 1416 2933 non
1437 2892 1567 2935 cousen-

462 2975 558 3051 tiunt,
574 2982 632 3039 aut
647 2975 762 3039 vitiata
781 2975 877 3039 verba
892 2974 913 3038 J
916 2976 979 3040 usti
1001 2975 1208 3050 existimant;
1231 2974 1286 3036 sed
1301 2972 1450 3056 Cleophae
1470 2972 1565 3049 filius,

463 3076 656 3160 Dominique
668 3076 693 3139 J
695 3098 750 3140 esu
765 3076 902 3140 sortasse
916 3078 1018 3141 irater
1037 3075 1190 3161 patruelis
1210 3082 1267 3139 aut
1282 3074 1500 3150 consobrinus,
1514 3074 1566 3137 hic

460 3183 513 3241 est
537 3177 683 3261 Symeon,
710 3177 942 3263 Hierosolyma
965 3179 1142 3262 episcopus,
1168 3185 1310 3261 repam
1343 3176 1489 3258 Trojano,
1516 3175 1566 3238 aui

463 3276 651 3342 Hadrianus
665 3278 716 3342 ille
739 3280 901 3351 suecessit,
918 3280 1003 3343 cruci
1024 3281 1151 3343 demum
1173 3278 1287 3341 affixus
1310 3283 1369 3341 est.
1409 3276 1449 3338 Id
1464 3276 1567 3340 tradit

464 3377 666 3462 Hegesippus
692 3381 778 3463 apud
802 3379 976 3443 Eusebium
1002 3380 1055 3443 lib.
1072 3380 1115 3443 iii.
1131 3380 1214 3443 Hist.
1239 3401 1265 3442 c.
1277 3396 1329 3462 32.
1375 3378 1477 3439 Porro
1498 3376 1567 3461 ipse

460 3502 588 3564 quoque
615 3481 798 3560 Quadratus
824 3481 917 3543 simul
943 3504 1015 3545 cum
1042 3482 1182 3566 Philippi
1212 3480 1414 3564 evangelista
1440 3478 1566 3544 filiabus

460 3580 605 3644 floruisse
621 3582 736 3645 dicitnr
755 3583 797 3646 ab
813 3583 953 3647 Eusebio
973 3584 1007 3646 in
1022 3606 1090 3668 cap.
1101 3598 1154 3666 37.
1170 3583 1269 3667 ejusd.
1286 3582 1340 3645 lib.
1387 3583 1470 3645 Sane
1490 3603 1566 3646 vero

460 3682 540 3745 nihil
570 3703 696 3746 necesse
725 3684 830 3761 luerit,
862 3685 904 3747 ad
933 3707 1052 3748 annum
1082 3684 1352 3768 septuagesimum
1386 3684 1565 3768 pervenisse

461 3806 595 3869 puerum
610 3786 744 3869 exempli
763 3785 878 3871 gratia,
895 3795 952 3851 aut
976 3786 1125 3872 puellam,
1142 3807 1222 3871 quos
1242 3782 1388 3851 Ohristus
1409 3784 1564 3848 advitam

461 3894 674 3959 revocaverat,
695 3887 722 3950 si
744 3887 798 3951 isti
820 3910 920 3972 usque
940 3891 983 3953 ad
999 3888 1158 3958 Quadrati
1179 3888 1247 3971 jam
1269 3888 1413 3951 adultam
1434 3894 1565 3950 aetatem

460 3989 648 4073 superstites
662 3997 779 4053 essent.
826 3991 877 4052 De
892 3991 1049 4069 Quadrati
1069 3997 1177 4053 autem
1197 3989 1289 4053 annis
1309 3989 1467 4053 monuisse
1482 4010 1565 4052 nunc

460 4090 552 4154 video
576 4091 785 4156 Pearsoninm
810 4094 866 4177 op.
883 4093 1048 4167 Postumis,
1071 4092 1155 4155 Dias.
1172 4092 1204 4155 ii.
1229 4111 1322 4175 c.15.
1346 4114 1378 4176 p.
1397 4089 1470 4169 284.
1493 4112 1564 4175 quae

460 4202 654 4275 sequuntur;
681 4195 897 4275 “Quadratus
916 4193 979 4269 ille,
999 4193 1216 4277 apostolorum
1234 4191 1417 4276 discipulus,
1433 4191 1474 4255 ab
1495 4190 1563 4253 Eu-

461 4300 483 4330 “
499 4294 586 4357 sebio
601 4294 718 4359 dicitur
737 4317 784 4359 10.
802 4294 971 4371 Hadriani,
987 4295 1047 4359 hoc
1062 4302 1112 4358 est
1127 4295 1246 4359 Christi
1264 4311 1331 4373 127.
1348 4315 1442 4367 anno,
1458 4291 1563 4376 apolo-

461 4402 482 4431 “
497 4394 583 4477 giam
605 4396 767 4473 obtulisse,
792 4404 825 4461 et
847 4419 886 4460 ex
910 4398 950 4460 iis
972 4398 1076 4460 vorbis
1092 4396 1147 4482 (ab
1172 4396 1312 4459 Eusebio
1333 4394 1454 4479 allatis)
1476 4394 1562 4457 anti·

461 4495 654 4576 “quitatem
692 4520 781 4561 suam
817 4498 1015 4570 ostendisse;
1063 4519 1161 4581 quare
1199 4498 1252 4559 diu
1289 4506 1365 4559 aute
1400 4496 1564 4580 imperium

462 4600 482 4630 “
499 4594 667 4672 Hadriani,
693 4597 757 4660 imo
783 4599 837 4660 din
861 4605 937 4661 ante
964 4599 1086 4663 obitum
1110 4599 1142 4661 S.
1154 4598 1302 4675 Joannis,
1328 4620 1383 4661 eos
1402 4598 1561 4677 (sanatos)

375 4761 382 4770 ,
460 4705 480 4732 “
496 4697 602 4761 videre
617 4720 683 4781 prae
698 4705 796 4763 aetate
811 4699 946 4783 potuit.”
