3809 5650
555 1404 945 1504 ARISTONIS
988 1406 1296 1526 PELLAEI,

381 1666 466 1743 QUI
483 1667 718 1732 CIRCITER
736 1668 936 1733 MEDIUM
954 1671 1197 1737 SAECULUM
1214 1675 1478 1741 SECUNDUM

818 1796 1048 1875 FLORUIT‚

742 2029 1119 2104 FRAGMENTA.

820 2319 1036 2354 ..ψη

907 2576 948 2616 ux

557 2689 853 2749 DISPUTATIONE
873 2691 1043 2751 JASONIS
1064 2694 1115 2751 ET
1135 2694 1299 2753 PAPlSCl.

420 2846 546 2906 Memini
567 2865 614 2905 me
637 2854 737 2927 (inquit
761 2853 790 2908 S.
811 2852 922 2907 Hieron.
946 2852 994 2908 lib.
1019 2854 1046 2908 ii.
1068 2853 1163 2908 Oomm.
1184 2856 1221 2909 ad
1246 2857 1335 2910 aaut.
1360 2874 1418 2928 cup.
1440 2859 1478 2914 iii.

378 2976 477 3014 comm.
492 2958 546 3030 13·)
558 2952 589 3009 in
606 2951 794 3010 altereatione
811 2949 929 3008 Jnsonis
946 2960 977 3007 et
995 2949 1121 3029 Pupieni,
1140 2970 1206 3028 quae
1225 2950 1329 3010 Graeco
1346 2973 1478 3013 sermone

379 3072 540 3150 conscripta
560 3081 614 3138 est,
636 3072 678 3129 ita
698 3071 859 3151 reperisse:
887 3056 1058 3158 Λοιδορία
1076 3059 1172 3134 θεοῦ
1190 3057 1210 3133 ὁ
1230 3055 1476 3159 κρεμάμενος“,

336 3187 409 3246 10id
430 3198 484 3253 est,
509 3186 698 3251 Maledictio
722 3187 783 3252 Dei
808 3187 861 3272 qui
883 3208 1043 3273 appensus
1069 3194 1130 3253 est.
1175 3204 1205 3259 P.
1224 3218 1284 3275 259.
1300 3211 1366 3259 tom.
1383 3204 1418 3259 iv.
1435 3204 1477 3260 eu

379 3294 537 3361 Martinnaei,
550 3313 598 3351 seu
611 3296 777 3352 Benedictin.

811 3495 1039 3524 —Q—

783 3675 837 3739 Eo
850 3675 948 3740 eodem
965 3676 1070 3761 Opere.

414 3808 489 3865 Idem
509 3827 615 3882 quoque
637 3810 667 3866 S.
682 3810 863 3883 Hieronymus
884 3813 913 3866 in
936 3812 1125 3871 messoribus
1144 3812 1283 3866 Hebraicis
1305 3813 1334 3866 io
1357 3811 1476 3877 Genesim

377 3920 441 3966 tom.
454 3913 482 3967 ii.
497 3913 548 3984 op.
560 3931 587 3984 p.
600 3928 661 3985 507.
674 3914 732 3969 haec
743 3915 841 3972 habet:
859 3910 892 3965 ln
910 3911 1046 3986 principio
1058 3908 1133 3984 fecit
1154 3910 1230 3965 Deus
1250 3909 1345 3966 coelum
1370 3916 1397 3965 et
1419 3917 1475 3964 ter·

333 4025 366 4082 15
377 4028 446 4067 rom.
490 4009 629 4087 Plerique
643 4010 819 4080 existimant,
838 4013 914 4071 sicut
931 4013 962 4070 in
981 4012 1170 4072 altereatione
1183 4031 1300 4089 quoque
1313 4011 1431 4070 Jssonis
1444 4022 1475 4069 et

377 4112 488 4192 Papisoi
516 4114 656 4190 scriptum
681 4125 736 4182 est,
764 4127 794 4174 et
817 4116 1021 4175 Tertullianus
1046 4115 1076 4172 in
1105 4114 1180 4171 libro
1208 4123 1310 4171 contre
1333 4113 1474 4171 Prsxeum

376 4216 516 4297 disputat,
531 4238 585 4277 nec
599 4239 657 4276 non
671 4218 803 4279 Hilarius
817 4220 846 4277 in
859 4218 1043 4298 expositione
1057 4216 1208 4294 cujusdem
1219 4215 1326 4274 Psalmi
1341 4216 1474 4283 affirmet,

376 4325 406 4383 in
429 4327 555 4386 Hebraeo
575 4327 696 4385 haberi:
734 4320 773 4382 In
804 4320 886 4384 Filio
914 4319 990 4384 lecit
1019 4319 1109 4382 Deus
1139 4317 1254 4381 ooelum
1282 4323 1315 4381 et
1343 4324 1474 4382 terrum·

375 4429 464 4500 Quod
479 4431 584 4491 fulsum
599 4451 671 4498 esee,
687 4431 778 4510 ipsius
792 4433 834 4490 rei
849 4432 957 4491 veritus
971 4431 1148 4507 comprobet.

790 4669 804 4698 ι
822 4660 895 4707 Deire
910 4660 961 4709 xxi.
974 4673 1013 4718 υ,
1027 4674 1066 4720 ²3·
