3809 5650
395 683 461 750 266
766 682 1124 747 ANNOTATIONES

395 849 537 914 tissimus
551 848 575 911 J
576 871 624 912 ac.
637 848 859 926 Rhenierdius,
870 871 966 932 quam
980 870 1078 932 supra
1091 847 1205 912 videsis
1220 868 1295 931 pag.
1308 862 1379 929 225.
1410 844 1501 907 Dum

395 970 470 1012 vero
480 949 564 1011 idern
576 948 624 1011 vir
634 949 672 1011 cl.
685 970 705 1011 a
717 948 896 1031 Nicephcro
911 956 1006 1032 putat
1017 969 1125 1010 vocem
1138 948 1329 1025 Μασβόθεος
1342 945 1500 1008 insertam

396 1049 502 1122 fuisse,
519 1070 590 1112 curn
605 1049 726 1111 videret
743 1048 936 1131 reliquarum
958 1047 1125 1111 haeresium
1145 1045 1264 1130 primos
1282 1052 1431 1107 auctores
1445 1044 1500 1107 hic

395 1149 562 1221 recenseri,
581 1171 601 1213 a
617 1150 730 1233 quibus
751 1148 813 1212 illae
833 1170 947 1212 nornen
967 1150 1128 1223 ducerent,
1144 1147 1216 1210 huie
1236 1145 1403 1230 suspicioni
1427 1145 1501 1228 ejus

395 1251 435 1312 de
456 1249 636 1332 Nicephcro
653 1247 822 1331 plurimum
837 1248 1025 1310 adversatur
1040 1244 1170 1307 Eusebii
1186 1243 1355 1306 Rufinians
1372 1243 1498 1325 Interp.

396 1351 426 1414 N
428 1349 566 1433 ioephori
577 1356 708 1412 aetatem
718 1347 811 1431 longe
823 1368 986 1430 superans.
1025 1344 1106 1408 Haec
1117 1345 1216 1428 igitur
1225 1344 1259 1406 in
1269 1351 1395 1406 textum
1407 1341 1498 1404 Stro-

395 1451 499 1514 thium
514 1457 641 1513 secutus
655 1447 770 1531 recepi,
786 1448 870 1531 quod
886 1453 919 1509 et
931 1446 1155 1508 Zimmermsn.
1168 1465 1240 1507 cum
1253 1445 1398 1506 Burtono
1413 1462 1499 1503 nunc

395 1551 486 1614 video
509 1550 688 1633 nuperrime
711 1548 831 1610 iecisse.
886 1548 1068 1623 Μασβόθεοι
1096 1545 1195 1608 habet
1213 1545 1289 1607 Mu.
1314 1543 1414 1606 Socii.
1440 1563 1497 1604 seu

395 1651 487 1713 Bodl.
504 1650 647 1729 Γορθηνοὶ
662 1669 720 1731 pro
735 1647 902 1728 Γορθηωνοὶ
921 1646 993 1709 MS.
1014 1644 1153 1727 Norjble.
1169 1645 1325 1725 Γορθαινοὶ
1346 1641 1498 1726 Scaligeri

396 1752 469 1814 MS.
488 1750 551 1814 alia
574 1770 681 1812 manu.
729 1747 813 1810 Illud
837 1746 1001 1825 Γοραθηνοὶ
1025 1744 1058 1807 ἰιι
1080 1745 1220 1808 editione
1244 1765 1302 1806 sua
1332 1742 1497 1806 Strothius

395 1850 572 1914 substituit.
595 1849 641 1912 Et
655 1849 819 1927 Γοραθηνοὶ
838 1854 912 1931 post
931 1845 1111 1909 Strothium
1130 1852 1164 1909 et
1178 1866 1218 1908 ex
1232 1843 1374 1927 pluribus
1390 1843 1499 1905 MStis

395 1951 516 2035 recepit
529 1951 702 2025 Burtonus,
718 1969 811 2033 quem
832 1949 958 2031 quidem
973 1945 1023 2009 hic
1038 1954 1165 2009 secutus
1186 1967 1264 2021 sum,
1281 1945 1363 2007 sicut
1386 1950 1497 2018 antea

396 2052 472 2114 dum
488 2052 679 2129 Μασβῶθεος
693 2055 727 2113 et
746 2053 959 2126 Μασβωθαΐοι,
975 2047 1059 2129 quod
1078 2054 1111 2110 et
1126 2067 1222 2130 supra
1237 2045 1335 2108 habes
1349 2045 1382 2106 iu
1400 2044 1496 2105 Num.

403 2173 428 2213 ι.
444 2173 503 2235 pro
520 2154 727 2227 Μασβωθαῖος
739 2156 773 2212 et
789 2150 1016 2224 Μασβωθεανοὶ
1030 2147 1143 2231 recepi.

440 2251 478 2311 P.
493 2251 566 2311 216.
580 2248 601 2309 l.
611 2269 642 2327 4.
658 2246 717 2309 dud
728 2248 839 2309 τούτων
849 2249 1134 2329 Μενανδριανισταὶ]
1143 2244 1240 2310 Ὅθεν
1249 2252 1326 2309 ante
1337 2245 1396 2308 ἆπό
1405 2244 1496 2307 deest

395 2346 428 2407 in
440 2345 547 2408 codice
562 2344 663 2428 Regio
678 2353 711 2407 ct
726 2345 811 2429 apud
824 2344 1049 2428 Nicephorum,
1059 2345 1177 2408 rectius
1192 2345 1259 2407 sine
1271 2345 1379 2407 dubio.
1403 2345 1497 2407 Goto-

396 2467 467 2507 rum
487 2446 521 2508 in
541 2446 648 2508 codice
663 2446 750 2507 Mas.
767 2445 857 2507 Med.
872 2453 905 2508 et
922 2444 1004 2507 Fuk.
1020 2467 1079 2529 pro
1100 2444 1384 2508 Menandrianistis
1399 2443 1497 2526 scrip-

397 2553 466 2608 tum
490 2554 540 2609 est
554 2546 766 2624 Ἀδριανισταί·
783 2545 942 2628 quomodo
968 2545 1066 2608 etiam
1085 2545 1201 2628 legitur
1222 2546 1307 2628 apud
1323 2543 1498 2606 Theodori-

395 2651 465 2707 tum
480 2643 512 2706 in
530 2644 611 2705 libro
633 2643 736 2726 primo
750 2642 972 2705 haereticarum
987 2642 1166 2705 fabularum
1181 2650 1218 2705 ut
1240 2664 1337 2726 supra
1351 2643 1495 2706 vidimus.

397 2744 532 2808 Rufinus
556 2742 807 2807 Menandrianos
833 2743 938 2805 vertit.
963 2743 1123 2805 Vsnnsrns.
1169 2742 1281 2806 Habet
1293 2742 1500 2821 Ἀδριανισταί

396 2848 470 2909 MS.
490 2867 615 2929 quoque
635 2845 733 2909 Sci-cii.
754 2866 809 2907 seu
823 2844 915 2906 Bodi.
930 2843 1100 2906 exhibente
1115 2844 1286 2928 Nicophoro
1306 2844 1364 2907 ἀπὸ
1385 2845 1497 2906 τούτων

395 2948 451 3025 μὲν
465 2945 677 3026 Ἀδριανισταὶ,
694 2945 777 3007 unde
791 2950 883 3026 patet
897 2943 1013 3005 erroris
1028 2965 1134 3007 causa.
1166 2945 1299 3008 Rufinus
1313 2945 1436 3008 interea
1450 2944 1496 3007 sic

396 3045 504 3120 vertit,
519 3055 547 3108 et
566 3044 720 3120 Gmtdetss,
735 3043 814 3105 unde
833 3043 988 3115 Gortdcci,
1010 3053 1038 3106 et
1053 3043 1254 3121 Masdutdeus,
1268 3046 1348 3107 unde
1364 3055 1391 3108 st
1408 3045 1494 3107 Mus·

396 3144 523 3220 dumi,
544 3145 599 3207 sed
611 3153 639 3207 ot
652 3144 833 3218 Maeander,
849 3143 928 3206 uude
942 3144 1177 3207 Mesorsdricni.
1211 3143 1261 3207 Ab
1275 3146 1350 3228 ipsis
1364 3155 1392 3208 et
1405 3146 1497 3207 Mar-

396 3246 531 3308 cionistoe
547 3247 602 3307 &a
618 3243 708 3328 quasi
725 3243 861 3327 legisset,
887 3244 934 3305 καὶ
952 3245 1165 3322 Μασβούθεος,
1183 3246 1255 3308 ὅθεν
1277 3247 1325 3308 καὶ
1343 3251 1494 3322 Massav-

397 3345 509 3407 Osauci·
532 3345 677 3406 ἀλλὰκαὶ
697 3343 881 3422 Μένανδρος,
902 3346 974 3406 ὅθεν
990 3346 1219 3422 Μενανδριαυοί.
1257 3345 1316 3407 ἀπὸ
1330 3347 1441 3407 τούτων
1462 3347 1496 3406 δὲ

397 3445 445 3506 καὶ
468 3446 691 3524 Μαρκιωνισταὶ
714 3445 770 3505 &c
815 3442 860 3506 Et
884 3451 1055 3527 postquam
1076 3444 1144 3506 haec
1166 3444 1289 3528 scripsi,
1304 3445 1366 3507 vidi
1383 3445 1496 3507 Hallo-

396 3543 495 3605 ixium
511 3542 608 3605 verbe
623 3541 799 3625 Hegesippi
814 3542 846 3603 in
865 3542 949 3604 hune
964 3541 1031 3605 fere
1044 3544 1185 3619 modum,
1202 3544 1351 3607 Rufinum
1367 3552 1497 3627 utputo

397 3648 549 3716 secutum,
567 3641 677 3703 Graece
692 3640 827 3702 edidisse
847 3640 880 3702 in
900 3641 973 3704 Vis.
985 3643 1062 3704 ΡΡ.
1077 3642 1224 3705 Orieatcl.
1240 3652 1318 3707 tom.
1329 3643 1360 3706 ii.
1376 3666 1407 3728 p.
1422 3660 1495 3727 713.

398 3741 444 3804 Et
463 3741 598 3803 sortasse
617 3738 720 3802 verior
738 3739 806 3802 haec
826 3738 920 3803 lectio
940 3748 1000 3818 est,
1020 3763 1116 3824 quam
1137 3742 1192 3805 illa
1211 3744 1354 3806 codicum
1369 3746 1497 3807 Graeco-

397 3863 480 3916 rum,
506 3840 580 3924 quia
604 3840 774 3903 Menandri
793 3847 969 3904 sectatores
988 3863 1060 3904 cum
1085 3842 1242 3907 haereticis
1264 3844 1317 3927 qui
1338 3844 1389 3906 hic
1406 3843 1495 3926 prius

399 3941 476 4005 dicti
492 3948 578 4016 sunt,
601 3941 707 4024 potius
727 3963 822 4025 quam
842 3963 913 4003 cum
934 3943 1149 4025 sequentibus,
1164 3944 1249 4026 apud
1264 3951 1411 4006 auctores
1425 3964 1497 4007 cen·

397 4052 518 4107 sentur.
565 4043 680 4105 Verum
706 4041 904 4126 expectanda
923 4049 973 4104 est
990 4042 1124 4105 aliorum
1144 4043 1287 4106 codicum
1306 4043 1494 4106 auctoritas.

393 4141 491 4206 Ὀθεν
513 4148 589 4206 ante
614 4142 672 4204 dni
695 4143 840 4205 additum
861 4141 963 4218 abest,
986 4149 1070 4205 teste
1095 4142 1251 4218 Burtono,
1272 4165 1293 4206 a
1318 4143 1400 4206 codd.
1421 4145 1495 4228 Ray.

398 4243 502 4305 Paris.
518 4251 642 4324 utroque
657 4248 694 4303 ut
707 4241 905 4304 Floredinis.

443 4341 524 4403 lbid.
539 4340 560 4404 l.
576 4357 606 4423 5.
628 4342 865 4422 Μαρκιωνισταὶ]
890 4343 1109 4420 Μαρκιανισταὶ
1125 4343 1205 4405 ΜΒ,
1216 4341 1305 4406 Bodl.
1323 4350 1351 4405 et
1364 4341 1496 4425 Nic-eph

401 4439 494 4501 Nunc
516 4439 641 4502 addidit
656 4439 818 4503 Burtonus
835 4440 932 4503 Codd.
946 4440 1033 4503 Med.
1050 4443 1138 4503 Mas.
1152 4441 1265 4505 Fckot.
1309 4442 1373 4505 Sed
1387 4442 1497 4506 rescri-

400 4539 475 4600 bcre
500 4540 576 4613 vult,
600 4541 777 4617 Μαρκιανοὶ,
802 4539 842 4602 cl.
869 4540 1063 4603 Schulthess.
1090 4540 1124 4602 in
1148 4540 1303 4622 symbolis,
1328 4563 1359 4624 p.
1380 4562 1433 4624 93.
1455 4564 1496 4605 ex

399 4636 522 4699 Justini
539 4637 586 4700 M.
601 4639 732 4723 Dialopo
746 4660 814 4702 cum
832 4640 1000 4723 Tryphone,
1016 4660 1044 4702 o.
1058 4657 1113 4723 35,
1128 4639 1183 4703 ubi
1199 4640 1376 4705 Msroosios
1393 4641 1497 4704 Marci
