3809 5650
852 699 1049 771 PAPIAS.
1479 707 1503 770 5

398 895 530 951 Ἰουδαίων
546 896 675 968 λέγονται.
717 894 906 955 lastinianus
926 897 1002 976 Imp.
1014 897 1133 956 Novell.
1150 897 1216 971 146.
1232 900 1278 968 τὴν
1295 899 1324 953 δὲ
1343 897 1403 971 παρ’
1418 900 1507 954 αὐτοῖς

400 991 560 1064 (Ἰουδαίοις)
570 994 712 1064 λεγομένην
722 993 880 1065 δουτὲροσιν
890 996 931 1048 nal
944 994 1141 1067 dnnyopsdopsv
1150 998 1294 1050 παντελῶς.
1316 991 1347 1049 J.
1357 993 1504 1050 Alsum.

401 1088 537 1146 Fsanrc.

440 1181 454 1225 ἴ
472 1183 562 1243 Liber
575 1184 624 1242 hic
637 1185 735 1260 periit.

440 1291 458 1336 t
478 1279 529 1338 Ad
543 1279 721 1360 Apollinarii
734 1280 894 1341 Laodiceni
908 1293 939 1341 et
955 1283 987 1342 S.
1004 1283 1177 1361 Hieronymi
1196 1292 1328 1362 tempora
1341 1283 1506 1362 pervenisse

402 1376 566 1454 Papianum
575 1396 659 1455 opus.
669 1376 830 1435 ostendunt
843 1388 873 1436 et
888 1377 980 1437 codex
991 1377 1110 1456 quidam
1120 1376 1310 1437 Bibliothecae
1320 1376 1506 1436 Coislinianoe

402 1471 513 1530 MStus
534 1491 601 1529 mox
623 1472 654 1529 in
674 1472 754 1530 notis
774 1470 811 1529 ad
833 1472 932 1550 Papise
953 1473 1130 1551 Fragmenta
1150 1472 1347 1542 adducendus,
1363 1483 1394 1531 et
1414 1472 1507 1551 ipsius

403 1566 578 1647 Hieronymi
600 1568 697 1637 verbs,
717 1588 782 1646 qua
804 1568 852 1626 bic
876 1579 1061 1646 sequuntur;
1082 1569 1203 1648 Joseplsi
1225 1570 1323 1640 libros,
1337 1571 1379 1629 ait
1401 1569 1452 1628 ille
1475 1570 1507 1628 in

402 1663 535 1742 Epistola
554 1663 591 1723 ad
612 1663 778 1734 Lacinium,
794 1672 820 1724 et
842 1673 1006 1723 sanctorum
1022 1665 1124 1743 Papia
1144 1673 1170 1723 et
1186 1664 1346 1744 Polycarpi
1366 1667 1507 1725 volumino

391 1759 499 1838 falsus
519 1761 559 1818 od
577 1770 604 1821 te
625 1782 722 1819 rumor
740 1761 898 1840 periclito
919 1782 962 1819 me
980 1781 1042 1819 esse
1055 1761 1210 1827 translata,
1226 1762 1295 1840 prtia
1317 1781 1368 1820 nec
1384 1765 1434 1819 otii
1454 1761 1508 1819 mei

338 1839 344 1848 ¹
402 1877 453 1915 nec
477 1856 580 1914 virium
605 1866 656 1926 est,
679 1865 778 1916 tantas
800 1878 847 1915 res
869 1858 966 1916 eadem
992 1858 1022 1914 in
1045 1858 1166 1915 alteram
1192 1857 1321 1935 linguam
1349 1858 1508 1936 exprimere

401 1961 556 2011 vestutate.
580 1973 609 2031 p.
622 1953 686 2028 196.
702 1962 774 2010 tom.
791 1955 816 2012 1.
831 1953 877 2012 ed.
895 1952 1022 2012 Froben.
1038 1953 1130 2011 Basil.
1145 1972 1154 2010 ι
1162 1954 1231 2029 526.
1274 1952 1369 2011 Immo
1383 1954 1507 2032 septimo

401 2048 530 2106 ecclesias
544 2048 650 2108 seculo
663 2049 827 2106 Maximum
843 2049 1048 2108 confessorem
1064 2049 1163 2128 Papias
1176 2049 1283 2108 librum
1298 2050 1433 2108 manibus
1447 2049 1507 2108 suis

402 2145 571 2203 tractavisse
591 2165 628 2203 ex
651 2145 844 2222 Fragmentis.
860 2165 925 2222 quas
945 2165 1014 2203 mos
1036 2154 1208 2222 sequuntur,
1226 2145 1363 2224 Papianis
1382 2155 1506 2205 constat.

403 2239 500 2298 Taceo
515 2239 663 2299 Andream
678 2241 892 2300 Caesariensem.
936 2240 996 2300 Sed
1017 2252 1047 2300 et
1066 2262 1083 2299 a
1102 2240 1138 2300 cl.
1151 2240 1307 2300 Gallandio
1320 2241 1351 2297 in
1368 2240 1506 2318 Prolego-

402 2337 496 2393 menis
522 2337 553 2392 in
580 2335 845 2414 praestantissimam
872 2357 954 2395 suam
981 2337 1188 2398 Bibliothecam
1216 2336 1350 2394 Petrum.
1375 2336 1460 2394 Tom.
1481 2337 1506 2394 1.

401 2431 464 2489 bec
485 2432 580 2510 posita
603 2442 689 2489 sunt:
722 2440 740 2464 ‘⁴
757 2431 878 2490 Utinam
902 2434 1028 2510 (inquit)
1052 2432 1090 2491 ad
1115 2454 1167 2491 nos
1191 2451 1284 2509 usqne
1308 2432 1507 2511 pervenissent

401 2533 423 2558 “
439 2527 537 2607 Papiae
562 2526 649 2584 libri!
692 2526 735 2585 Et
759 2539 930 2606 supererant
955 2528 1073 2606 quidem
1097 2527 1203 2587 saeculo
1224 2547 1299 2586 x111.
1317 2528 1449 2593 ineunte,
1473 2537 1507 2585 ut

403 2633 455 2682 “e
476 2623 608 2682 codicum
634 2623 726 2681 MSS.
745 2622 876 2701 catalogo
898 2624 974 2682 circa
994 2644 1102 2682 annum
1127 2624 1238 2683 Christi
1257 2641 1417 2682 uccxvnr.
1436 2643 1506 2681 con·

401 2725 424 2752 ⁴‘
438 2720 516 2778 fecto
537 2719 696 2784 erudimur,
712 2738 799 2795 quem
814 2739 851 2777 ex
864 2719 992 2778 ecclesiae
1007 2719 1218 2778 Nemausensis
1231 2719 1376 2778 tabulario
1389 2727 1506 2777 erutum

402 2822 423 2850 ‘¹
438 2816 476 2875 cl.
499 2814 660 2875 Menardus
685 2814 763 2873 haud
788 2816 830 2874 ita
856 2814 968 2894 pridem
993 2814 1150 2894 evulgavit,
1179 2816 1275 2888 (Hist.
1300 2816 1357 2875 civ.
1381 2816 1451 2875 eccl.
1477 2827 1508 2875 et

400 2921 427 2947 ⁴‘
439 2914 531 2972 litter.
544 2912 581 2971 de
594 2912 723 2969 Nismes.
751 2911 845 2978 Paris,
860 2928 893 2986 17
897 2930 946 2988 50.
968 2916 1045 2987 4to.)
1061 2923 1096 2971 ut
1116 2913 1237 2991 proinde
1252 2912 1303 2970 viri
1317 2911 1507 2971 eruditissimi

402 3016 424 3041 ‘⁴
438 3020 517 3067 recte
548 3008 704 3085 conjecisse
737 3008 951 3077 existimentur,
983 3008 1092 3081 (lllem.
1118 3009 1155 3067 de
1184 3008 1326 3067 Trevoux
1354 3009 1508 3067 Decembr.

403 3112 425 3139 ⁴‘
444 3121 530 3180 1750.
545 3103 614 3162 Art.
630 3104 703 3175 clii.)
728 3103 806 3181 quod
826 3105 980 3163 Trithemii
1002 3124 1119 3183 qnoque
1144 3116 1239 3172 atate,
1262 3115 1296 3162 ut
1319 3103 1441 3179 ipsemet
1463 3104 1508 3159 in-

403 3208 527 3258 “nuere
545 3199 662 3257 videtur
677 3200 742 3270 (De
763 3200 906 3279 Scriptor.
923 3199 1004 3259 Eccl.
1018 3221 1081 3277 cap.
1095 3201 1149 3273 ix.)
1165 3200 1271 3260 saeculo
1291 3200 1428 3257 nimirum
1451 3217 1506 3257 xv.

402 3306 567 3355 “exeunte
589 3295 689 3353 eadem
718 3296 850 3355 extitisse
877 3296 1038 3374 potuerint.
1062 3297 1132 3355 licet
1161 3297 1275 3355 Caveus
1299 3306 1329 3354 et
1356 3294 1508 3352 Fabricius

403 3403 423 3427 “
438 3393 609 3469 neutiquam
624 3391 654 3449 id
670 3391 725 3449 sibi
740 3392 962 3468 persuadeant.”
1005 3394 1052 3451 lta
1066 3394 1110 3451 vir
1129 3393 1166 3452 cl.
1181 3413 1243 3471 cap.
1259 3413 1288 3451 x.
1304 3413 1332 3471 p.
1347 3393 1395 3465 67.
1438 3391 1508 3468 Ipsa

402 3500 501 3550 autem
516 3488 603 3546 verba
618 3487 744 3545 auctoris
759 3488 912 3545 inventarii
926 3489 1086 3568 supradicti
1103 3511 1199 3549 rerum
1219 3491 1250 3547 in
1268 3490 1398 3549 sacristia
1414 3489 1507 3548 eccle·
1577 3474 1585 3488 ⁸

402 3586 453 3645 sior
468 3582 688 3652 Nemausensis,
703 3604 739 3641 ex
759 3584 903 3643 Menardo
922 3586 1006 3644 nobis
1025 3585 1128 3645 retulit
1146 3586 1322 3645 clarissimus
1343 3585 1462 3644 Keilius
1476 3584 1507 3643 in

402 3680 532 3740 auctario
554 3678 738 3736 Fabricianae
757 3679 896 3738 Bibliotlt.
916 3682 1007 3739 Grac.
1023 3682 1060 3740 ad
1080 3703 1110 3761 p.
1126 3702 1134 3740 ι
1142 3698 1158 3758 5
1162 3701 1191 3757 3.
1206 3693 1278 3742 tom.
1296 3681 1343 3739 vii.
1364 3680 1409 3739 ed.
1424 3700 1507 3738 nova

403 3775 605 3835 Harlesianae:
629 3775 734 3834 “Item
756 3776 850 3833 intrent
871 3776 900 3833 ia
921 3778 1191 3836 claustro-librum
1214 3778 1324 3857 Papia,
1347 3778 1450 3835 libram
1473 3777 1508 3834 de

403 3882 424 3907 “
438 3873 532 3931 uerbis
544 3872 690 3931 Domini.”
724 3872 809 3938 Rem,
825 3874 848 3931 si
861 3873 961 3932 nullus
975 3894 1055 3933 error
1069 3876 1137 3934 huic
1151 3875 1308 3933 narrationi
1324 3874 1408 3938 inest,
1423 3884 1507 3930 nota-

402 3968 510 4028 bilem!
533 3967 649 4027 Interea
659 3969 782 4027 sortasse
796 3968 869 4027 liber
882 3970 939 4028 iste
952 3970 1156 4049 interpretatio
1166 3980 1282 4028 tantum
1294 3968 1390 4046 operis
1401 3966 1507 4023 Latina

402 4064 473 4129 fuit,
488 4062 573 4141 quale
586 4075 631 4122 est
646 4063 745 4142 Papia
763 4064 960 4142 fragmentum
975 4064 1050 4122 illud
1065 4065 1101 4122 de
1116 4064 1225 4121 Christi
1242 4061 1363 4119 Domini
1377 4059 1508 4136 cognatis

403 4158 435 4215 in
451 4160 542 4217 veteri
562 4158 661 4217 codice
680 4180 697 4217 a
714 4160 824 4218 Grabio
845 4170 1004 4239 repertum.
1049 4159 1224 4237 Hieronymi
1239 4177 1308 4214 vero
1328 4156 1508 4233 temporibus

404 4255 535 4313 nondum
549 4273 623 4333 opus
633 4254 740 4313 Latine
754 4255 903 4323 extiterat,
914 4266 947 4313 ut
959 4257 1045 4314 verba
1056 4254 1121 4329 ejus
1135 4273 1223 4332 supra
1234 4251 1327 4331 posita
1338 4250 1506 4309 ostendunt.
