3809 5650
633 698 682 763 IN
705 698 956 766 MELITONIS
980 699 1277 766 FRAGMENTA.
1440 701 1503 764 133

398 865 568 949 epistolam
590 866 769 951 adscripsit,
797 867 962 952 subjunxit
987 868 1026 944 ei,
1054 889 1124 951 quae
1152 873 1352 951 sequuntur;
1381 867 1504 933 Τούτοις

399 969 475 1030 οὕτω
489 966 665 1049 χωρήσασιν
680 970 882 1048 ἐπιμαρηνρὸν
897 969 1041 1032 Μελίπων
1055 973 1106 1048 τῆς
1120 971 1155 1032 ἐν
1175 969 1324 1049 Σάρδεσιν
1343 969 1504 1045 ἐκκλησίας

400 1070 572 1142 ἐπίσκοπος,
590 1068 651 1132 κατ’
668 1069 739 1132 αὐτὸ
753 1071 968 1150 γναριζόμενος
983 1075 1035 1133 τοῦ
1050 1072 1171 1153 χρόνον,
1189 1072 1279 1148 δῆλός
1294 1071 1378 1133 ἐστιν
1399 1071 1505 1133 ἐκτῶν

400 1167 564 1248 εἰρημένων
579 1169 656 1252 αὐτῷ
672 1171 706 1233 ἐν
720 1167 739 1253 ᾖ
753 1171 910 1249 πεποίηται
924 1171 999 1251 πρὸς
1013 1171 1067 1234 τὸν
1082 1171 1282 1252 αὐτοκράτορα
1297 1172 1417 1251 Οίνῆρον
1432 1171 1503 1250 δπέρ

400 1274 454 1332 τοῦ
470 1270 532 1333 καθ’
548 1271 623 1350 ἡμᾶς
637 1274 784 1352 δόγματος
796 1271 1007 1353 χρησιμωτάτῃ
1023 1273 1181 1356 ἀπολογίᾳ.

448 1370 532 1434 Ibid.
547 1371 568 1434 l.
585 1391 635 1434 10.
658 1373 718 1435 ὅσα
733 1398 789 1435 σου
804 1373 946 1455 δεόμεθα]
974 1373 1092 1436 Petrus
1105 1372 1295 1449 Hulloixius,
1312 1373 1365 1456 qui
1381 1373 1413 1435 in
1425 1381 1503 1437 tom.

400 1472 434 1534 ii.
464 1473 537 1534 Viti.
553 1473 688 1535 Patrem
712 1473 861 1537 Orientai.
888 1473 1052 1538 Melitonis
1074 1473 1223 1559 pleraque
1244 1475 1421 1559 fragrnenta
1443 1473 1505 1537 ool-

400 1573 489 1658 legit,
505 1574 574 1637 haeo
589 1574 699 1637 scribit
708 1599 718 1649 ;
734 1583 753 1609 “
767 1575 962 1639 Hactenuse
979 1575 1011 1641 S.
1028 1576 1191 1639 Melitonis
1202 1575 1282 1639 libro
1292 1575 1504 1661 Apologetioo

402 1675 483 1739 “ad
499 1676 545 1738 M.
558 1675 724 1739 Aurelium
741 1676 941 1740 Antoninum
962 1679 1044 1761 Imp.
1061 1678 1223 1761 inquibus
1243 1678 1441 1742 observanda
1456 1686 1505 1742 est

403 1775 498 1838 “viri
519 1776 619 1840 saneti
642 1777 796 1860 praeolara
817 1779 976 1843 modestia
997 1786 1031 1843 et
1052 1779 1224 1864 prudentia
1245 1785 1312 1843 tam
1336 1779 1367 1840 in
1384 1778 1505 1862 judicio

402 1885 424 1914 “
440 1899 499 1940 suo
513 1877 596 1941 illius
610 1878 771 1963 majestati
792 1880 1019 1957 submittendo,
1036 1887 1069 1944 et
1091 1879 1226 1964 benigne
1240 1879 1393 1963 rogando,
1410 1900 1506 1962 quarn

404 1986 426 2017 ‘⁶
442 1978 475 2041 in
488 1978 667 2043 amolienda
681 1985 782 2044 tantae
797 1981 830 2044 in
846 1981 1044 2047 Christianos
1058 1980 1244 2044 aoerbitatis
1262 1980 1302 2044 ab
1318 2002 1356 2042 eo
1377 1979 1504 2051 invidia,
1583 2024 1586 2029 ·

404 2087 540 2164 “atque
555 2082 586 2143 in
602 2082 681 2146 alios
696 2082 793 2146 nimio
807 2083 951 2148 avaritiae
966 2083 1078 2146 morbo
1094 2082 1226 2145 iniectos
1237 2081 1487 2145 transferendo?5

451 2182 535 2246 lbid.
559 2183 580 2246 1.
595 2203 647 2248 21.
682 2185 746 2248 Οδκ
772 2187 865 2264 ἐσμὲν
892 2187 965 2272 δια]
1000 2185 1074 2249 Ηοο
1098 2184 1312 2268 fragmentum
1342 2182 1508 2247 Melitonis

404 2282 511 2368 (eujus
540 2285 665 2368 quidem
695 2286 814 2370 soripta
843 2293 985 2350 testatur
1013 2285 1251 2370 antiquissimus
1279 2291 1393 2349 auotor
1420 2285 1507 2368 apud

405 2386 525 2450 Euseb.
549 2386 603 2450 lib.
619 2409 647 2450 v.
668 2388 749 2450 Hier.
772 2410 798 2451 e.
813 2390 865 2454 28.
887 2387 940 2472 qui
962 2387 1099 2451 fortasse
1126 2393 1177 2451 est
1204 2386 1299 2450 Oaius
1323 2386 1505 2470 Presbyter,

405 2487 568 2552 Christum
584 2488 668 2553 Θεὸν
690 2490 739 2551 καὶ
761 2490 918 2569 ἄνθρωπον
941 2489 1144 2574 praedioasse)
1166 2490 1207 2553 ad
1226 2489 1418 2573 Apologiam
1439 2489 1507 2573 ejus

405 2589 599 2673 pertinebat,
613 2596 652 2652 ut
666 2589 746 2653 satis
761 2590 934 2654 ostendunt
950 2591 1047 2654 verba
1067 2590 1221 2655 Auctoris
1236 2589 1383 2654 Ohroniei
1399 2589 1505 2666 Alex,

406 2691 460 2776 qui
474 2691 558 2755 idem
573 2692 719 2755 servavit.
743 2690 843 2755 Ἀλλδ
864 2694 911 2755 καὶ
933 2696 1074 2756 Μελίπων
1093 2691 1235 2757 Ἀσιανὸς
1255 2697 1427 2772 Σαρδιανῶν
1446 2693 1507 2756 ἐπί-

406 2818 519 2861 σκοπος
543 2794 671 2873 βίβλων
696 2795 862 2876 ἀπολογίας
886 2794 996 2858 ἔδωκεν
1019 2800 1081 2861 παῖς
1105 2791 1301 2874 λελεγμένοις
1323 2796 1507 2871 βασιλεῦσιν

408 2896 537 2976 (Marco
551 2896 685 2959 Aurelio
699 2903 733 2960 ei
749 2896 852 2978 Vero)
870 2898 918 2959 καὶ
938 2897 1033 2977 ἐτεροι
1052 2898 1086 2958 δέ
1108 2895 1228 2967 πολλοὶ,
1246 2895 1319 2956 ὧνό
1339 2896 1396 2972 μέν
1410 2900 1506 2972 δηλω-

407 2998 470 3063 θεὶς
482 2996 657 3070 Ἰονστῖνος,
671 2997 747 3076 μετά
765 3023 832 3061 τινα
856 2999 938 3060 ἄλλα
960 2999 1003 3061 ὧν
1024 2997 1170 3077 ἔγραψεν,
1188 2997 1236 3059 καὶ
1255 3001 1341 3058 τοῦτο
1357 2995 1508 3075 ἐνέθηκεν.

409 3101 500 3180 Κδγδ
515 3104 671 3179 προσδοκῶ
688 3102 743 3163 διο.
789 3100 871 3163 Tum
886 3099 1009 3164 Justini
1031 3100 1077 3162 M.
1093 3100 1157 3162 duo
1180 3098 1357 3162 afferuntur
1374 3096 1453 3173 loca,
1475 3104 1509 3161 et

407 3200 550 3284 proxime
564 3209 638 3285 post
651 3202 783 3265 additur
792 3202 896 3266 istud:
921 3204 1063 3265 Μελίπων
1075 3199 1248 3281 Σαρδιάνων
1260 3200 1420 3265 ἐπίσκοπος
1434 3202 1509 3277 μετὰ

408 3305 513 3365 πολλδ
536 3307 595 3366 τῶν
616 3303 815 3367 ἐπιδοθέντων
836 3304 917 3384 παρὰ
938 3308 991 3366 τοῦ
1014 3303 1103 3367 αὐτοῦ
1120 3300 1285 3366 Ἰονστίνον
1302 3302 1407 3381 φησίν·
1424 3305 1509 3364 OTK

408 3404 503 3482 ἐσμέν
525 3405 620 3467 λίθων
646 3405 702 3467 dre.
727 3427 759 3488 p.
778 3425 795 3468 2
797 3407 849 3489 58.
886 3405 997 3469 Melia
1021 3404 1245 3469 Sardianorum
1269 3403 1423 3488 episoolm
1440 3410 1510 3485 posi

408 3503 505 3568 masa
518 3502 556 3568 αδ
569 3504 669 3569 eodem
687 3507 812 3569 Janieo
830 3506 948 3570 tradito
962 3533 985 3584 ι,
1000 3506 1092 3571 NON
1113 3526 1232 3581 sumus,
1246 3505 1356 3589 inquit,
1372 3503 1510 3567 cultores

410 3606 466 3668 &e

454 3706 538 3770 Ibid.
563 3706 583 3769 l.
607 3727 657 3774 22.
684 3709 731 3772 καὶ
756 3710 819 3793 ἐπὶ]
857 3712 939 3773 Cum
969 3710 1106 3795 primurn
1129 3709 1161 3772 in
1190 3707 1336 3772 Obronieo
1361 3705 1511 3770 Ρσςσλσίί

408 3808 493 3872 hune
503 3809 671 3873 Melitonis
679 3810 783 3874 loeum
794 3811 928 3896 inspexi,
940 3812 987 3874 καὶ
1000 3811 1043 3874 ἐτι
1052 3810 1218 3896 legendum
1228 3809 1350 3894 putavi.
1374 3808 1437 3872 Sed
1446 3808 1509 3892 pri-

409 3910 482 3974 dem
501 3912 598 3976 verba
617 3911 665 3975 ita
685 3919 827 3977 verteret
843 3912 1025 3977 Halloixius
1040 3913 1073 3975 in
1091 3914 1163 3976 Vin.
1180 3912 1251 3975 PP.
1265 3909 1414 3973 omont
1430 3915 1509 3972 tom.

409 4010 443 4073 ii.
463 4034 494 4096 p.
512 4012 586 4097 835.
603 4035 641 4076 ae
664 4013 690 4077 si
713 4015 758 4077 ἐτι
778 4015 946 4099 legendum
970 4014 1077 4077 fuerit.
1123 4012 1225 4074 Immo
1246 4014 1363 4075 Petrus
1379 4011 1510 4074 Wesse-

408 4112 533 4198 lingius,
557 4114 608 4175 vir
631 4113 670 4177 ol.
698 4137 725 4178 ο.
740 4137 770 4177 x.
804 4114 1027 4191 Ρνοδαδίίίςνιι,
1055 4114 1188 4177 σαπείσης
1211 4112 1421 4177 mutationem
1447 4132 1510 4174 non

409 4215 504 4278 modo
528 4215 704 4303 proposuit,
731 4217 786 4279 sed
812 4216 910 4280 etiam
935 4215 1131 4301 argumentis
1154 4213 1361 4278 confirmavit.
1406 4211 1511 4274 “Non

410 4321 432 4352 “
447 4315 689 4392 remorabitur,”
703 4316 807 4400 inquit
823 4325 844 4355 ‘⁶
858 4338 1050 4400 quemquam
1071 4314 1209 4378 mutatio
1230 4313 1316 4377 vocis
1334 4314 1383 4376 ἐπὶ
1404 4312 1436 4374 in
1457 4312 1510 4388 ἔτι,

409 4422 432 4453 “
448 4438 518 4499 quae
540 4417 672 4481 minima
693 4426 752 4491 est,
777 4417 803 4481 si
826 4419 1056 4494 consideretur,
1071 4418 1210 4481 oodioem
1226 4437 1289 4501 quo
1311 4416 1456 4479 Raderus
1478 4414 1511 4477 in

411 4525 433 4555 “
447 4518 587 4584 editione
610 4540 686 4582 usus
707 4526 766 4595 est,
794 4518 1066 4603 corruptissimum
1093 4518 1198 4581 fuisse.
1244 4516 1354 4597 Questi
1381 4516 1414 4578 id
1437 4515 1511 4579 olim

412 4626 433 4655 ‘⁴
449 4618 506 4683 viri
521 4620 609 4684 doeti
624 4628 708 4698 sunt,
725 4627 762 4684 ut
777 4621 916 4706 (langius
927 4619 1080 4705 exemplis
1090 4620 1122 4683 in
1137 4619 1326 4705 praeiatione
1336 4639 1513 4682 commone-

412 4726 434 4756 “
448 4719 532 4785 feeit
578 4723 626 4785 Et
640 4722 726 4786 baud
743 4743 817 4785 raro
832 4722 957 4786 evenire
977 4722 1069 4798 solet,
1083 4728 1121 4785 ut
1135 4746 1158 4784 π
1177 4728 1212 4785 et
1231 4745 1248 4783 r
1267 4720 1357 4785 fatali
1374 4720 1512 4804 quadam

411 4828 434 4859 “
448 4820 649 4887 librariorum
664 4823 835 4888 oscitantia
848 4823 981 4887 invioem
995 4824 1262 4888 ooniundantur.”
1292 4824 1329 4885 P.
1343 4821 1394 4883 88.
1429 4819 1513 4881 Tota
