3809 5650
781 1663 1272 1780 RHODONIS‚

483 1900 552 1960 QUI
572 1903 776 1960 VERGENTE
797 1908 848 1962 AD
867 1909 988 1964 FINEM
1009 1909 1173 1965 SAECULO
1194 1908 1377 1965 SECUNDO
1397 1909 1590 1977 FLORUIT.

856 2081 1193 2154 FRAGMENTA.

914 2316 1127 2364 -ο--

530 2502 583 2565 Εα
599 2501 693 2585 Opere
705 2502 850 2567 οάοοτςυι
863 2505 1037 2568 Ματοίουά
1051 2505 1210 2581 Ηοινοιίιι,
1224 2505 1282 2569 Ad
1296 2505 1513 2570 (lamonem.

434 2672 697 2788 1.--ΔΙΑ
725 2716 831 2786 τοῦτο
860 2711 917 2786 καὶ
942 2710 1025 2810 παρ’
1056 2709 1192 2792 ἑαυτοῖς
1220 2708 1434 2812 ἀσύμφωνοι
1461 2710 1605 2811 γεγό·5

469 2878 575 2922 νασιυ
606 2858 832 2931 (Marcionitae)·
866 2840 1075 2921 ἀσυστάτου
1102 2841 1246 2943 γνώμης
1275 2843 1570 2942 ἀντιποιούμενοι.

468 2978 540 3058 ἀπὸ
558 2978 630 3081 γὰρ
647 2982 711 3074 τῆς
728 2977 863 3056 τούτων
881 2976 1014 3077 ἀγέλης
1025 2978 1201 3076 Ἀπελλῆς
1220 2976 1285 3075 μέν
1304 2980 1324 3057 ὁ
1342 2984 1387 3082 τῇ
1405 2982 1572 3086 πολιτείᾳ

466 3111 724 3211 σεμνυνόμενος
742 3114 799 3190 καὶ
817 3116 869 3217 τῷ
885 3111 990 3215 γήρα,
1008 3113 1094 3207 μίαν
1111 3110 1226 3214 ἀρχὴν
1245 3113 1424 3213 ὁμολογεῖ·
1448 3110 1514 3195 τάς
1532 3113 1571 3193 δέ

464 3247 695 3351 προφητείας,
709 3245 752 3351 ἐξ
767 3244 1002 3343 ἀντικειμένου
1016 3243 1113 3345 λέγει
1126 3243 1336 3342 πνεύματος·
1360 3242 1569 3343 πειθόμενος

465 3379 725 3482 ἀποφθέγμασι
742 3377 920 3479 παρθένου
941 3378 1177 3475 δαιμονιύσης,
1196 3377 1309 3479 ὄνομα
1328 3379 1564 3478 Φιλουμένης.
1583 3422 1620 3463 ιο

464 3510 574 3612 ἕτεροι
592 3510 630 3589 δὲ
648 3515 764 3592 καθὼς
782 3513 841 3587 καὶ
858 3509 965 3591 αὐτὸς
983 3512 1004 3587 ὁ
1022 3510 1150 3609 ναύτης
1169 3511 1356 3612 Μαρκίων,
1374 3508 1438 3587 δύο
1451 3510 1568 3612 ἀρχὰς

350 3662 356 3672 ’
465 3647 704 3745 εἰσηγοῦνται·
742 3645 807 3746 ἀφ’
841 3639 890 3718 ὧν
921 3644 992 3720 εἶσὶ
1024 3640 1177 3727 Πότιτός
1206 3676 1244 3720 τε
1268 3644 1327 3720 καὶ
1356 3641 1563 3727 Βασιλικός.

464 3780 523 3855 καὶ
540 3777 636 3855 οὗτοι
652 3774 718 3875 μέν
734 3774 1112 3873 κατακολουθήσαντες
1127 3782 1179 3882 τῷ
1198 3782 1363 3883 Ποντικῷ
1379 3778 1490 3882 λύκῳ,
1505 3782 1564 3857 καὶ

505 4030 659 4108 Propterea
685 4031 762 4088 inter
789 4050 820 4088 se
847 4030 903 4123 ipsi
927 4029 987 4087 dis.
1036 4030 1112 4089 sario
1130 4031 1235 4109 spiritu
1253 4030 1384 4109 profecta
1397 4049 1459 4088 enee
1477 4029 1561 4097 dicit,

462 4109 604 4175 sentiunt,
629 4110 737 4187 quippe
765 4108 816 4186 qui
843 4108 986 4184 ejusmodi
1036 4110 1157 4188 virginis
1193 4109 1343 4186 cujusdam
1377 4109 1611 4197 demoniacoe15

461 4188 623 4247 doctrinam
645 4198 767 4247 tuentur
782 4208 847 4264 que
867 4188 987 4245 omnino
1036 4189 1153 4248 nomine
1192 4189 1374 4247 Philumenae
1415 4190 1562 4268 responsis

460 4280 538 4326 stare
562 4289 620 4326 non
645 4278 751 4343 potest.
793 4267 872 4324 Nem
893 4287 930 4325 ex
949 4267 985 4324 il·
1036 4268 1183 4328 inductus.
1236 4268 1299 4327 Alii
1334 4288 1403 4338 veto
1438 4267 1562 4347 perinde

461 4345 555 4405 lorum
590 4368 678 4425 grege
711 4347 833 4426 Apelles
866 4346 983 4424 quidem
1035 4369 1068 4407 ee
1089 4348 1223 4407 Marcion
1244 4350 1316 4428 ipse,
1336 4348 1395 4406 duo
1415 4347 1560 4407 inducunt

459 4428 610 4483 sanctioris
629 4428 696 4484 vitae
709 4428 820 4485 cultum
836 4436 866 4483 et
885 4446 982 4484 senec-
1035 4429 1195 4506 principie:
1231 4430 1309 4486 inter
1335 4448 1408 4505 quoe
1432 4438 1476 4486 est
1501 4428 1558 4485 Ρο-

460 4513 553 4560 tutem
574 4526 632 4580 pree
653 4526 683 4563 se
704 4506 809 4573 ferens,
825 4523 917 4562 unum
939 4506 982 4563 fa-
1033 4508 1106 4565 titus
1139 4518 1170 4565 et
1205 4507 1358 4566 Basilicus.
1411 4506 1454 4563 Hi
1488 4526 1560 4584 ergo
1570 4536 1611 4577 20

459 4591 539 4638 tetur
560 4602 622 4639 eese
641 4584 834 4662 principium:
858 4586 981 4662 prophe·
1034 4586 1189 4644 Ponticum
1214 4587 1298 4644 illum
1324 4588 1424 4662 lupum
1453 4587 1557 4654 secuti,

458 4669 552 4716 terum
571 4671 667 4718 eutem
688 4663 803 4720 oracula
823 4682 860 4719 ex
880 4663 981 4721 adver·
1032 4684 1096 4722 eum
1115 4666 1286 4724 divisionem
1308 4686 1403 4724 rerum
1421 4684 1503 4741 aeque
1524 4685 1558 4725 ee
