3809 5650
774 729 823 791 IN
848 728 1164 791 APOLLONlUM.
1457 730 1517 790 481

417 899 538 962 misene
550 898 794 962 narrationibus.
830 899 909 960 Mox
924 900 1007 977 ἡμεῖς
1022 901 1054 960 δὲ
1070 897 1104 960 δι’
1118 900 1207 961 αὐτοῦ
1220 900 1293 961 MS.
1311 896 1448 979 Norsolc.
1465 899 1519 960 sed

417 1000 521 1062 minus
536 1008 620 1084 apte.

344 1168 347 1174 ,
462 1103 498 1163 P.
510 1118 583 1182 470.
596 1101 617 1164 l.
632 1103 680 1165 τό.
697 1106 748 1163 τοῦ
759 1100 927 1187 προφήτου]
947 1100 1057 1165 Lectio
1071 1107 1124 1164 τοῦ
1137 1101 1289 1181 προφήτου
1300 1101 1326 1163 si
1338 1122 1413 1163 vera
1424 1109 1518 1176 esset,

417 1201 594 1265 Montanus
619 1202 686 1285 ipse
710 1202 932 1285 intelligendus
954 1208 1047 1265 esset.
1094 1202 1160 1264 Nos
1183 1223 1256 1265 vero
1280 1208 1316 1263 ut
1336 1208 1520 1264 constantes

416 1303 626 1387 reperiremur
641 1310 674 1367 et
688 1304 771 1366 huno
786 1304 888 1366 locum
907 1303 1106 1367 mutavimus.
1152 1304 1229 1367 Sine
1243 1302 1332 1366 dubio
1347 1312 1374 1364 et
1389 1302 1519 1386 propia

415 1413 518 1465 tamum
532 1405 707 1488 iprroroatia
722 1426 789 1467 οιιτι
804 1405 867 1488 ipso
876 1404 1215 1487 puritcrrcdarpuitur.
1246 1402 1352 1465 Rufin.
1400 1402 1520 1465 Nostro

415 1504 574 1584 lectionis
595 1505 776 1585 προφήτιδος
798 1505 830 1566 in
847 1495 1016 1588 Christopl.
1034 1506 1127 1567 Lecti.
1145 1511 1247 1567 extat.
1274 1503 1405 1566 Sruorn.
1445 1504 1518 1566 Vid.

415 1615 481 1669 not.
498 1628 595 1691 supra
609 1608 651 1671 ud
666 1607 720 1671 lin.
737 1627 784 1670 11.
799 1628 872 1690 pag.
885 1609 959 1687 469.

460 1707 540 1771 Ibid.
556 1710 576 1773 l.
594 1728 642 1790 17.
665 1710 700 1772 τά
720 1713 753 1773 δὲ
774 1706 889 1789 ὅμοιον]
913 1707 1109 1771 particulam
1129 1708 1162 1770 δὲ
1180 1729 1219 1768 ox
1237 1708 1313 1770 MS.
1329 1706 1469 1787 Norsolo.
1485 1706 1517 1769 in

414 1817 540 1873 textum
554 1812 667 1895 recepi.

461 1911 498 1972 P.
509 1927 550 1992 47
561 1931 584 1974 r.
599 1911 619 1973 l.
631 1930 662 1996 5.
687 1913 809 1996 τούτων]
836 1912 940 1975 Abest
955 1934 975 1975 a
990 1913 1064 1974 MS.
1081 1910 1219 1993 Norfolc.
1232 1919 1258 1972 et
1277 1909 1359 1972 millo
1380 1909 1517 1989 deferam

407 2011 614 2093 ρτοάοιιιοιιίιτ.
630 2016 733 2095 Rrfia
772 2014 877 2097 Supra
892 2014 944 2075 lin.
964 2034 990 2076 1.
1006 2011 1084 2075 τοῦθ’
1101 2014 1265 2091 άμολογησ.
1291 2010 1422 2093 Nicapl.

459 2114 542 2176 Ibid.
558 2114 578 2176 l.
593 2118 623 2177 6.
639 2116 752 2182 πάντας
768 2117 907 2197 καρποὺς]
926 2115 1039 2180 πάντας
1054 2114 1121 2179 τοὺς
1136 2139 1161 2174 κ.
1179 2113 1252 2174 MS.
1270 2110 1408 2192 Norsolc.

458 2216 540 2278 lbid.
556 2215 576 2277 l.
588 2232 617 2298 7.
633 2217 792 2300 βάπτεται]
810 2217 1025 2301 Hieronymus
1039 2215 1071 2277 in
1087 2213 1242 2297 Gatalogo
1257 2213 1340 2275 huno
1352 2212 1454 2274 locum
1470 2211 1518 2275 ita

413 2319 519 2392 vertit,
546 2319 610 2381 Dio
633 2319 710 2381 mili
734 2319 849 2382 crinem
861 2319 956 2401 fricat
974 2316 1150 2402 propheta?
1183 2313 1271 2377 stibio
1296 2312 1393 2376 oculos
1419 2312 1516 2375 linit?

407 2420 555 2502 propheta
577 2420 703 2483 uestibus
724 2431 752 2484 et
772 2422 895 2504 panaris
917 2423 1070 2483 ematur?
1090 2419 1240 2502 propheta
1264 2415 1367 2480 tabula
1390 2415 1469 2479 ludit
1490 2425 1516 2478 ct

411 2521 552 2584 resena?
570 2521 720 2604 propheta
733 2523 839 2604 sunus
863 2522 1002 2604 accipit?
1036 2509 1154 2603 Longe
1172 2521 1315 2603 profecto
1339 2519 1516 2601 elegantius

411 2643 506 2704 quam
522 2621 666 2684 Rufinus.
712 2621 818 2684 Graeoi
839 2621 968 2698 βάπτειν
988 2621 1041 2697 τήν
1062 2623 1147 2700 θρίκο
1166 2620 1285 2693 dicunt,
1302 2620 1387 2701 quod
1406 2619 1515 2681 Latini

411 2722 513 2785 crines
528 2723 650 2808 tingere
665 2745 721 2786 scu
738 2723 878 2786 rutilare.
925 2723 966 2784 Id
981 2722 1063 2785 enim
1084 2722 1242 2805 praecipue
1258 2720 1431 2783 studebant
1446 2741 1513 2783 ma-

410 2834 524 2900 tronae,
550 2835 586 2889 ut
611 2825 741 2889 rutilum
766 2825 920 2888 haberent
946 2823 1073 2888 crinem.
1124 2825 1226 2904 Quum
1256 2823 1288 2885 in
1317 2844 1383 2884 rem
1411 2821 1514 2884 einero

410 2927 517 2991 lixivio
532 2928 713 3003 utebantur,
731 2934 767 2990 ut
783 2928 876 2990 docet
891 2927 1004 2990 Varro.
1050 2925 1267 2989 Sammonicus
1286 2925 1434 2996 Serenus,
1452 2944 1514 2984 me

410 3029 499 3091 dicus
519 3029 714 3092 versificator
735 3028 938 3112 imperitante
955 3028 1081 3103 Severe,
1103 3026 1143 3089 de
1163 3025 1276 3108 capillo
1298 3023 1448 3107 tingendo
1467 3023 1514 3086 ita

410 3132 564 3216 praeoipit.

537 3258 595 3321 Ad
608 3257 734 3320 mallant
748 3258 871 3342 spec-iem
886 3259 986 3342 uipros
992 3259 1154 3339 florescere
1168 3256 1264 3318 cristes

544 3361 697 3444 Uupucnto
711 3360 832 3435 cineris,
841 3359 998 3443 pardi-'cit
1017 3357 1136 3421 Tullius
1148 3366 1263 3419 auctor.

410 3504 493 3566 Vide
518 3502 712 3586 Hesychium
740 3503 772 3564 in
798 3502 954 3579 ξανθίζειυ.
984 3503 1142 3564 Vnnnsrus.
1183 3501 1357 3578 βαπτίζεται
1386 3498 1512 3561 Grulort'

408 3606 501 3668 Lecti.
517 3612 550 3668 ot
565 3605 679 3689 Ματρο
693 3603 888 3687 Ειτοιιιρῐιιτίο
901 3604 1001 3667 Jonas.
1027 3604 1159 3666 Srnorn.
1189 3601 1292 3664 Addit
1307 3601 1385 3663 MS.
1402 3601 1510 3663 Paris.

400 3709 537 3790 priorem
552 3706 722 3770 Burtonus.

450 3809 532 3871 lbid.
545 3810 564 3872 l.
577 3810 606 3872 8.
619 3809 771 3889 προφήτης
786 3807 884 3891 στιβ]
901 3808 1004 3870 Dicito
1018 3807 1094 3869 mili
1106 3827 1153 3868 *ooo
1168 3828 1183 3867 o
1193 3802 1398 3888 propheticae,
1414 3801 1510 3864 cultus

398 3912 607 3996 prophetantes
629 3909 811 3973 candoribus
833 3917 860 3971 et
882 3905 1038 3969 ruderibus
1060 3905 1226 3989 aliquando
1243 3905 1403 3986 fucatur?
1431 3924 1508 3985 pro-

398 4015 531 4098 phetissa
545 4013 645 4076 stillis
660 4011 813 4095 ducitur?
829 4009 1018 4092 prophetissa
1033 4007 1216 4070 ornamentis
1230 4006 1353 4068 ruitur?
1375 4005 1453 4085 ltus.
1469 4026 1509 4066 ex

405 4140 468 4200 quo
483 4123 574 4201 patet
589 4135 661 4177 eum
676 4120 709 4176 et
725 4112 784 4175 hoo
799 4111 868 4173 looo
883 4110 996 4194 legisse
1010 4111 1028 4187 ή
1044 4113 1198 4189 προφῆτις,
1211 4115 1247 4169 at
1258 4106 1291 4168 in
1303 4104 1508 4188 sequentibus

403 4218 519 4282 habat:
536 4216 686 4301 propheto
699 4214 745 4276 od
764 4211 898 4275 tabulam
918 4221 945 4273 et
965 4210 1010 4273 ud
1021 4219 1146 4273 tesseras
1169 4208 1274 4270 ladit?
1291 4206 1441 4289 proptera
1453 4228 1509 4289 pe-

403 4320 525 4383 cuniam
548 4339 634 4380 suam
660 4315 705 4378 ad
724 4335 849 4377 uestram
870 4312 949 4376 dat?
975 4314 1106 4374 Srnorn.
1152 4310 1200 4372 At
1222 4308 1289 4371 sino
1313 4306 1507 4371 auctoritate

402 4421 538 4483 fortusse
567 4439 695 4481 suorum
730 4416 871 4479 codicum
902 4413 1035 4475 Rufinus
1057 4411 1278 4496 prophetissam
1307 4407 1358 4471 hio
1388 4409 1504 4493 posuit.

404 4523 501 4584 Certe
518 4520 742 4602 Hieronymus,
754 4523 790 4579 ut
805 4515 880 4591 dixi,
897 4514 926 4576 N
928 4514 1156 4597 ioephorusque
1168 4511 1333 4575 lectionem
1344 4518 1506 4594 receptam

402 4627 542 4684 tuentur.
588 4618 632 4681 Et
652 4617 829 4691 videndum,
846 4636 952 4680 annon
973 4615 1015 4677 ad
1036 4613 1145 4676 molles
1163 4612 1242 4676 istas
1260 4626 1355 4694 utque
1376 4610 1505 4675 effoemi-

402 4730 496 4785 nutas
521 4718 669 4784 Montani
699 4725 785 4781 nrtes
810 4717 965 4781 alluderet
991 4713 1205 4800 Hieronymus
1234 4713 1267 4776 in
1293 4712 1433 4797 Epistola
1463 4712 1508 4774 ad

446 4844 512 4885 von.
529 4846 549 4884 1.
922 4837 978 4901 30
