3809 5650
780 661 1087 746 PRAEFATIO.
1339 679 1456 750 xxxiii

405 877 562 948 notatae
595 867 773 950 fuerant.
830 870 1037 952 Certiores
1076 900 1171 954 vero
1205 901 1279 956 nos
1312 875 1455 957 fecisse

405 1022 519 1083 nunc
557 1002 677 1084 video
715 1003 764 1084 cl.
805 1002 1058 1101 Morellium,
1097 1006 1359 1090 bibliothecae
1398 1010 1451 1089 D.

405 1129 540 1219 Marci
561 1136 747 1220 Venetiis
766 1140 1051 1222 doctissimum
1068 1144 1294 1239 custodem,
1308 1156 1455 1225 contu-

404 1260 499 1353 lisse
518 1299 562 1353 se
582 1272 625 1352 in
646 1300 767 1354 usum
788 1276 974 1382 ejusdem
1001 1274 1187 1375 Strothii,
1208 1290 1301 1387 post
1321 1280 1454 1361 editos

403 1406 456 1485 ab
504 1433 554 1487 eo
597 1407 779 1490 historiae
830 1410 1077 1492 Eusebianae
1122 1412 1248 1495 libros
1294 1432 1452 1523 septem

403 1540 570 1648 priores,
589 1543 748 1626 codices
774 1543 1008 1627 Marcianos
1034 1574 1177 1629 omnes
1202 1550 1245 1629 in
1270 1548 1369 1630 locis
1392 1577 1453 1630 se-

402 1674 519 1758 lectis
534 1678 807 1787 posteriorum
823 1680 952 1761 trium
968 1680 1178 1778 librorum,
1194 1711 1298 1791 quos
1313 1697 1451 1764 tamen

403 1810 474 1893 ille
488 1826 623 1895 morte
634 1814 825 1895 ademtus
841 1815 1012 1897 minime
1025 1816 1234 1898 edidisset.
1258 1818 1448 1899 ΒίὂΙίοιΙιὁ

402 1948 626 2029 Marciano
647 1951 776 2031 Muta
797 1980 835 2059 p.
851 1959 945 2031 220.
996 1952 1061 2031 De
1081 1953 1221 2034 codice
1236 1950 1467 2050 Saviliano,

401 2083 487 2164 sive
507 2083 746 2181 Bodleiano,
765 2084 855 2166 haec
876 2086 962 2166 fere
982 2086 1165 2182 fuerunt,
1183 2116 1278 2196 quae
1298 2116 1453 2170 memo·

401 2228 496 2298 ratu
535 2218 662 2326 digna
700 2220 951 2301 viderentur.
1010 2219 1202 2301 Alterum
1240 2220 1452 2330 exemplar

403 2350 697 2449 Eusebianum,
731 2357 851 2462 cujus
885 2353 1032 2462 opibus
1064 2382 1131 2434 me
1168 2382 1290 2434 usum
1323 2356 1451 2436 fuisse

401 2512 525 2594 supra
543 2488 642 2582 dixi,
661 2516 685 2568 a
703 2489 870 2569 nemine
888 2503 986 2570 ante
1008 2490 1050 2569 in
1066 2489 1251 2570 medium
1271 2504 1333 2569 est
1358 2517 1451 2596 pro-

400 2620 588 2717 ductum,
608 2623 684 2703 etsi
705 2621 901 2703 lectiones
921 2638 964 2704 et
992 2623 1172 2731 insignes
1192 2636 1235 2704 et
1260 2624 1337 2704 sibi
1357 2652 1451 2732 pro-

400 2757 509 2865 prias
530 2758 741 2839 interdum
761 2760 1011 2869 suppeditat.
1072 2759 1164 2839 Hoc
1190 2773 1332 2839 autem
1355 2759 1450 2841 ideo

405 2891 564 2976 Codicis
597 2895 897 3000 Norfolciensia
928 2896 1097 2976 nomine
1135 2892 1313 3003 appello,
1350 2896 1450 3002 quia

401 3029 444 3108 in
480 3029 731 3112 bibliotheca
773 3031 1010 3138 cognomini
1048 3030 1312 3122 adservatum
1353 3057 1448 3136 quae

401 3163 571 3270 quidem
625 3161 876 3246 bibliotheca
927 3166 979 3243 ab
1031 3163 1214 3244 Henrico
1264 3163 1448 3244 Howard

400 3295 625 3380 Norfolciae
653 3299 760 3380 duce
789 3297 982 3379 Societati
1015 3297 1158 3405 Regiae
1189 3296 1447 3377 Londinensi

400 3431 511 3512 dono
525 3433 633 3529 data,
645 3461 740 3514 cum
756 3432 829 3513 diu
843 3433 886 3512 in
903 3432 1062 3512 aedibus
1074 3431 1447 3512 Somersetensibus

399 3568 578 3676 reposita
596 3582 712 3663 esset,
731 3568 785 3648 ad
805 3567 1002 3648 Museum
1024 3563 1313 3647 Britannicum
1333 3564 1447 3645 haud

399 3702 458 3782 ita
490 3702 652 3811 pridem
686 3698 885 3781 translata
916 3713 990 3781 est.
1050 3699 1120 3781 Ad
1157 3714 1323 3781 aetatem
1357 3701 1447 3806 ejus

398 3836 514 3944 quod
560 3836 724 3931 attinet,
764 3835 867 3915 liber
908 3835 1112 3915 recentior
1150 3847 1224 3928 est,
1266 3861 1374 3926 nam,
1412 3833 1443 3911 si

398 3997 541 4055 verum
581 3972 717 4067 audio,
755 3971 903 4052 saeculo
940 3971 1101 4051 decimo
1139 3968 1289 4075 quinto
1323 3967 1447 4072 assig-

399 4107 562 4185 nandus
596 4106 774 4188 videtur.
834 4106 965 4213 Cujus
998 4104 1167 4211 quidem
1204 4101 1445 4181 varietatem

399 4238 588 4322 lectionis
607 4243 718 4350 apud
744 4256 932 4322 auctores
957 4241 1009 4320 ab
1030 4235 1211 4318 Eusebio
1231 4249 1356 4315 testes
1375 4235 1447 4314 ad-

399 4373 553 4456 hibitos
573 4376 704 4458 refero
726 4390 934 4483 acceptam
961 4371 1213 4453 humanitati
1239 4369 1444 4451 Francisci

911 4529 932 4577 e
