3809 5650
472 663 536 727 286
844 666 1197 729 ANNOTATICNES

473 838 732 913 παραφραστικῶς,
755 854 812 915 pro
846 831 919 904 isto,
952 833 999 894 καὶ
1023 833 1112 913 ἔλεγε
1138 838 1244 896 τοῦτον
1269 833 1345 897 εἶναι
1364 834 1418 895 τὸν
1444 837 1576 910 σωτῆρα,

474 934 558 1011 Quin
582 943 615 997 et
637 934 731 996 hasco
755 934 918 1017 Reliquias
941 935 1055 997 iterum
1081 935 1207 998 edituro
1229 936 1304 998 mihi
1332 936 1406 999 lieet
1426 935 1573 1018 adjicere,

474 1036 560 1120 quod
586 1035 623 1098 el.
650 1035 875 1098 Heineehenus
896 1036 929 1098 in
958 1037 1104 1099 Excursu
1121 1037 1191 1100 ΙΙΙ.
1218 1036 1402 1101 Eusebianos
1427 1036 1575 1099 Historiae

474 1139 622 1223 apposito
637 1138 677 1200 de
694 1140 767 1221 θύρᾳ
780 1137 881 1215 Ἰησοῦ
897 1145 1032 1202 statuat.
1079 1148 1097 1176 ‘⁶
1112 1139 1265 1218 Quaenam
1281 1146 1329 1202 est
1350 1146 1444 1221 porta
1458 1138 1481 1200 J
1484 1139 1577 1200 esus?

476 1249 496 1276 ‘⁶
507 1239 647 1323 genitivo
656 1240 866 1324 appositionis
876 1240 980 1303 locum
989 1246 1119 1304 tenente
1131 1269 1138 1311 ;
1155 1240 1285 1323 (saepius
1295 1240 1452 1324 genitivus
1463 1240 1510 1302 ita
1521 1260 1576 1323 po-

476 1349 495 1376 “
510 1341 609 1416 nitur,
631 1349 669 1405 ut
691 1341 739 1405 vel
764 1342 899 1425 speciem
923 1343 1089 1426 significet,
1110 1365 1181 1427 quae
1201 1343 1368 1426 subjicitur
1387 1343 1504 1427 generi,
1528 1340 1576 1404 vel

476 1452 495 1478 ‘⁶
510 1443 718 1527 appositionis
743 1452 852 1527 partos
878 1448 1015 1524 teneat)
1042 1454 1109 1520 aut,
1141 1466 1287 1528 quaenam
1316 1460 1366 1508 est
1393 1453 1487 1529 porta
1513 1443 1576 1516 illa,

477 1554 496 1582 “
513 1567 608 1628 quam
630 1546 726 1606 Jesus
749 1566 783 1607 se
809 1567 877 1608 esse
897 1545 992 1621 dixit,
1013 1568 1071 1630 per
1091 1546 1264 1630 genitivum
1287 1546 1433 1630 subjecti,
1448 1545 1500 1629 qui
1524 1566 1578 1607 vo-

475 1656 495 1683 “
508 1656 610 1710 catur.
622 1647 657 1728 (J
660 1668 732 1708 oan.
743 1669 773 1709 x.
789 1647 854 1727 9.)”
871 1645 1017 1730 Denique
1028 1647 1060 1709 in
1072 1646 1220 1729 Syrtidolis
1232 1649 1297 1711 suis
1307 1649 1366 1711 vol.
1378 1648 1399 1710 i.
1414 1648 1451 1710 cl.
1467 1645 1577 1710 Schul-

475 1748 612 1811 thessius
627 1755 648 1783 “
657 1756 779 1830 perlem
792 1747 958 1830 epitheton
970 1749 1089 1812 Christi
1105 1750 1222 1813 videri”
1237 1750 1295 1824 ait,
1309 1751 1424 1834 “apud
1436 1755 1545 1834 patres
1560 1769 1578 1810 o

475 1859 496 1886 “
514 1852 583 1913 Vet.
601 1848 687 1911 Test.
704 1849 962 1932 depromptunr.”
977 1872 1006 1932 p.
1025 1852 1094 1932 136.

520 1951 648 2013 Interea
662 1950 695 2010 in
710 1950 824 2025 verbis,
839 1952 882 2016 τίς
896 1951 914 2028 ἡ
930 1953 1004 2031 θύρα
1021 1957 1073 2014 τοῦ
1087 1953 1198 2029 Ἰησοῦ,
1214 1952 1290 2014 illud
1306 1954 1350 2017 τίς
1364 1972 1421 2035 per
1435 1951 1506 2012 ποία
1521 1974 1576 2025 τις,

475 2052 584 2136 qualis,
601 2073 759 2136 exponere
774 2050 878 2126 velim,
897 2060 932 2114 ut
948 2074 1020 2115 oum
1031 2052 1190 2137 responsis
1206 2052 1292 2115 beati
1308 2051 1458 2136 martyris
1469 2072 1520 2113 res
1531 2050 1578 2111 in-

476 2161 641 2236 terrogata
656 2151 833 2228 conveniat,
849 2173 973 2236 nempe,
990 2154 1083 2237 quale
1098 2155 1214 2218 ost-ium
1231 2161 1280 2218 est
1294 2151 1579 2238 religionisJesusl

477 2255 743 2338 quemadmodum
766 2275 824 2337 pro
850 2254 920 2338 ipsa
944 2255 1080 2318 formula
1103 2255 1342 2341 Hegesippiana
1367 2254 1523 2317 Eusebius
1545 2254 1578 2314 in

477 2360 648 2423 Demea-tir.
674 2358 794 2440 Eeanp.
821 2357 973 2440 reposuit,
1003 2359 1067 2420 riva
1092 2358 1159 2438 περὶ
1187 2363 1239 2420 τοῦ
1267 2361 1365 2435 Ἰησοῦ
1389 2357 1454 2438 ἔχοι
1478 2357 1578 2432 δόξαν.

478 2462 623 2524 atvero
648 2459 693 2523 Cl.
721 2458 850 2522 Ernesti
875 2458 907 2521 iu
929 2458 1058 2521 Dissert.
1080 2461 1130 2521 De
1159 2459 1223 2521 Usa
1251 2458 1484 2532 Gioasoiioram,
1509 2478 1580 2539 qua»

477 2562 609 2627 editioni
632 2560 809 2623 Albertinae
833 2561 981 2645 Heraclii
1003 2561 1166 2645 praemissa
1187 2569 1248 2636 est,
1263 2562 1305 2623 ad
1328 2560 1464 2645 primum
1487 2580 1581 2621 suum

477 2685 630 2729 canonem
653 2663 721 2726 haee
743 2662 852 2738 habet,
870 2662 934 2725 “Si
956 2685 1014 2746 ego
1035 2663 1067 2725 in
1088 2662 1212 2725 Glossis
1233 2683 1400 2746 ponerem:
1426 2662 1522 2741 Θύρα,
1540 2664 1583 2721 δι.

480 2776 503 2806 “
519 2766 605 2849 δαχὴ,
632 2774 755 2830 rectum
781 2773 875 2828 esset.
922 2765 985 2828 Sed
1015 2765 1202 2849 respicerem
1229 2765 1270 2828 ad
1299 2764 1369 2827 loca
1395 2763 1582 2826 Graecorum

478 2868 732 2954 “theologorum
748 2890 775 2931 v.
788 2890 816 2931 e.
835 2868 964 2931 Eusebii
980 2869 1012 2930 in
1034 2869 1121 2932 Hist.
1141 2868 1226 2931 Eoel.
1242 2866 1295 2929 ubi
1312 2888 1375 2928 uon
1395 2862 1490 2927 semel
1506 2865 1583 2943 θύρα

480 2978 499 3006 “
515 2974 646 3050 Χριστοῦ
661 2972 735 3051 (sic)
755 2969 794 3032 de
810 2970 956 3033 doctrina
972 2970 1154 3036 Christiana
1168 2968 1314 3033 dicitur.''
1351 2968 1424 3029 Hoc
1439 2965 1486 3028 vir
1500 2985 1581 3047 prae·

479 3072 704 3148 stantissimus,
720 3071 774 3135 ubi
789 3072 830 3134 ad
847 3071 885 3134 el.
903 3072 1094 3156 Wesseling.
1114 3071 1232 3135 θύσασα.
1251 3072 1278 3133 l.
1294 3091 1343 3136 21.
1359 3079 1393 3132 et
1404 3068 1442 3132 cl.
1456 3066 1583 3129 Elsner.

479 3174 582 3240 Sciat
602 3175 678 3236 cat.
695 3196 726 3257 p.
746 3191 812 3237 121.
828 3173 934 3236 editor
947 3195 1005 3236 nos
1020 3173 1150 3256 relegat.
1196 3174 1286 3234 Viam
1301 3171 1428 3255 quidem
1440 3168 1583 3242 Dour-iai,

479 3286 576 3361 atque
593 3275 779 3358 simpliciter
801 3274 893 3349 viana,
910 3273 965 3350 τὴν
980 3273 1059 3349 ὁδὸν,
1083 3273 1261 3334 doctrinam
1282 3271 1400 3334 Christi
1419 3290 1502 3352 saepe
1524 3290 1582 3351 ap-

480 3378 589 3461 pellari
606 3378 637 3439 iu
653 3381 750 3439 Sacra
765 3376 942 3457 Scriptura,
962 3374 1024 3446 alii,
1041 3374 1096 3435 sed
1116 3372 1202 3435 aliud
1220 3381 1362 3455 agentes,
1379 3379 1581 3434 monuerunt.

481 3477 729 3560 Wesseliugium
752 3498 826 3538 vero
848 3475 939 3537 video
962 3495 1098 3549 censere,
1114 3481 1172 3536 aut
1195 3473 1412 3558 Hegesippum
1431 3473 1512 3535 male
1532 3493 1582 3534 ee-

480 3581 563 3663 pisse
586 3578 609 3640 J
612 3579 773 3641 udaeorum
797 3576 903 3651 uerba,
924 3583 982 3638 aut
1004 3579 1096 3654 θύραν
1116 3576 1175 3639 hoc
1198 3575 1266 3637 loco
1288 3576 1371 3638 idem
1393 3598 1461 3638 esse
1483 3582 1584 3657 atque

479 3681 711 3755 enarrationem,
727 3680 791 3742 sive
805 3678 1044 3760 explicationem.

526 3780 696 3844 Audienda
719 3788 794 3843 sunt
813 3785 981 3862 praeterea,
997 3801 1067 3862 quae
1087 3782 1126 3842 de
1146 3780 1205 3843 hoc
1221 3779 1290 3843 loeo
1305 3778 1357 3841 alii
1380 3778 1508 3861 quidam
1524 3777 1584 3840 viri

481 3882 666 3957 doctissimi,
681 3890 740 3944 aut
765 3880 878 3957 minus,
903 3889 961 3944 aut
986 3882 1098 3965 magis,
1113 3905 1133 3944 a
1157 3879 1331 3944 Pearsonio
1352 3880 1581 3962 discrepantes,

482 3987 665 4051 statuerint.
709 3986 764 4047 Ita
779 3984 862 4046 enim
878 3985 1017 4048 Grabius
1037 3983 1068 4045 iu
1085 3991 1162 4046 tom.
1174 3983 1205 4045 ii.
1231 3982 1340 4066 apicii.
1357 3981 1408 4043 vix
1425 3980 1582 4056 differens,

483 4096 504 4125 “
519 4088 654 4152 Difficile
666 4088 744 4162 est‚”
753 4086 898 4170 (inquit)
915 4096 936 4124 ‘⁶
949 4087 1121 4170 explanare
1136 4085 1230 4168 hujus
1242 4084 1425 4168 quaestionis
1437 4105 1584 4146 sensum:

483 4192 547 4254 “is
572 4191 665 4264 onim,
691 4211 784 4272 quem
811 4188 959 4251 Valesius
984 4189 1025 4250 ad
1053 4188 1136 4249 hunc
1162 4187 1263 4250 locum
1287 4188 1353 4261 dat,
1376 4209 1397 4249 a
1421 4185 1585 4268 proposito

485 4301 502 4329 ‘⁶
516 4292 704 4356 Judaeorum
730 4291 850 4353 alienus
876 4291 1022 4359 videtur;
1056 4297 1168 4372 utpote
1193 4290 1245 4371 qui
1272 4311 1335 4350 uon
1360 4287 1585 4351 desiderabant

484 4402 504 4431 ‘⁸
518 4395 608 4465 scire,
631 4413 777 4476 quaenam
799 4400 882 4454 esset
905 4390 1099 4454 introductio
1115 4413 1169 4453 seu
1192 4390 1328 4454 initiatio
1349 4390 1380 4452 in
1401 4389 1587 4473 religionem

486 4502 505 4531 ‘⁶
520 4493 661 4563 Christi;
686 4493 740 4554 sed
760 4491 876 4575 potius,
894 4493 969 4576 quid
988 4491 1131 4554 Jaeobus
1151 4493 1190 4553 de
1209 4492 1287 4553 ,Iesu
1309 4491 1427 4555 Christi
1450 4512 1589 4574 persona

486 4603 504 4632 “
517 4604 551 4659 et
565 4594 712 4659 doctrina
726 4593 871 4667 sentiret,
888 4608 996 4658 utrum
1012 4603 1095 4656 esset
1111 4594 1195 4656 larua
1209 4594 1256 4656 uel
1271 4594 1364 4656 malit.
1396 4593 1485 4654 Siout
1500 4592 1588 4654 euim

487 4704 508 4737 “
524 4697 594 4762 diem
618 4697 678 4760 aire
698 4696 729 4758 in
753 4694 865 4758 divinis
886 4696 1018 4778 aliisque
1037 4695 1201 4777 seripturis
1222 4696 1336 4778 saepius
1356 4701 1587 4766 memorantur,
