3809 5650
453 677 496 742 ee
788 678 1030 760 seniculis
1054 679 1226 743 sneuAE.

454 848 560 912 centia
582 848 829 930 corneliusque
850 869 987 923 sensum,
1008 869 1110 931 neque
1129 847 1356 931 cogitationem
1378 847 1558 931 hujusmodi

454 959 620 1041 accipiens,
648 959 879 1022 consummavit
909 967 1031 1043 typum.
1093 959 1367 1038 Quemadmodum
1394 958 1559 1044 Scriptura

455 1068 549 1132 dicit:
576 1068 645 1131 hut
658 1069 786 1131 intrauit
799 1068 897 1150 esajer
911 1078 996 1145 nete,
1012 1077 1040 1130 et
1055 1067 1200 1131 desinivit
1215 1089 1282 1130 cem
1291 1077 1385 1151 petre
1404 1090 1456 1132 ecee
1477 1080 1560 1134 eecce

456 1177 530 1241 ille:
554 1187 582 1240 ci
596 1199 655 1242 eea
665 1178 754 1241 seivit
768 1178 826 1241 Lot
840 1199 907 1240 cum
922 1178 1067 1240 dormiret
1081 1176 1150 1253 ille,
1164 1185 1191 1239 et
1205 1197 1273 1238 cem
1285 1187 1426 1260 sveeeeret.
1466 1178 1511 1241 Et
1527 1179 1559 1241 in

455 1289 575 1352 minore
597 1288 658 1351 hoc
681 1288 784 1351 idem:
808 1289 853 1351 Et
872 1309 930 1351 eoo
949 1288 1048 1364 scivit,
1064 1286 1179 1370 inquit,
1195 1307 1262 1350 cere
1281 1287 1435 1351 demeteret
1448 1309 1558 1366 secem,
1568 1311 1584 1370 5

455 1421 507 1463 aee
521 1420 588 1462 cure
602 1399 787 1462 surrexisset.

457 1533 627 1597 Nesciente
650 1531 747 1617 igitur
772 1532 911 1608 homine,
931 1553 983 1594 ne
1036 1530 1089 1609 Μὴ
1104 1532 1216 1596 εἰδότος
1232 1537 1284 1593 τοῦ
1296 1533 1373 1608 Λὼτ,
1386 1534 1459 1612 μηδὲ
1470 1533 1559 1618 ἡδονῇ
1597 1594 1603 1600 ,

457 1766 539 1831 satio
562 1765 797 1851 perficiebatur,
813 1787 870 1849 per
889 1787 985 1850 quam
1034 1767 1127 1838 λεΐτο,
1155 1761 1190 1825 δι’
1216 1763 1250 1840 ἧς
1276 1765 1307 1825 αἱ
1331 1765 1560 1826 teo-‹nma-

459 1886 531 1948 duae
556 1884 640 1961 filiae,
662 1884 694 1946 id
721 1896 777 1959 est,
799 1885 870 1948 duae
894 1906 985 1970 syna
1035 1881 1131 1960 γωγαὶ
1154 1880 1212 1942 ἀπὸ
1237 1880 1303 1946 ἑνὸς
1327 1882 1374 1944 καὶ
1396 1885 1448 1942 τοῦ
1472 1882 1607 1944 absciso

456 2024 558 2087 gogre,
574 2003 617 2066 ab
632 2024 695 2066 uno
711 2011 745 2066 ct
764 2004 875 2066 eodem
893 2010 987 2088 patro
1034 1996 1145 2076 πατρὸς
1160 1997 1445 2076 τεκνοποιησάμεναι
1457 1999 1561 2077 ἐμήνυ-

457 2119 491 2182 in
514 2119 654 2183 sobolem
680 2121 844 2203 adoptatae
870 2120 986 2204 signifi·
1035 2138 1104 2177 οντο
1116 2115 1188 2177 ἄνευ
1199 2112 1309 2194 σαρκὸς
1319 2114 1435 2191 ἡδονῆς·
1457 2113 1491 2176 οὐ
1502 2116 1559 2194 γὰρ

458 2237 616 2300 eabantur
635 2237 702 2299 sine
725 2237 828 2301 carnis
848 2237 985 2301 libidine.
1034 2231 1072 2308 ἦν
1086 2232 1181 2296 ἄλλος
1196 2230 1291 2296 οὐδεὶς
1309 2229 1427 2310 σπέρμα
1441 2231 1561 2305 ζωτικὸν

462 2352 528 2416 Nee
554 2353 636 2416 enim
660 2354 743 2417 alter
767 2366 838 2417 erat
863 2354 985 2438 aliquis,
1036 2350 1084 2412 καὶ
1093 2347 1204 2410 τέκνων
1215 2349 1390 2426 ἐπικαρπίαν
1399 2347 1561 2427 δυνάμενος

461 2471 514 2555 qui
542 2493 648 2534 semen
674 2471 767 2534 vitale
792 2476 826 2533 et
851 2470 987 2533 filiorum
1036 2479 1138 2536 δοῦναι
1152 2474 1263 2549 αὐταῖς,
1277 2474 1371 2538 καθὼς
1385 2474 1558 2554 γέγραπται.
1573 2488 1606 2544 15

459 2588 598 2652 fructum
608 2596 716 2672 posset
726 2589 802 2652 (lore
814 2589 868 2661 eis,
880 2610 986 2671 quem·
1037 2591 1150 2655 Graeca
1171 2590 1240 2652 hese
1261 2612 1279 2652 e
1300 2589 1423 2653 Catena
1444 2590 1512 2652 ΡΡ.
1528 2590 1561 2652 in

458 2708 631 2772 admodum
647 2708 800 2792 seriptum
816 2713 875 2771 est.
1036 2707 1184 2770 Genesin.

459 2844 571 2908 iuuit
593 2853 693 2907 erstem.
719 2844 817 2926 risojer
840 2843 885 2906 od
909 2843 1075 2906 minorem:
1099 2843 1199 2906 Peter
1222 2851 1320 2905 noser
1343 2841 1441 2904 seeier
1461 2850 1510 2915 est,
1534 2851 1560 2903 et

458 2975 541 3017 emme
556 2964 597 3016 est
611 2976 702 3039 srqier
717 2964 829 3017 terrem
844 2955 898 3028 dc.

504 3063 573 3126 111ae
596 3063 723 3147 quidem
748 3063 819 3126 filiae
843 3064 1015 3126 seeundum
1036 3063 1271 3147 simplicitatem
1293 3069 1326 3126 et
1348 3062 1560 3125 innocentiam
1572 3079 1609 3116 20

458 3180 610 3257 putantes
640 3172 801 3235 universos
831 3172 973 3234 homines
1003 3172 1145 3256 periisse,
1169 3173 1436 3256 quemadmodum
1462 3172 1560 3234 Sede

458 3283 564 3358 mites,
582 3297 615 3345 et
638 3282 669 3343 in
692 3281 870 3344 universam
892 3287 1014 3343 terram
1032 3280 1227 3343 iracundiam
1249 3280 1312 3343 Dei
1333 3282 1560 3364 supervenisse,

459 3392 607 3455 dicebant
631 3391 706 3453 haee.
753 3391 957 3473 Quapropter
982 3397 1015 3453 et
1041 3390 1118 3473 ipsae
1146 3390 1342 3453 excusabiles
1368 3399 1453 3465 sunt,
1477 3392 1560 3454 arbi-

460 3508 582 3565 trantes
606 3521 640 3563 se
666 3500 750 3563 solas
775 3500 902 3563 relictas
926 3522 998 3564 eum
1022 3502 1121 3564 Patre
1145 3523 1203 3564 suo
1226 3502 1269 3564 ad
1292 3501 1560 3564 conservationem

458 3610 584 3695 generis
600 3610 740 3685 humani,
755 3616 789 3672 et
803 3616 937 3694 propter
950 3609 1011 3674 hoc
1026 3611 1312 3674 circumveniebant
1327 3617 1461 3695 patrem.
1497 3613 1561 3673 Per
1573 3631 1608 3688 25

458 3719 555 3783 verba
575 3727 682 3782 autem
701 3740 810 3782 earum
829 3718 1077 3803 significabatur,
1094 3720 1250 3783 neminem
1270 3741 1338 3783 esse
1355 3719 1491 3783 alterum
1506 3723 1560 3805 qui

459 3828 561 3914 possit
576 3827 712 3891 filiorum
725 3828 965 3913 generationem
980 3829 1093 3915 majori
1108 3836 1141 3894 et
1156 3829 1269 3892 minori
1288 3851 1458 3915 synagogae
1479 3853 1559 3915 prae-

459 3946 558 4015 stare,
575 3960 670 4023 quam
687 3940 819 4002 Patrem
838 3946 992 4002 nostrum.
1040 3942 1139 4004 Pater
1158 3946 1266 4003 autem
1286 3940 1411 4025 generis
1431 3941 1561 4005 humani

460 4051 600 4113 Verbum
614 4049 694 4112 Dei:
712 4050 979 4134 quemadmodum
992 4051 1123 4134 Moyses
1134 4049 1275 4113 ostendit
1285 4050 1393 4114 dicens
1405 4074 1412 4113 ε
1426 4050 1561 4115 ¹<Neeee

458 4161 508 4223 bie
523 4162 585 4245 ipe
596 4161 697 4224 Peter
709 4170 777 4223 tuiis
786 4160 918 4244 possedit
933 4169 970 4237 te,
985 4161 1096 4245 etfeeit
1110 4171 1147 4240 te,
1158 4170 1185 4224 et
1199 4162 1314 4225 crearit
1328 4165 1381 4226 te?
1426 4163 1559 4243 Quando
1570 4181 1608 4236 30

459 4267 556 4350 igitur
578 4267 629 4330 hic
645 4268 740 4331 vitale
763 4290 878 4346 semen,
895 4270 928 4332 id
950 4278 1011 4346 est,
1027 4269 1181 4354 Spiritum
1203 4271 1395 4335 remissionis
1417 4278 1560 4355 peccate

460 4397 531 4437 rum
546 4399 604 4460 per
619 4400 712 4460 quem
727 4379 927 4456 vivificamur,
944 4380 1055 4443 effudit
1069 4381 1100 4442 in
1117 4379 1290 4444 humanum
1304 4383 1425 4465 genus?
1447 4380 1560 4443 Nonne

460 4491 548 4561 tune,
564 4507 635 4548 eum
651 4489 896 4553 convescebatur
911 4511 982 4552 eum
997 4490 1188 4566 hominibus,
1205 4497 1238 4554 et
1256 4491 1386 4554 bibebat
1401 4491 1507 4553 vinum
1527 4490 1558 4552 in

571 4716 582 4747 h
601 4717 662 4765 Gen.
674 4721 725 4767 xix.
737 4734 777 4778 33.
789 4737 829 4782 35.
897 4725 903 4756 ¹
920 4727 982 4772 (teu.
994 4727 1045 4773 xix.
1058 4742 1098 4786 31,
1113 4743 1150 4788 3²·
1219 4732 1231 4769 k
1252 4731 1325 4778 Dent.
1337 4731 1412 4777 xxxii.
1426 4731 1448 4776 (ι.
