3809 5650
562 692 612 755 IN
635 691 887 756 HEGESIPPI
913 690 1219 755 FRAGMENTA.
1380 694 1448 760 247

345 860 415 924 dice
435 860 602 926 Mazariuo
623 862 683 926 hoc
703 862 857 926 scholium
880 863 1077 947 adscriptum
1102 862 1215 926 inveni.
1233 862 1335 926 ἰστέον
1358 865 1404 927 ὅτι
1427 865 1446 944 ἡ

345 962 442 1043 στήλη
460 967 533 1044 αὕτη
547 967 631 1030 λίθος
645 964 682 1043 ἦν
697 965 842 1045 ἄμορφος,
865 965 1036 1044 ἐπιγραφὴν
1057 964 1136 1046 ἔχων
1155 963 1189 1026 τὸ
1210 965 1306 1043 ὄνομα
1326 970 1379 1027 τοῦ
1399 990 1447 1028 τε-

345 1064 659 1144 θαμμένονἹακῶβον·
674 1068 705 1143 ἓξ
716 1064 751 1128 οὗ
764 1067 811 1128 καὶ
823 1066 866 1128 ἔτι
879 1070 932 1128 νῦν
947 1068 976 1128 oi
988 1065 1163 1145 Χριστιανοὶ
1176 1067 1209 1128 ἐν
1222 1071 1284 1132 τοῖς
1295 1064 1446 1145 μνήμασιν

346 1168 441 1230 αὐτῶν
455 1168 558 1233 λίθους
573 1169 701 1242 ἱστᾶσιν,
719 1169 767 1229 καὶ
784 1165 802 1245 iy
822 1167 980 1247 γράμματα
1002 1169 1035 1229 ἐν
1056 1168 1154 1233 αὐτοῖς
1174 1166 1389 1249 γρόφουσιν,ἣ
1412 1168 1446 1231 τὸ

345 1274 470 1347 σημεῖον
491 1274 544 1331 τοῦ
569 1273 697 1348 σταυροῦ
722 1268 967 1351 ἐγχαράπονσιν.
1023 1269 1190 1332 Sciendum
1215 1279 1255 1331 est
1278 1269 1447 1332 columnam

344 1369 423 1432 tanc
436 1370 518 1432 nihil
529 1370 621 1433 aliud
630 1370 732 1453 fuisse
753 1392 845 1454 quum
867 1370 1000 1455 lapidem
1021 1371 1192 1454 infernum,
1208 1372 1243 1433 in
1264 1394 1320 1455 quo
1342 1392 1446 1434 nornen

345 1470 454 1535 tamti
474 1471 541 1534 illie
558 1471 669 1556 scpalti
695 1481 762 1534 erat
788 1473 928 1535 inrisum.
980 1472 1068 1536 Unde
1094 1483 1122 1535 et
1149 1473 1323 1537 Christiani
1346 1474 1381 1535 in
1403 1494 1446 1537 ee-

338 1573 460 1658 pnlcria
483 1575 546 1637 mis
567 1574 732 1636 etiamnum
753 1573 872 1658 lapidae
892 1583 1048 1637 statuum:
1075 1573 1240 1659 inquibus
1262 1584 1317 1637 unt
1340 1573 1446 1637 literae

345 1675 512 1751 inscribere,
524 1686 579 1738 unt
593 1676 692 1739 crucia
697 1677 834 1759 siparum
849 1675 1014 1759 insculpere
1028 1685 1248 1739 consueuerant.
1284 1677 1445 1740 Vacemus.

347 1778 444 1841 Istaeo
457 1778 497 1841 de
513 1778 676 1862 sepultura
695 1777 811 1840 Jacobi
834 1777 958 1840 Grabio
981 1798 1106 1860 quoque
1128 1776 1286 1840 absimilia
1308 1799 1383 1840 vero
1403 1777 1446 1840 vi·

345 1879 473 1955 dentur,
488 1879 548 1943 uisi
563 1879 590 1941 si
605 1879 688 1943 forte
702 1878 882 1953 dicendum,
898 1878 1097 1942 Christianos
1112 1878 1276 1963 aliquanto
1298 1886 1372 1962 post
1393 1900 1446 1942 ex·

345 1981 460 2044 eidium
473 1980 799 2065 Hierosolymitanum
814 1989 958 2064 tempore
969 2002 1085 2064 corpus
1101 1979 1133 2042 S.
1143 1980 1166 2042 J
1168 1981 1258 2044 acobi
1274 1980 1317 2043 ibi
1332 1980 1444 2064 sepeli-

346 2082 435 2160 visse,
451 2083 505 2146 ubi
527 2083 680 2167 martyrio
700 2082 885 2146 defunctum
906 2089 1000 2145 esset.
1047 2081 1233 2145 Lardnerus
1253 2090 1362 2146 autem
1385 2081 1445 2146 vol.

345 2185 388 2249 iii.
412 2186 568 2270 Supplcm.
592 2185 682 2248 Libri
703 2186 751 2247 De
772 2185 855 2249 Fide
874 2185 958 2247 Hist.
979 2185 1099 2268 Eonnq.
1121 2205 1189 2268 cap.
1205 2185 1267 2248 xvi.
1286 2187 1316 2266 ᾧ.
1333 2203 1362 2249 2.
1377 2184 1446 2248 fieri

345 2310 436 2372 posse
458 2288 617 2372 opinatur,
634 2295 670 2352 ut
694 2287 841 2351 columna
865 2287 907 2350 ab
933 2285 1118 2370 Hegesippo
1143 2293 1391 2350 commemorata
1413 2287 1446 2350 in

345 2390 422 2464 loco,
440 2412 502 2474 quo
518 2392 639 2454 occisus
653 2391 758 2454 fuerat
774 2389 794 2451 J
796 2388 923 2463 acubus,
940 2395 1014 2471 post
1031 2386 1288 2472 Hierosolymam
1307 2388 1446 2452 excisam

344 2491 502 2555 aedificata
520 2491 625 2567 suerit,
642 2513 714 2553 cum
735 2490 798 2554 alio
818 2490 851 2553 in
870 2489 939 2553 loeo
966 2510 1080 2573 corpus
1104 2491 1262 2574 sepultum
1287 2498 1390 2567 esset;
1413 2491 1445 2553 id

345 2593 430 2675 quod
446 2593 613 2656 nonnullos
633 2616 672 2655 ex
687 2593 848 2656 veteribus
869 2591 1059 2655 Christianis
1083 2591 1281 2655 existimasse
1303 2599 1447 2656 testatur

347 2690 570 2777 Hieronymus,
587 2695 637 2757 Dc
658 2695 744 2758 Viris
758 2694 813 2758 Ill.
830 2717 899 2778 cap.
915 2694 946 2757 ii.
963 2693 1053 2778 cujus
1074 2693 1171 2756 verba
1191 2700 1338 2757 sunt—et
1351 2695 1446 2777 jueta

345 2794 496 2880 tmrplnm,
510 2794 564 2859 nbi
577 2806 604 2860 ct
611 2798 828 2882 proecrpitutus
834 2797 956 2880 sacrat,
967 2795 1098 2881 sepultus
1112 2805 1164 2860 cst.
1207 2795 1343 2860 Titnlmn
1357 2817 1447 2882 usquc

345 2899 390 2961 acl
411 2898 593 2964 obsidionum
619 2902 685 2965 Titi
709 2911 738 2964 ct
761 2901 901 2964 nltimam
923 2899 1087 2962 Hadriani
1115 2900 1302 2962 notissimum
1330 2897 1445 2963 babuit.

347 3000 481 3078 Quidam
495 3023 510 3064 c
524 3004 634 3066 nostrie
647 3004 682 3065 in
695 3013 791 3066 meritc
809 3002 919 3065 Oliucti
933 3024 1000 3065 nnn
1008 3011 1197 3086 putauerunt
1216 3002 1377 3076 cmtditnm,
1392 3000 1447 3064 scd

336 3101 427 3183 falsa
441 3123 542 3165 corum
559 3104 662 3186 opinio
681 3113 732 3166 cst.
779 3102 986 3166 Tillemontio
1008 3124 1083 3165 vero
1105 3109 1183 3166 tom.
1202 3102 1228 3165 Ι.
1245 3104 1340 3165 Mem.
1359 3103 1446 3165 Hist.

344 3202 427 3265 Eccl.
443 3209 509 3266 not.
527 3203 559 3265 in
577 3203 609 3267 S.
627 3204 742 3268 Jacob.
760 3205 842 3267 Min.
854 3227 923 3288 cap.
943 3222 988 3287 17.
1005 3227 1056 3268 res
1071 3204 1119 3268 ita
1133 3204 1251 3268 habere
1265 3203 1443 3279 videbatur,

345 3310 393 3381 ut,
410 3327 482 3368 oum
496 3306 593 3369 situm
609 3307 761 3391 templum
777 3307 874 3370 fuerit
888 3308 929 3370 ad
947 3315 1125 3370 extremum
1143 3306 1276 3370 limitem
1296 3305 1394 3381 urbis,
1410 3312 1446 3369 et

345 3408 386 3470 ab
401 3408 452 3471 illo
467 3409 567 3473 latere
581 3409 605 3471 J
607 3409 755 3495 osaphati
770 3409 842 3473 valli
859 3409 1117 3493 superemineret,
1134 3431 1174 3471 ex
1194 3409 1254 3471 hac
1276 3415 1369 3492 purte
1391 3408 1445 3471 de-

341 3509 447 3593 jectus
461 3511 557 3574 fuerit
571 3512 744 3595 apostolus,
754 3519 853 3595 atque
868 3511 985 3575 idcireo
1000 3519 1094 3574 extra
1108 3511 1218 3574 urbem
1234 3511 1396 3597 lapidatus
1411 3515 1447 3573 et

345 3612 505 3696 sepultus;
530 3612 678 3696 quocirca
691 3612 767 3675 nihil
784 3612 922 3688 obstare,
939 3613 1016 3696 quin
1035 3612 1236 3696 sepulchrum
1258 3612 1326 3696 ejus
1346 3632 1447 3694 usque

344 3713 385 3775 ad
402 3712 576 3798 Hegesippi
586 3720 732 3797 tempora
744 3735 939 3800 permanere,
950 3721 1048 3798 atque
1060 3714 1158 3777 etiam
1168 3715 1228 3777 sub
1240 3720 1447 3799 conspectum

344 3814 442 3898 ipsius
457 3816 574 3891 venire,
590 3816 740 3899 potuerit.
777 3816 869 3879 Idem
885 3837 959 3878 vero
974 3816 1022 3877 vir
1037 3815 1268 3879 eruditissimus
1283 3813 1447 3899 perpensis

344 3917 476 3980 tandem
492 3917 742 3993 difficultatibus,
759 3939 839 4001 quas
855 3917 1019 3980 Arnaldus
1039 3917 1071 3978 in
1086 3916 1221 3999 epistola
1240 3917 1281 3979 ad
1298 3937 1332 3978 se
1350 3915 1447 3977 missa

344 4018 503 4103 objecerat
521 4019 649 4084 veritati
665 4020 869 4096 narrationis,
885 4041 947 4081 non
963 4018 1098 4102 amplius
1113 4040 1183 4081 eam
1198 4018 1350 4080 tuendam
1365 4015 1447 4079 exis·

343 4119 478 4184 timorit.
535 4121 707 4184 Eusebium
737 4122 918 4184 tradentem
947 4119 1052 4196 video,
1077 4141 1134 4182 suo
1164 4118 1336 4182 monstrari
1368 4125 1447 4181 tem·

344 4243 421 4304 pore
444 4222 574 4284 solitum
598 4222 694 4285 fuisse
720 4222 900 4297 Ασοίιίοιηο,
924 4242 1036 4305 ugrum
1061 4220 1234 4305 sanguinis,
1254 4221 1296 4283 ed
1318 4220 1446 4304 plagam

343 4322 636 4404 septentrionalem,
653 4323 729 4397 sive,
746 4328 889 4385 vertente
906 4321 1112 4405 Hieronymo,
1129 4321 1314 4397 australem,
1325 4321 1445 4385 montis

343 4422 429 4501 Sion,
446 4424 478 4485 in
497 4425 684 4488 Ortomastico
706 4424 835 4488 Urbium
850 4434 877 4487 et
893 4426 964 4487 Loc.
983 4426 1089 4487 Sucrae
1104 4425 1276 4507 Smptmoe
1298 4445 1330 4507 p.
1346 4444 1377 4508 5.
1393 4423 1445 4486 ed.

342 4524 468 4588 Clerici.
514 4525 674 4611 Quidquid
691 4534 797 4589 autem
813 4527 852 4589 de
868 4527 983 4591 Jueobi
1003 4527 1099 4591 titulo
1120 4527 1186 4599 fiat,
1204 4547 1298 4609 quem
1321 4524 1446 4588 codices

340 4627 415 4689 olim
429 4627 596 4690 nescivisse
611 4628 764 4711 suspicor,
777 4629 968 4692 sanctissimi
979 4630 1037 4692 viri
1053 4630 1239 4694 cathedram
1250 4627 1300 4692 vel
1315 4626 1446 4690 Eusebii

339 4737 438 4796 aetate
464 4753 537 4794 cum
564 4753 681 4815 magne
706 4731 884 4796 reverentia
909 4741 1071 4797 ostensam
1095 4732 1191 4797 luisse
1215 4731 1324 4816 liquet.
1369 4729 1442 4794 vid.
