3809 5650
582 985 853 1079 ARlSTO
891 983 1266 1078 PELLAEUS.

753 1302 1108 1344 ...Φ-.-

385 1569 496 1640 Jonn.
515 1569 609 1638 ERN.
628 1569 806 1651 Gonnus,
824 1566 987 1663 Sprfciny.
1001 1566 1160 1645 Patruini,
1181 1568 1248 1636 vol.
1268 1569 1302 1637 ii.
1324 1592 1360 1659 p.
1383 1588 1462 1662 127.

378 1797 683 1924 AltisTOle
710 1853 830 1924 Pellaei
857 1877 934 1923 rere
958 1855 995 1922 in
1019 1852 1257 1944 Scriptoribus
1284 1852 1478 1924 Ecclesias-

376 1979 455 2047 tieis
473 1979 624 2046 occurrit
641 1978 786 2057 mentio,
805 1999 871 2045 neo
888 1975 983 2057 alibi,
1001 1983 1174 2066 quantum
1192 1977 1350 2057 memini,
1369 1999 1476 2067 quem

377 2101 470 2191 apud
498 2099 627 2169 Euseb.
651 2099 711 2168 lib.
729 2100 775 2168 iv.
794 2098 891 2168 Hist.
912 2098 1048 2169 Eeeles.
1067 2121 1142 2189 cap.
1161 2098 1194 2167 6.
1213 2108 1251 2168 et
1276 2098 1477 2168 Maximum

377 2217 413 2283 in
431 2213 632 2283 Comment.
650 2215 694 2283 ad
712 2236 787 2304 cap.
807 2237 835 2282 1.
852 2212 1012 2305 Dionysii
1031 2211 1415 2306 Pseudo-Areopagites
1433 2212 1478 2282 de

381 2337 536 2430 Mystico
563 2336 767 2429 Theologia,
801 2337 861 2406 ubi
891 2358 974 2405 eum
1005 2334 1203 2405 Auctorem
1233 2335 1319 2406 facit
1345 2334 1479 2429 Dispu-

382 2459 523 2530 tationis
539 2457 686 2530 Jusonis
709 2468 740 2530 et
757 2458 912 2552 Panisci,
931 2483 1011 2550 quae
1030 2482 1092 2550 pro
1110 2459 1260 2529 veritate
1284 2459 1479 2553 Religionis

379 2583 588 2653 Christianae
605 2591 779 2674 suscepta,
798 2582 852 2651 vel
872 2581 999 2652 saltem
1014 2583 1144 2673 scripta
1167 2583 1478 2655 fuit—Aristo

381 2704 535 2776 Pellaeus
565 2714 721 2775 exeunte
755 2704 936 2784 Hadriani,
964 2715 1002 2774 et
1031 2707 1177 2775 ineunte
1203 2704 1377 2774 Antonini
1414 2709 1480 2777 im-

379 2833 477 2924 perio
507 2831 636 2900 floruit.
690 2830 776 2900 Post
807 2851 913 2900 xv111.
940 2832 1036 2899 enim
1061 2852 1194 2900 annum
1220 2830 1370 2900 Adriani
1396 2855 1479 2902 eum

380 2955 557 3046 scripsisse
574 2978 620 3025 ex
638 2954 782 3024 Eusebii
801 2955 916 3024 verbis
934 2964 1034 3047 patet
1050 2956 1135 3046 (vid.
1149 2955 1240 3024 infru
1251 2978 1285 3047 p.
1301 2955 1396 3048 96.);
1414 2959 1480 3028 sub

381 3078 566 3148 Antonino
597 3077 661 3146 Pio
691 3086 811 3147 autem
837 3101 942 3169 supro
968 3080 1103 3148 dictum
1130 3087 1322 3148 tractatum
1348 3081 1393 3149 ub
1419 3080 1480 3150 illo

382 3204 518 3274 editum
537 3224 624 3284 esse,
642 3202 771 3272 exinde
789 3201 927 3295 colligo,
946 3205 1040 3293 quod
1067 3202 1200 3282 Celsus,
1219 3205 1280 3293 qui
1307 3203 1480 3274 Hadriani

383 3337 543 3417 tempore
561 3334 598 3395 et
615 3325 763 3396 ulterius
780 3325 961 3417 eliquanto
980 3327 1079 3409 vixit,
1095 3337 1186 3398 teste
1205 3328 1361 3421 Origene
1375 3329 1435 3399 lib.
1451 3328 1481 3400 I.

383 3461 506 3521 contra
531 3449 674 3520 Celsum
702 3472 779 3543 pag.
806 3451 838 3520 8.
856 3452 932 3541 ejus
958 3452 1176 3521 mentionem
1203 3452 1336 3521 feeerit.
1389 3454 1482 3526 Haeo

383 3574 479 3643 enim
505 3573 672 3665 legrmtur
696 3574 789 3664 apud
816 3571 1009 3666 Origenem
1036 3574 1095 3643 lib.
1123 3576 1167 3642 iv.
1193 3599 1226 3667 p.
1256 3600 1335 3670 199.
1388 3577 1482 3649 Celsi

384 3695 502 3776 verba,
516 3708 677 3771 Παπίσκον
688 3707 768 3774 τινὸς
780 3709 828 3771 καὶ
837 3707 976 3775 Ἰάσονος
987 3712 1163 3792 ἀντιλογίαν
1175 3713 1281 3793 ἔγνων,
1294 3715 1330 3776 οὐ
1341 3713 1483 3793 γέλωτος,

385 3832 466 3893 ἀλλὰ
480 3835 599 3910 μᾶλλον
614 3832 717 3898 ἐλέους
737 3835 785 3896 καὶ
804 3834 910 3912 μίσους
929 3831 1026 3910 ἀξίαν.
1079 3821 1116 3891 P
1114 3824 1227 3916 αρίδθὶ
1252 3823 1426 3915 Ollllbddam
1452 3835 1485 3896 θί

385 3940 530 4013 Jusonis
557 3946 801 4015 contentionem
829 3947 919 4030 νιοοὶ,
938 3969 1006 4015 non
1021 3956 1089 4016 turn
1113 3947 1188 4015 risu
1213 3946 1363 4042 diyreanr,
1382 3971 1483 4040 qnam

386 4067 604 4139 irriseratione
620 4078 651 4138 et
662 4068 752 4139 odio.
804 4071 967 4158 (Adduxi
985 4072 1075 4140 infru
1093 4070 1285 4162 Origenem
1304 4072 1384 4140 huie
1402 4095 1485 4141 eon-

389 4193 474 4261 vitio
492 4194 789 4284 respondentem.)
