3809 5650
467 1236 1015 1336 FRAGMENTUM
1057 1242 1436 1342 EPISTOLAE

512 1467 549 1537 A
575 1469 918 1546 MARTYRIBUS
944 1474 1392 1549 LUGDUNENsfflus

927 1667 978 1716 AD

510 1829 838 1895 ELEUTHERUM
861 1831 1102 1896 ROMANUM
1125 1832 1392 1898 EPISOOPUM

353 2005 369 2061 5
405 1989 511 2048 POST
526 1992 709 2051 MEDIUM
725 1992 939 2052 SAECULUM
959 1994 1195 2054 SECUNDUM
1214 1994 1502 2054 CONSCRIPTAE.

787 2274 1121 2310 *-

399 2472 633 2587 XAIPEIN
652 2511 690 2587 εἰι
704 2515 788 2615 θεῷ
802 2543 847 2587 σε
859 2512 897 2588 εἰι
912 2517 1028 2589 πᾶσιν
1045 2508 1222 2614 εὐχόμεθα
1239 2513 1298 2590 καὶ
1313 2513 1377 2608 ἀεὶ,
1388 2510 1502 2614 πάτερ

399 2642 600 2743 Ἐλεύθερε.
628 2640 742 2729 ταῦτά
760 2677 821 2721 σοι
840 2641 886 2720 τὰ
903 2643 1101 2744 γράμματα
1118 2642 1419 2749 προεπρεψθμεθα
1437 2641 1502 2725 τὸν

400 2774 561 2882 ἀδελφὸν
583 2776 684 2875 ἡμῶν
709 2781 767 2857 καὶ
792 2775 961 2857 κοινωνὸν
981 2784 1170 2880 Εἱρηναῖον
1198 2780 1413 2876 διακομίσαι·
1441 2779 1502 2858 καὶ

399 2921 677 3012 παρακαλοῦμεν
704 2913 797 3017 ἔχειν
825 2947 869 2991 σε
897 2912 1006 2992 αι’πὸν
1032 2915 1070 2991 εἰι
1101 2911 1310 3013 παραθέσει,
1338 2911 1502 3013 ζηλωτὴν

357 3044 487 3124 mima
505 3051 567 3144 τῆς
586 3045 755 3147 διαθήκης
772 3052 949 3150 Χριστοῦ.
978 3052 1007 3126 εἰ
1031 3045 1104 3149 γὰρ
1129 3043 1271 3150 ᾔδειμεν
1295 3042 1408 3125 τόπον
1431 3049 1501 3125 τινὶ

400 3179 628 3280 δικαιοσύνην
657 3186 927 3283 περιποιεῖσθαι,
957 3184 1005 3265 ὡς
1031 3179 1280 3283 πρεσβύτερον
1306 3180 1501 3279 ἐκκλησίας

399 3309 486 3413 ὅπερ
506 3316 608 3391 ἐστιν
624 3314 678 3393 ἐπ’
697 3315 804 3419 αι’πῴ,
829 3316 867 3393 ἐν
890 3316 1047 3418 πρώτοις
1065 3312 1111 3393 ἂν
1134 3313 1372 3418 παρεθέμεθα.
1432 3333 1500 3392 Hoc

398 3445 483 3505 affert
497 3445 645 3506 Eusebius
658 3447 709 3507 lib.
725 3468 752 3506 v.
769 3449 844 3508 Hitt.
859 3470 886 3509 ο.
901 3468 931 3523 4.

440 3668 484 3726 Te
512 3689 565 3747 per
591 3670 690 3728 omnia
716 3691 750 3730 αα
777 3680 922 3749 perpetuo
971 3680 1040 3746 pote
1081 3668 1281 3727 oemuhtorem
1328 3667 1498 3727 testamenti

353 3759 533 3825 150ptamus
557 3751 588 3807 in
616 3750 682 3809 Deo
710 3750 815 3816 valere,
838 3762 922 3829 pater
972 3751 1092 3809 Christi.
1140 3748 1230 3819 Quod
1259 3748 1283 3806 si
1312 3747 1397 3806 nobis
1418 3767 1498 3805 com.

399 3827 569 3887 Eleuthere.
617 3831 678 3888 Has
705 3830 804 3889 literas
828 3840 862 3888 ut
884 3828 921 3888 ad
972 3841 1088 3908 pertum
1117 3837 1204 3894 esset,
1232 3827 1328 3885 locum
1362 3828 1498 3903 cuiqnam

397 3919 428 3964 te
456 3909 608 3986 perferret,
631 3911 751 3968 fratrem
775 3920 805 3968 et
832 3909 920 3968 colle·
973 3909 1105 3967 conferre
1112 3907 1269 3984 justitiam,
1279 3926 1346 3964 eum
1357 3916 1499 3982 tanquam

397 4008 461 4063 gam
485 3999 617 4046 nostrum
642 3990 785 4047 Irenaeum
810 3989 919 4046 hortati
970 3988 1172 4067 presbyterum
1195 3985 1323 4044 ecclesiae
1353 3985 1446 4058 (hunc
1466 4004 1497 4043 e·

397 4086 507 4125 numus.
551 4069 648 4138 Quem
662 4068 780 4145 quidem
795 4079 918 4125 uteom·
971 4068 1032 4124 nim
1060 4065 1180 4143 gradum
1212 4065 1339 4136 obtinet)
1367 4064 1421 4122 tibi
1450 4064 1497 4121 in.

348 4160 388 4206 20
398 4147 567 4205 mendatum
585 4148 691 4206 habene
711 4168 857 4225 rogamus,
873 4156 920 4204 ut·
971 4146 1073 4224 primis
1086 4143 1377 4203 commendassemue.
