3809 5650
475 671 541 734 270
850 669 1203 735 ANNOTATIONES

475 835 565 899 donoc
578 835 704 897 Anicia
719 837 815 909 Soter,
833 843 860 897 et
875 835 978 898 Soteri
999 836 1133 899 maesii
1147 835 1336 911 Ebutiana,
1352 835 1438 899 aliud
1453 834 1574 918 aliquid

475 936 525 999 his
539 936 643 999 verbis
657 935 826 1020 signifioari
842 935 955 998 sentio.

518 1037 614 1101 Certe
639 1035 793 1099 Halloixii
818 1035 953 1098 effraenis
978 1034 1106 1099 lieentia
1125 1036 1158 1098 in
1175 1037 1236 1099 hoo
1253 1037 1323 1100 loeo
1343 1037 1574 1119 corrumpendo

475 1137 602 1201 minime
627 1136 759 1201 serenda
783 1145 843 1208 est,
867 1136 920 1220 qui
944 1135 1047 1219 primo
1067 1138 1233 1220 supposuit
1256 1138 1340 1200 huno
1359 1137 1463 1200 loeum
1483 1137 1575 1199 valde

475 1245 659 1322 corruptum
674 1258 743 1300 esse
758 1237 792 1299 in
808 1237 928 1300 Graeois
949 1236 1192 1320 exemplaribus,
1208 1237 1325 1320 partim
1345 1259 1385 1300 ex
1401 1236 1575 1299 dictionum

475 1338 732 1422 transpositione,
748 1337 866 1422 partim
880 1337 978 1400 etiam
993 1358 1033 1400 ex
1048 1337 1314 1411 commutatione;
1337 1359 1399 1421 quo
1410 1337 1575 1420 supposito

476 1460 540 1502 non
555 1445 681 1502 tantum
695 1438 837 1519 διαδοχὴν
851 1438 884 1501 in
899 1439 1062 1517 διατριβὴν,
1075 1439 1199 1501 nemine
1210 1445 1381 1522 praeeunte,
1398 1437 1575 1510 convertit3

475 1539 532 1603 sed
545 1547 577 1601 et
588 1560 647 1621 pro
654 1538 758 1619 μέχρις
771 1536 926 1616 Ἀνικύτον
940 1538 1019 1623 legit
1034 1543 1114 1618 παρὰ
1123 1539 1277 1622 Ἀνικήτιρ,
1289 1539 1374 1622 quod
1389 1538 1483 1621 paulo
1498 1538 1575 1600 infe·

475 1638 542 1702 rius
551 1644 644 1701 extra
651 1637 755 1701 looum
767 1659 859 1700 suum
870 1659 910 1700 ex
919 1637 1005 1714 vitio,
1016 1638 1063 1700 vel
1075 1638 1287 1714 librariorum,
1300 1639 1348 1701 vel
1360 1638 1576 1723 typographo·

476 1759 549 1801 rum
559 1737 698 1823 positum
709 1736 806 1800 fuisse
817 1744 920 1821 putat.
952 1736 997 1801 Et
1006 1759 1115 1801 rursus
1124 1760 1183 1821 pro
1199 1739 1247 1801 καὶ
1256 1742 1337 1817 παρὰ
1349 1736 1504 1816 Ἀνικήτου
1514 1744 1575 1802 δια-

477 1837 598 1919 δέχεται
613 1837 724 1914 Σωτὴρ,
740 1837 861 1898 extrita
878 1835 1037 1919 particula
1055 1839 1111 1911 καὶ,
1133 1837 1300 1901 substituit
1316 1837 1405 1919 μέχρι
1418 1837 1576 1914 Ἀνίκητον

476 1937 645 2019 διαδέχεται
665 1936 778 2017 Σωτὴρ,
797 1935 904 2018 sieque
923 1936 1164 2020 interpretatur,
1183 1938 1273 2001 donec
1295 1938 1420 2001 Aniceto
1442 1937 1577 2000 inmersit

477 2040 584 2109 Seiam
613 2037 703 2121 quasi
716 2036 805 2117 μέχρι
818 2033 975 2115 Ἀνίκητον
984 2037 1152 2120 διαδέχεται
1160 2038 1241 2101 bene
1257 2039 1373 2101 Graeoa
1387 2045 1502 2113 essent,
1518 2044 1577 2100 aut

476 2160 550 2201 eum
564 2158 690 2200 sensnm
705 2137 893 2213 funderent3
916 2137 969 2221 qui
984 2137 1119 2222 denique
1135 2139 1204 2202 haeo
1221 2160 1242 2201 a
1256 2138 1359 2221 seipso
1373 2137 1507 2220 pessime
1522 2160 1577 2200 ex-

477 2238 622 2322 cogitata
636 2259 695 2321 pro
710 2237 785 2320 ipsis
802 2237 977 2321 Hegesippi
993 2238 1098 2301 verbis
1111 2238 1221 2314 edidit,
1231 2238 1373 2321 adeoque
1384 2236 1576 2299 sententiam

478 2360 570 2402 suam
584 2360 605 2401 a
620 2359 653 2400 se
666 2336 834 2402 oonfiotam
849 2360 908 2421 pro
923 2337 1160 2422 Hegesippiana
1174 2338 1271 2401 dedit.

522 2439 595 2521 Ego
609 2442 747 2499 veterem
771 2436 938 2500 leotionem
959 2435 991 2497 in
1009 2437 1069 2499 hoo
1085 2435 1259 2521 Hegesippi
1273 2436 1342 2500 loeo
1360 2434 1488 2497 minime
1502 2435 1575 2497 soli-

478 2537 649 2612 oitandam,
665 2538 721 2599 sed
735 2538 863 2599 omnino
878 2536 1077 2600 retinendam
1094 2545 1192 2621 put03
1214 2538 1303 2621 eujus
1321 2559 1360 2600 ex
1377 2535 1436 2600 looi
1458 2535 1575 2621 integri

478 2637 674 2722 inspectione
696 2637 781 2701 ratio
804 2638 915 2702 statim
938 2639 1118 2702 oonstabat.
1168 2639 1221 2703 Sio
1243 2638 1341 2722 igitur
1361 2636 1576 2722 Hegesippus‚

480 2742 644 2817 Γενόμενος
666 2740 698 2802 δέ
717 2741 751 2800 έν
764 2736 861 2826 Ῥύμῃ
884 2739 1026 2820 διαδοχὴν
1046 2740 1230 2818 ἐποιησάμην
1243 2739 1348 2820 μέχρις
1360 2737 1525 2817 Ἀνικήτον,
1541 2739 1576 2800 οὗ

479 2840 614 2905 διάκονος
638 2840 676 2917 ἢν
698 2838 885 2921 Ἐλεύθερος,
914 2841 962 2903 καὶ
984 2844 1065 2920 παρὰ
1088 2838 1244 2918 Ἀνικήτον
1270 2839 1438 2921 διαδέχεται
1463 2839 1576 2918 Σωτὴρ,

477 2939 542 3020 μεύ
567 2940 603 3003 δν
622 2939 807 3019 Ἐλεύθερος·
840 2943 874 3004 έν
900 2940 1011 3026 ἑκάστῃ
1035 2942 1067 3003 δέ
1091 2944 1229 3025 διαδοχῇ,
1242 2941 1291 3002 καὶ
1308 2941 1342 3002 έν
1357 2939 1467 3025 έκύστῃ
1487 2943 1576 3004 πόλει

479 3043 570 3107 ούτως
590 3042 663 3124 ἔχει,
689 3043 727 3108 ὣς
747 3044 763 3104 ὁ
784 3046 872 3121 νόμος
892 3043 1033 3122 κηρύττει,
1057 3041 1105 3103 καὶ
1123 3043 1153 3103 ol
1173 3045 1333 3122 προφῆται,
1355 3042 1403 3103 καὶ
1423 3042 1440 3102 d
1460 3042 1575 3121 Κύριος.

479 3142 584 3205 Bonita
598 3164 665 3205 nero
677 3164 745 3205 oum
757 3164 851 3218 mmm,
867 3142 1074 3205 messionem
1088 3142 1236 3225 ααιαροςιιύ
1250 3163 1339 3226 usqua
1352 3141 1397 3204 ad
1405 3142 1575 3217 Anicetum,

479 3244 564 3326 aja
579 3244 738 3307 Dima
759 3252 826 3309 erat
839 3242 1030 3319 Εἶναιδιννο,
1050 3252 1077 3306 at
1092 3244 1217 3306 Αοὶοοτο
1238 3242 1374 3305 ammorii
1393 3244 1488 3317 Soter,
1507 3252 1577 3325 post

477 3367 564 3431 quan
578 3345 774 3409 aauaaa:
797 3346 841 3407 In
855 3346 936 3407 maai
952 3355 1052 3408 autem
1070 3346 1253 3422 ιιιοοαςςὶοιιο,
1269 3355 1295 3408 et
1309 3345 1343 3406 ia
1362 3344 1443 3407 omrai
1456 3344 1578 3407 civitate

478 3467 524 3509 aas
538 3447 584 3508 ito
597 3467 627 3509 se
640 3443 733 3522 aba,
748 3453 783 3509 ut
796 3444 844 3508 lea
850 3445 1017 3528 predicat,
1033 3454 1061 3509 ot
1068 3446 1235 3529 propiata,
1249 3456 1276 3510 et
1290 3446 1448 3509 Dominus.
1493 3443 1577 3507 Mihi

478 3545 547 3609 haeo
572 3544 746 3609 clarissima
768 3544 934 3608 videntur:
970 3545 1173 3630 Hegesippus
1196 3546 1324 3630 longum
1349 3547 1412 3610 iter
1436 3545 1577 3611 instituit

478 3646 615 3711 Romam
628 3666 737 3728 usque,
757 3644 874 3708 multas
896 3644 1042 3709 eivitates
1059 3646 1151 3722 adiit,
1170 3646 1279 3710 multis
1300 3647 1454 3732 episeopis
1473 3669 1506 3710 se
1520 3648 1577 3711 ad-

473 3747 582 3835 junxit
596 3772 604 3823 ς
627 3745 772 3811 Corinthi
787 3767 859 3808 eum
873 3753 968 3823 esset,
991 3746 1031 3809 de
1049 3745 1170 3829 origine
1184 3747 1252 3829 ejus
1266 3746 1406 3809 eeclesias
1421 3747 1576 3830 quaesivit,

479 3850 520 3914 de
542 3847 675 3933 epistola
699 3846 731 3910 S.
748 3845 920 3911 Clementis
945 3846 1114 3911 eertiorem
1133 3869 1167 3911 se
1186 3846 1283 3919 feoit;
1307 3846 1394 3909 illam
1413 3847 1578 3910 eeclesiam

480 3951 523 4016 ab
545 3972 584 4014 eo
609 3958 753 4033 tempore
775 3947 809 4011 in
832 3954 923 4012 reeta
944 3948 1008 4012 fide
1033 3947 1242 4033 permansisse
1258 3968 1356 4031 usque
1375 3948 1419 4011 ad
1433 3948 1578 4010 Primum

480 4059 558 4117 tuno
583 4049 722 4135 episcopi
745 4049 848 4113 loeum
869 4048 987 4112 ibidem
1010 4057 1180 4125 tenentem,
1208 4047 1396 4113 observavit.
1442 4049 1579 4112 Romam

479 4152 554 4216 inde
568 4151 659 4226 adiit,
675 4150 781 4235 ibique
795 4150 1002 4214 suooessionis
1015 4151 1159 4215 tabulam
1173 4150 1308 4215 eonleeit
1322 4171 1422 4234 usque
1439 4151 1481 4213 ad
1498 4150 1578 4212 Ani-

480 4262 595 4327 eetum,
615 4254 674 4317 sub
696 4254 786 4336 eujus
805 4252 1001 4317 Pontificatu
1023 4254 1158 4318 Romam
1174 4255 1270 4331 venit,
1285 4262 1323 4317 ut
1340 4253 1497 4318 Eusebius
1516 4260 1578 4316 tes

479 4361 570 4418 tatur
593 4355 648 4418 lib.
664 4355 703 4418 iv.
728 4377 800 4440 oap.
821 4376 869 4418 11.
897 4355 1063 4439 obiterque
1089 4361 1211 4441 postea,
1238 4377 1310 4418 oum
1334 4354 1578 4418 commentarios

479 4454 633 4519 scriberet
646 4455 706 4518 sub
722 4455 905 4532 Eleuthero‚
921 4477 940 4518 e
962 4456 1076 4539 quibus
1090 4456 1158 4520 haee
1173 4455 1270 4518 verba
1283 4454 1477 4537 transcripta
1492 4460 1576 4529 sunt,

479 4555 603 4618 monuit
624 4556 762 4619 Anioeto
783 4555 970 4620 suooessisse
989 4558 1144 4634 Soterem,
1166 4555 1270 4620 Soteri
1286 4554 1502 4630 Eleutherum,
1523 4554 1577 4637 qui

481 4654 611 4718 Anieeti
634 4656 797 4720 Diaoonus
814 4665 885 4722 erat
905 4680 944 4721 eo
961 4665 1118 4742 tempore,
1137 4679 1200 4741 quo
1220 4658 1333 4721 Romae
1352 4655 1424 4732 fuit,
1439 4654 1578 4720 addidit·
