3809 5650
600 693 650 757 IN
675 693 925 759 MELITONIS
950 694 1248 760 FRAGMENTA.
1409 699 1472 765 147

371 859 422 923 28.
466 861 515 923 Τὸ
537 863 596 941 γὰρ
620 863 779 942 Εἷρηναέου
806 887 837 926 τε
862 864 910 925 καὶ
934 863 1109 930 Μελίτωνος
1135 865 1182 925 καὶ
1206 868 1264 926 τῶν
1284 869 1407 937 λοιπῶν,
1431 866 1474 930 τίς

369 961 476 1041 ἀγνοεῖ
495 963 620 1040 βιβλία,
643 962 726 1026 Θεὸν
749 965 797 1026 καὶ
819 964 976 1045 ἄνθρωπον
999 963 1245 1045 κοταγγέλλοντα
1261 961 1312 1026 τὸν
1328 963 1472 1045 Χριστὸν,

368 1060 445 1143 quin
466 1061 534 1125 haeo
556 1061 626 1146 ipsa
650 1061 816 1127 Melitonis
838 1064 879 1127 ab
902 1063 1078 1128 Anastasio
1100 1065 1249 1142 adducta,
1272 1065 1316 1128 illi
1349 1066 1472 1130 auctori

368 1161 551 1226 Eusebiano
575 1164 617 1226 ob
648 1164 755 1227 oculos
782 1172 910 1228 versata
940 1165 1070 1230 luerint.
1126 1167 1281 1230 (lanieras
1307 1174 1340 1231 et
1366 1168 1472 1231 locum

369 1262 533 1327 Melitonis
548 1287 588 1328 ex
613 1265 760 1329 Circa-iao
776 1265 925 1330 Pacolali
951 1289 1048 1351 supra
1065 1268 1196 1331 allatum
1216 1290 1288 1352 pag.
1308 1271 1378 1332 118.
1390 1271 1470 1335 alto-

366 1385 499 1448 rumque
514 1387 554 1427 ex
570 1365 681 1428 eodem
692 1367 869 1431 Anastasio
884 1375 958 1452 post
973 1368 1041 1431 haec
1057 1370 1196 1452 positum
1213 1391 1285 1453 pag.
1302 1388 1373 1434 122.

409 1465 566 1530 Eusebius
589 1467 725 1550 quidem,
741 1491 762 1532 a
784 1490 847 1552 quo
869 1492 948 1552 opus
971 1470 1040 1546 hoc,
1064 1477 1101 1532 ut
1125 1470 1200 1547 dixi,
1226 1470 1312 1533 haud
1336 1492 1470 1535 comme-

365 1574 525 1631 moratum
547 1576 606 1645 est,
629 1570 671 1634 ad
693 1570 787 1633 finem
811 1571 924 1655 capitis
945 1571 1039 1654 hujus
1060 1572 1099 1633 de
1124 1571 1287 1634 Melitonis
1307 1571 1395 1635 libris
1414 1573 1470 1635 ad-

365 1669 422 1745 dit,
440 1672 488 1733 κοὶ
502 1675 539 1733 τὰ
552 1673 609 1748 μὲν
623 1677 675 1734 τοῦ
690 1674 865 1736 Μελίτωνος
880 1677 1021 1746 τοσαῦτα,
1039 1672 1231 1735 sedtantum
1246 1694 1284 1735 eo
1299 1672 1468 1749 indicatur,

365 1770 526 1834 Halloixio
549 1773 646 1835 verba
674 1772 918 1856 interpretante,
944 1794 1052 1835 omnes
1080 1772 1244 1836 Melitonis
1269 1773 1367 1836 libros
1392 1795 1468 1837 onu-

363 1893 502 1936 merusse
518 1872 690 1936 Eusebium
707 1896 786 1956 quos
801 1872 982 1947 noviacus
1000 1877 1040 1940 εἷς
1051 1874 1197 1954 ἡμετέραν
1209 1880 1323 1956 γνῶσιν
1335 1877 1467 1954 ἀφῖκται,

363 1972 467 2056 inquit
489 1972 541 2036 ille
563 1974 677 2058 capitis
701 1974 800 2037 initio.
847 1974 1031 2038 Meminisse
1057 1998 1182 2059 quoque
1207 1976 1369 2060 oportebit
1396 1998 1467 2060 quae

363 2074 447 2138 idem
470 2074 637 2139 admonuit
663 2075 832 2139 historicus
858 2077 897 2139 de
922 2076 1105 2163 Serapionis
1130 2077 1277 2161 operibus
1302 2077 1335 2139 in
1357 2077 1409 2140 lib.
1427 2077 1468 2141 lv.

363 2175 450 2239 Hist.
468 2198 536 2260 cap.
553 2196 601 2241 12.
638 2180 701 2239 Τοῦ
715 2179 747 2239 δὲ
764 2177 957 2256 Σαραπίωνος
972 2182 1022 2256 τῆς
1036 2179 1103 2258 περὶ
1117 2180 1226 2259 λόγους
1242 2178 1408 2255 ἀσκήσεως,
1420 2178 1468 2241 καὶ

362 2279 444 2341 ἀλλὰ
463 2280 519 2357 μὲν
542 2278 619 2344 εἰκὸς
641 2279 789 2354 σώζεσθαι
811 2277 879 2358 παρ’
904 2277 1014 2358 ἑτέροις
1038 2277 1241 2356 ὑπομνήματα·
1268 2281 1311 2344 εἰς
1334 2281 1408 2358 ἡμᾶς
1434 2281 1465 2341 bi

361 2380 439 2457 μόνα
455 2383 582 2456 κατῆλθε
597 2382 634 2441 τὰ
653 2378 725 2458 πρὸς
746 2382 897 2457 Δομνίνον
914 2382 971 2441 bre.
1016 2378 1169 2442 Conferas
1185 2401 1255 2462 quae
1275 2380 1317 2443 ad
1333 2378 1466 2441 Arouar-

362 2501 452 2541 snms
468 2480 664 2563 Fragmenta
682 2501 740 2542 nos
759 2479 842 2542 infra
862 2480 1055 2542 notabimus.
1102 2480 1204 2542 Porro
1227 2480 1357 2564 perinde
1378 2480 1468 2564 quasi

362 2578 542 2662 hujusmodi
567 2602 647 2664 opus
668 2602 689 2643 a
717 2580 873 2642 Melitone
897 2581 1050 2664 scriptum
1076 2585 1171 2654 esset,
1195 2586 1334 2643 testatus
1356 2588 1407 2643 est
1433 2579 1467 2644 S.

362 2679 576 2766 Hieronymus
598 2682 631 2743 in
653 2681 795 2764 Epistola
816 2681 861 2742 ad
880 2682 1043 2764 Μορπιιιιι,
1060 2686 1096 2742 ut
1117 2679 1213 2742 modo
1237 2680 1355 2756 vidisti,
1373 2680 1468 2744 Meli·

360 2788 478 2859 tonem‚
500 2782 642 2866 aliosque
662 2788 780 2866 patrea,
797 2802 876 2866 quos
896 2782 940 2844 ibi
963 2780 1158 2857 memoravit,
1176 2802 1288 2845 aeserta
1309 2781 1467 2845 tarasiam

359 2883 561 2967 ιίιιριιΙονιιπι,
592 2894 620 2946 et
648 2906 685 2947 ea
712 2882 820 2967 quidus
841 2882 1086 2966 pbilosophorum
1112 2880 1252 2961 sontibus
1285 2883 1466 2959 emanarint,

360 2984 487 3068 scriptis
501 2983 716 3068 explicavisse.
749 2982 858 3046 Talem
873 2990 982 3046 autem
994 2983 1145 3066 originem
1158 2981 1329 3056 Gnosticis,
1341 3002 1379 3043 ac
1392 3002 1466 3044 con·

360 3084 513 3149 nmilibus
538 3085 696 3148 haereticis
723 3083 958 3147 Valentinianis
982 3090 1015 3144 et
1044 3082 1256 3159 Marcionitis,
1288 3082 1466 3166 exprobare

361 3184 501 3250 Irenaeus
516 3193 549 3250 et
569 3186 706 3249 maxime
730 3185 943 3248 Tertullianus
963 3184 1053 3246 solet.
1099 3183 1227 3247 Interea
1247 3183 1287 3246 de
1307 3183 1397 3260 libro,
1413 3186 1468 3251 Εἰς

359 3284 512 3365 τὸπάθος,
529 3286 678 3349 Melitoni
691 3286 733 3349 ab
749 3287 859 3348 eodem
875 3284 1051 3348 Anastasio
1066 3284 1227 3367 adscripto
1243 3291 1381 3360 constat,
1393 3306 1465 3348 cum

358 3409 399 3450 ex
413 3387 466 3451 illo
489 3395 706 3452 auctoratum
727 3409 766 3450 ex
787 3387 864 3463 loco,
880 3408 973 3470 quom
995 3409 1033 3450 ex
1053 3387 1204 3451 Thesauro
1224 3386 1322 3450 MSto
1344 3386 1465 3450 Nicetae

359 3489 527 3553 Choniatae
546 3490 688 3567 afferam,
710 3489 855 3552 habitum
877 3510 944 3550 esse
967 3489 1144 3572 antiquitus
1159 3488 1273 3550 librum
1297 3487 1384 3550 illum
1406 3509 1465 3571 pro

358 3611 453 3674 opere
474 3612 550 3654 vero
568 3614 605 3655 ac
631 3612 783 3675 germano
810 3590 896 3672 apud
922 3611 1031 3652 omnos
1058 3590 1183 3653 diversa
1203 3596 1367 3674 utcunque
1393 3610 1463 3652 sen·

359 3690 484 3764 tientes,
500 3691 668 3756 haeretioos
681 3699 714 3754 et
729 3691 934 3754 orthodoxos.

402 3791 441 3854 P.
458 3811 527 3857 122.
551 3793 572 3855 l.
589 3813 638 3857 11.
660 3791 700 3855 Ὁ
723 3793 803 3858 Θεὸς
824 3791 975 3854 πέπονθεν
998 3790 1055 3852 ὑπὸ
1080 3793 1149 3873 bra]
1177 3792 1251 3853 Hoc
1270 3790 1355 3853 inter
1375 3789 1465 3853 testi-

357 3891 463 3955 monia
477 3892 588 3956 attulit
603 3891 795 3955 Anastasius
810 3912 881 3973 quac
897 3890 1075 3973 prodebant
1091 3891 1301 3954 Theodosiani
1315 3897 1348 3953 et
1367 3891 1463 3954 Gaia-

356 3992 441 4069 nitoe,
464 3999 502 4056 ut
524 3993 706 4076 probarent,
730 3992 833 4076 ipsum
855 3991 954 4053 etiam
979 3992 1082 4053 Deum
1110 3991 1249 4054 Verbum
1273 4013 1344 4053 cum
1368 4011 1463 4053 carne

356 4114 414 4156 sua
428 4094 568 4178 passioni
585 4094 681 4157 luisse
697 4093 877 4169 obnoxium,
895 4095 1070 4157 Μελίπωνος
1086 4094 1248 4155 ἐπισκόπου
1265 4091 1412 4171 Σάρδεων,
1430 4095 1463 4155 ἐκ

357 4200 409 4258 τοῦ
426 4198 530 4276 λόγον,
548 4199 600 4261 Εἰς
619 4195 653 4257 τὸ
676 4193 779 4260 πάθος·
805 4200 917 4258 ΘΕΟΣ
933 4192 1084 4257 πέπονθεν
1101 4193 1157 4253 &a
1203 4192 1284 4253 Tum
1304 4198 1462 4273 praeterea

355 4294 505 4360 laudatus
519 4303 570 4360 est
589 4295 640 4359 hic
661 4294 831 4358 versiculus
846 4317 866 4358 a
882 4295 911 4356 N
913 4294 997 4357 iceta
1012 4291 1169 4355 Ohoniata
1188 4292 1221 4352 in
1240 4291 1389 4353 lbaaaro
1404 4312 1462 4354 suo

360 4395 538 4470 Onlodoao,
566 4396 619 4480 qui
647 4398 761 4459 Graece
786 4395 890 4458 adhuc
916 4395 949 4455 in
976 4391 1173 4455 bibliothecis
1195 4391 1286 4464 latet,
1313 4398 1346 4454 et
1372 4391 1462 4476 cujus

354 4495 494 4580 quinque
523 4501 651 4559 tantum
681 4495 753 4557 libri
783 4494 899 4558 Latine
928 4492 1006 4556 editi
1036 4500 1119 4555 sunt.
1166 4490 1219 4554 Sic
1253 4491 1400 4554 nimirum
1428 4492 1460 4555 in

355 4594 472 4657 Codice
488 4594 695 4657 Bibliothecae
715 4596 740 4655 V
742 4594 890 4669 aticanae,
904 4614 1035 4656 numero
1049 4595 1111 4676 643
1129 4590 1304 4675 designato,
1321 4590 1354 4652 in
1369 4612 1459 4653 usus-

355 4715 416 4776 que
430 4716 519 4768 meos
532 4694 686 4778 inspecto,
702 4716 764 4777 quo
779 4694 906 4777 quidem
921 4694 1102 4757 continetur
1118 4691 1239 4757 Niceten
1257 4712 1346 4776 opus,
1365 4689 1459 4754 Meli-

887 4813 940 4858 υς
