3809 5650
399 657 462 718 αα
514 606 708 719 annom.
732 654 781 719 ru
806 656 874 718 ru.
899 654 1084 720 inunum
1109 653 1383 720 soarpronrs

396 824 536 901 stiloren,
560 824 701 908 reposuit
722 823 930 888 Freinduller.
954 823 1122 887 Arelatem
1146 824 1372 909 Ootoplryyum
1394 823 1511 887 eonsti-

397 932 533 997 tutorem,
559 925 635 987 dum
660 924 755 1007 hujus
779 946 948 1008 personam
972 925 1005 988 in
1030 924 1179 988 Miltiade
1201 926 1250 988 vel
1274 925 1307 988 in
1333 923 1510 987 Alcibiade

398 1024 499 1088 latere
520 1046 613 1107 posse
633 1032 751 1101 censet,
767 1032 975 1088 veruntamen
990 1025 1073 1089 hano
1093 1025 1239 1088 ultimam
1257 1024 1429 1109 perioopen
1450 1044 1508 1085 ex·

399 1124 545 1188 istimans
560 1145 672 1187 sensus
687 1125 813 1189 deseotu
827 1125 985 1202 laborare,
1001 1132 1036 1189 st
1054 1125 1290 1190 restitutionem
1305 1127 1374 1209 ojus
1388 1125 1507 1207 despe-

399 1246 483 1288 rans.
518 1224 634 1288 Malim
643 1226 829 1289 Amorum
843 1248 1007 1309 reponere,
1017 1233 1051 1290 et
1061 1238 1170 1290 voo'em
1181 1226 1397 1290 mutuorum
1413 1224 1509 1287 insti·

399 1332 550 1401 tutorem,
565 1332 730 1402 statorem,
746 1326 961 1410 interpretari.
1005 1326 1155 1392 ceterum
1170 1328 1210 1391 do
1225 1327 1373 1392 Basilidis
1390 1326 1509 1390 Valen-

399 1424 522 1508 tinique
543 1431 653 1501 rotate,
668 1426 722 1509 qui
738 1427 833 1511 paulo
848 1433 922 1511 post
941 1433 1086 1491 mortuos
1100 1450 1210 1492 omnes
1224 1429 1385 1513 apostolos
1399 1426 1511 1490 exorti

400 1548 469 1590 esse
484 1527 643 1605 videntur,
659 1527 726 1590 dixi
740 1534 817 1591 ente
831 1528 874 1590 ad
890 1527 1104 1606 Haemum,
1120 1551 1193 1614 pag.
1210 1548 1228 1595 2
1229 1532 1283 1614 58.

446 1629 484 1690 P.
500 1629 575 1711 396.
589 1627 610 1691 l.
632 1642 682 1712 25.
704 1627 759 1711 qui
782 1626 881 1691 etiam
905 1648 1022 1692 novum
1047 1630 1246 1694 Psslmorum
1272 1630 1389 1693 librum
1414 1627 1508 1690 Mar-

401 1726 485 1790 oioni
497 1727 766 1811 conseripserunt]
782 1727 905 1791 Eodem
920 1750 1015 1792 sensu
1027 1730 1226 1815 Epiphanius
1235 1753 1266 1815 p.
1275 1748 1350 1814 432.
1366 1727 1508 1811 descrip-

402 1836 466 1905 tus,
481 1831 563 1892 ἄλλα
578 1831 612 1893 δὲ
626 1831 820 1912 συντάγματα
834 1831 887 1910 ἀφ’
904 1833 1010 1895 ἑαυτοῦ
1024 1832 1169 1911 συνέταξε
1182 1832 1357 1916 (Marcion)
1375 1836 1438 1896 ταῖς
1452 1829 1508 1893 ἀπ’

403 1931 493 1994 αὑτοῦ
505 1931 719 2010 πλανωμένοις.
752 1930 805 1993 lta
816 1937 850 1994 et
860 1931 1025 1995 Cornelius
1037 1932 1155 2017 Nepos,
1165 1933 1198 1996 in
1209 1933 1378 2016 Lysandro,
1390 1953 1460 2014 eap.
1470 1950 1506 2014 3.

402 2032 496 2095 Hono
522 2033 716 2115 (οναεὶαααα)
740 2032 768 2095 ei
796 2032 949 2118 tempsisse
980 2032 1071 2096 Chen
1095 2032 1350 2097 Halicarnasseus
1377 2032 1508 2094 diodor.

405 2131 509 2214 Supra
533 2140 683 2215 posuerat
708 2132 835 2195 Auetor
859 2133 900 2195 de
927 2132 1020 2196 Pauli
1046 2133 1187 2218 epistolis
1212 2131 1507 2218 pseudepigraphis,

395 2232 481 2312 fido
504 2231 549 2293 ool
571 2231 707 2295 loereetn
731 2232 914 2308 Marcionis,
940 2254 970 2316 p.
986 2250 1016 2316 5.
1043 2234 1064 2295 l.
1084 2254 1131 2301 12.
1174 2234 1257 2298 Hoeo
1285 2233 1360 2297 olim
1385 2233 1509 2296 notavi.

406 2329 529 2393 Verum
549 2331 685 2396 fortasse
705 2332 905 2397 seribendum
927 2340 977 2398 est
1000 2335 1174 2398 Marcionis
1196 2356 1255 2419 pro
1275 2335 1446 2413 Marcioni,
1467 2342 1509 2399 ut

406 2430 603 2515 intelligatur
615 2431 695 2496 liber
710 2433 909 2499 Psalmorum
924 2435 1051 2499 nomine
1065 2436 1133 2519 ejus
1143 2435 1321 2520 insignitus.
