3809 5650
396 700 462 765 274
755 697 1134 763 ANNOTATIONES

396 867 499 932 nostri
514 867 620 931 locum
635 874 775 945 secutus,
789 867 822 932 in
841 869 989 953 catalogo
1009 866 1293 932 ecelesiasticorum
1313 863 1507 949 scriptorum

398 969 617 1054 Hegesippum
631 971 807 1053 praeposuit
821 970 845 1033 J
848 970 954 1034 ustino
966 994 973 1032 ι
997 969 1083 1052 quod
1095 968 1205 1054 utique
1219 967 1287 1032 fieri
1303 989 1367 1030 non
1383 965 1507 1030 debuit.

398 1069 495 1135 Certe
522 1070 679 1133 Eusebius
702 1078 813 1135 noster
835 1071 869 1133 in
891 1091 959 1153 cap.
983 1088 1033 1135 21.
1053 1076 1086 1133 et
1111 1088 1162 1136 ιν.
1189 1069 1285 1153 hujus
1306 1068 1391 1144 libri,
1414 1066 1508 1152 quasi

398 1172 536 1257 priorem
558 1171 750 1235 sententiam
773 1178 965 1247 retractans,
982 1169 1200 1255 Hegesippum
1220 1170 1343 1236 confert
1366 1171 1400 1234 in
1423 1176 1504 1233 tem-

399 1294 480 1356 pora
498 1273 601 1336 Marci
617 1272 785 1336 Antonini.
833 1271 997 1333 Vsnmrus.

444 1374 482 1436 P.
500 1392 572 1438 202.
590 1373 610 1436 l.
630 1394 657 1436 1.
702 1374 759 1438 otc
774 1372 952 1455 κενοτάφια]
968 1372 1052 1435 Edd.
1070 1372 1172 1456 Staph.
1184 1380 1218 1436 et
1234 1372 1303 1436 Vae.
1316 1379 1507 1452 κοινοτάφιιι,

400 1475 444 1537 ad
468 1495 564 1557 quam
586 1493 695 1536 vocem
715 1473 805 1536 istaec
830 1471 989 1535 Valesius.
1034 1472 1166 1536 Rectius
1185 1473 1271 1558 apud
1292 1471 1508 1555 Nicephorum

400 1574 434 1637 in
449 1574 503 1637 lib.
518 1573 561 1637 iii.
576 1596 644 1658 cap.
664 1576 713 1640 26.
729 1573 846 1659 legitur
861 1573 1033 1653 κενοτάφια.
1079 1572 1294 1658 Hieronymus
1308 1573 1342 1635 in
1359 1572 1508 1656 catalogo

402 1675 447 1739 sic
468 1676 575 1740 vertit.
623 1675 764 1739 Turmulos
783 1675 875 1738 etiarn
897 1674 1066 1759 templaque
1079 1676 1231 1758 fuorunt.
1275 1674 1409 1737 Rufinus
1431 1694 1508 1736 vero

402 1777 447 1840 sic
463 1776 713 1861 interpretatur:
734 1775 840 1859 quihus
858 1775 970 1859 templa
989 1776 1079 1839 imaro
1091 1778 1196 1860 potius
1209 1776 1347 1860 sopahrrc
1352 1777 1507 1857 feceruut.

404 1876 569 1940 Vatusms.
601 1874 722 1940 Nostra
736 1876 830 1940 lectio
844 1883 936 1940 extat
950 1877 1036 1961 apud
1052 1877 1217 1961 christoph.
1228 1878 1321 1940 Lactt.
1334 1882 1367 1939 et
1378 1874 1508 1959 Niceph.

403 1979 561 2062 probante
578 1976 703 2041 Valesio
719 1977 773 2060 qui
794 1985 827 2040 et
842 1977 1018 2061 cauotaphiu
1032 1978 1139 2042 vertit.
1184 1979 1302 2042 Omnes
1316 1976 1509 2061 interpretes

403 2081 486 2144 hanc
501 2100 609 2142 vocem
625 2077 655 2139 h.
671 2076 692 2140 l.
708 2077 829 2160 vulgari
844 2077 1025 2161 significatu
1039 2078 1209 2163 accipiunt.
1247 2080 1295 2141 At
1309 2077 1387 2141 mihi
1401 2077 1509 2161 potius

402 2179 570 2243 Nmuhucra
599 2178 752 2240 denotare
781 2178 916 2241 videtur.
962 2178 1072 2242 Primo
1106 2180 1190 2243 enim
1219 2178 1294 2263 quid
1324 2184 1510 2263 peccassent

403 2280 522 2344 ethnici
537 2279 569 2341 in
584 2279 742 2362 erigendis
757 2277 888 2342 tumulis
902 2279 1077 2342 amicorum
1092 2281 1242 2344 suorum?
1286 2279 1411 2343 Deinde
1430 2301 1509 2362 quo-

406 2402 467 2463 que
483 2379 669 2462 Hegesippo
683 2389 839 2462 tanquam
853 2379 974 2443 homini
991 2379 1132 2443 Hebraeo
1147 2380 1239 2445 valde
1259 2379 1422 2444 familiaris
1437 2388 1509 2443 erat

404 2480 456 2545 ille
488 2480 693 2565 significatus.
747 2479 898 2564 Namque
930 2480 1029 2544 etiam
1060 2482 1146 2564 apud
1175 2480 1287 2544 LXX.
1317 2481 1509 2565 interpretas

408 2604 422 2646 1
438 2582 517 2668 Reg.
532 2582 598 2644 xix.
614 2602 665 2666 13,
681 2584 730 2646 16.
747 2582 926 2662 κενοτάφιον
940 2582 1098 2668 significat
1111 2581 1319 2646 simulacrum.
1363 2582 1510 2666 Denique

405 2684 529 2769 etipse
553 2682 710 2747 Eusebius
735 2684 909 2748 clarissime
935 2683 1093 2769 significat
1116 2707 1151 2748 se
1173 2683 1222 2748 ita
1244 2684 1401 2767 accepisse
1426 2684 1510 2747 hanc

407 2808 527 2864 vocem,
543 2785 695 2862 scribens,
709 2786 777 2868 περὶ
795 2792 854 2850 τῶν
876 2785 1060 2867 ἱδρνοάντων
1082 2790 1119 2850 τὰ
1142 2789 1252 2851 εἴδωλα
1274 2789 1348 2851 οὕτω
1370 2785 1506 2868 γράφον.

408 2888 582 2972 Perperam
596 2886 695 2971 igitur
710 2896 743 2951 et
758 2910 816 2951 nos
830 2888 1026 2952 reddidimus
1040 2887 1073 2951 in
1087 2888 1229 2952 versione
1245 2888 1412 2952 vernacula
1428 2887 1508 2969 (scil.

406 2989 618 3052 Historiarum
640 2987 792 3074 Eucahir').
839 2990 972 3055 Srsoru.
1016 2989 1196 3053 Strothium
1217 2989 1311 3054 docte
1330 2996 1510 3052 mutantem

405 3100 534 3154 secutus
548 3072 628 3154 sum.
666 3091 708 3152 ln
723 3091 918 3176 Fragmento
934 3091 1173 3155 Vocabulorum
1188 3092 1409 3156 nonnullorum
1423 3091 1509 3174 apud

409 3191 646 3255 Cormnoutarios
669 3191 801 3272 Cyriaci
822 3202 856 3255 et
876 3192 1053 3254 Acomitaur'
1074 3191 1199 3255 Pisauri
1222 3215 1307 3257 anno
1327 3195 1406 3278 ¹7⁶3
1431 3192 1509 3255 edit.

407 3292 546 3373 positum
572 3297 633 3362 est,
662 3290 857 3375 Cruotuphr'a‚
883 3291 1059 3354 simulacra.
1103 3290 1243 3375 Jamque
1272 3295 1337 3357 scio
1367 3316 1407 3357 ex
1436 3293 1509 3356 Jac.

408 3389 562 3455 Gronovii
589 3390 756 3454 collatione
776 3391 919 3454 codicum
940 3388 1200 3454 Florentinorum
1220 3398 1331 3455 extare
1352 3394 1385 3454 in
1407 3393 1511 3456 altero

408 3509 518 3550 eorum
534 3489 718 3571 κενοτάφιιο.
753 3487 864 3553 Noluit
878 3497 1206 3573 propterconsensum
1217 3490 1360 3552 codicum
1374 3492 1509 3552 alteram

406 3610 518 3650 vocem
532 3595 659 3653 mutare
669 3589 842 3654 Burtonus.
882 3591 961 3653 Mox
973 3592 1064 3654 abest
1075 3591 1205 3653 verbum
1221 3591 1285 3652 ἐστὶ
1300 3612 1321 3653 a
1334 3590 1407 3654 cod.
1417 3591 1508 3653 Bou.

453 3689 535 3753 Ibid.
552 3690 572 3753 l.
590 3710 620 3756 2.
637 3692 672 3754 οὗ
693 3692 742 3754 καὶ
764 3692 846 3772 ἀγὸν
869 3692 974 3772 άγετοι
987 3688 1180 3776 Ἀντινόειος]
1206 3690 1270 3754 Ηίο
1293 3712 1377 3776 agon
1398 3691 1432 3753 in
1452 3692 1510 3754 ho-

408 3813 518 3855 norem
533 3791 668 3855 Antinoi
687 3791 729 3855 ab
746 3790 916 3854 Hadriano
935 3790 1113 3863 institutus,
1131 3791 1372 3875 quinquennalis
1389 3792 1459 3865 suit,
1477 3801 1510 3858 et

409 3895 588 3959 Mantineae
602 3893 636 3957 in
645 3893 788 3958 Arcadia
798 3892 1027 3968 celebrabatur,
1039 3897 1076 3955 ut
1091 3892 1203 3957 scribit
1212 3894 1389 3958 Pausanias
1404 3894 1436 3956 in
1449 3897 1510 3957 Ar-

331 4073 336 4083 ·
410 3995 535 4060 codicis.
582 3995 669 4060 Male
689 4017 765 4081 ergo
785 3994 919 4057 Rufinus
940 4015 1075 4078 agonem
1089 4014 1229 4058 annuum
1244 3996 1284 4058 da
1302 4017 1360 4058 suo
1380 3995 1507 4078 adjecit.

411 4097 564 4182 Ejusdem
583 4097 694 4182 agonis
716 4095 860 4160 meminit
876 4094 1091 4160 Tertullianus
1106 4095 1140 4158 in
1158 4097 1212 4160 lib.
1229 4098 1270 4160 de
1290 4096 1424 4174 (lerona,
1441 4119 1508 4180 cap.

414 4218 462 4283 13.
477 4199 532 4262 ubi
554 4220 690 4282 agonem
709 4198 797 4261 illurn
820 4198 1018 4261 coronarium
1039 4197 1135 4261 fuisse
1155 4205 1296 4263 testatur
1317 4199 1367 4262 his
1388 4198 1509 4261 verbis:

410 4299 478 4362 Ηοο
494 4299 574 4363 mim
593 4308 726 4384 superest
744 4309 778 4361 ut
799 4299 958 4383 Olympius
977 4299 1110 4382 Jupiter,
1126 4308 1155 4362 at
1168 4301 1301 4363 Neruam
1314 4299 1469 4373 Hercubau
1483 4306 1510 4360 st

410 4400 542 4464 muethus
552 4401 798 4477 Archemorum
812 4402 961 4464 Antinous
971 4400 1082 4484 iuscliu
1092 4400 1127 4463 u'u
1140 4401 1312 4464 Chmbtiauo
1326 4407 1510 4463 corruantur.

413 4501 573 4563 Vanusrus.
612 4501 845 4566 conserendum
868 4523 951 4566 nunc
977 4508 1085 4564 monet
1108 4502 1148 4565 cl.
1167 4502 1356 4565 Heinichen.
1373 4521 1511 4584 nuperus

411 4597 541 4662 Eusebii
563 4600 668 4663 editor
682 4600 855 4685 Epiphnnii
870 4603 1019 4666 Aacorut.
1034 4601 1065 4665 ii.
1081 4624 1113 4686 p.
1133 4605 1206 4687 169,
1221 4603 1272 4666 ed.
1289 4601 1423 4665 Patavii.

454 4698 491 4762 P.
508 4718 580 4765 ιον.
601 4699 622 4763 l.
645 4720 676 4784 3.
700 4699 749 4782 ἐφ’
764 4703 846 4781 ἡμῶν
867 4704 1045 4787 γενόμενος]
1070 4706 1087 4767 ὀ
1111 4704 1160 4769 κοὶ
1182 4702 1231 4784 ἐφ’
1252 4704 1334 4782 ἡμῶν
1355 4704 1513 4783 γινόμενον
