<?xml version="1.0" encoding="UTF-8"?>
<!DOCTYPE html PUBLIC "-//W3C//DTD XHTML 1.0 Transitional//EN"
    "http://www.w3.org/TR/xhtml1/DTD/xhtml1-transitional.dtd">
<html xmlns="http://www.w3.org/1999/xhtml" xml:lang="en" lang="en">
 <head>
  <title>
</title>
<meta http-equiv="Content-Type" content="text/html;charset=utf-8" />
  <meta name='ocr-system' content='tesseract 3.04.00' />
  <meta name='ocr-capabilities' content='ocr_page ocr_carea ocr_par ocr_line ocrx_word'/>
</head>
<body>
  <div class='ocr_page' id='page_1' title='image "./reliquiaesacrae07routgoog_0283.png"; bbox 0 0 3809 5650; ppageno 0'>
   <div class='ocr_carea' id='block_1_1' title="bbox 575 708 1452 775">
    <p class='ocr_par' dir='ltr' id='par_1_1' title="bbox 575 708 1452 775">
     <span class='ocr_line' id='line_1_1' title="bbox 575 708 1452 775; baseline 0.003 -4"><span class='ocrx_word' id='word_1_1' title='bbox 575 708 622 771; x_wconf 93' lang='lat' dir='ltr'>IN</span> <span class='ocrx_word' id='word_1_2' title='bbox 646 710 891 774; x_wconf 79' lang='lat' dir='ltr'>HEGESlPl‘l</span> <span class='ocrx_word' id='word_1_3' title='bbox 918 711 1221 775; x_wconf 73' lang='lat' dir='ltr'><strong>FRAGMENTA.</strong></span> <span class='ocrx_word' id='word_1_4' title='bbox 1388 711 1452 774; x_wconf 71' lang='lat'>225</span> 
     </span>
    </p>
   </div>
   <div class='ocr_carea' id='block_1_2' title="bbox 345 878 1450 1166">
    <p class='ocr_par' dir='ltr' id='par_1_2' title="bbox 345 878 1450 1166">
     <span class='ocr_line' id='line_1_2' title="bbox 345 878 1450 963; baseline 0.001 -23"><span class='ocrx_word' id='word_1_5' title='bbox 345 878 448 951; x_wconf 86' lang='lat' dir='ltr'>thani,</span> <span class='ocrx_word' id='word_1_6' title='bbox 465 880 519 941; x_wconf 88' lang='lat' dir='ltr'>sed</span> <span class='ocrx_word' id='word_1_7' title='bbox 536 881 750 943; x_wconf 77' lang='lat' dir='ltr'>uetustissimus</span> <span class='ocrx_word' id='word_1_8' title='bbox 771 903 851 944; x_wconf 78' lang='lat' dir='ltr'>meus</span> <span class='ocrx_word' id='word_1_9' title='bbox 868 881 1079 963; x_wconf 88' lang='lat' dir='ltr'>Masbuthei.)</span> <span class='ocrx_word' id='word_1_10' title='bbox 1103 881 1267 942; x_wconf 69' lang='lat' dir='ltr'>varnerus.</span> <span class='ocrx_word' id='word_1_11' title='bbox 1313 881 1450 954; x_wconf 79' lang='grc' dir='ltr'>Μασβῶ·</span> 
     </span>
     <span class='ocr_line' id='line_1_3' title="bbox 348 979 1449 1063; baseline 0.001 -24"><span class='ocrx_word' id='word_1_12' title='bbox 348 983 412 1040; x_wconf 86' lang='grc' dir='ltr'>θεοι</span> <span class='ocrx_word' id='word_1_13' title='bbox 432 980 548 1063; x_wconf 85' lang='lat' dir='ltr'>legitur</span> <span class='ocrx_word' id='word_1_14' title='bbox 572 982 669 1045; x_wconf 80' lang='lat' dir='ltr'>etiam</span> <span class='ocrx_word' id='word_1_15' title='bbox 692 983 724 1044; x_wconf 92' lang='lat' dir='ltr'>in</span> <span class='ocrx_word' id='word_1_16' title='bbox 747 984 810 1045; x_wconf 80' lang='lat' dir='ltr'>eod.</span> <span class='ocrx_word' id='word_1_17' title='bbox 827 982 924 1045; x_wconf 82' lang='lat' dir='ltr'>Saoil.</span> <span class='ocrx_word' id='word_1_18' title='bbox 942 1005 998 1045; x_wconf 88' lang='lat' dir='ltr'>seu</span> <span class='ocrx_word' id='word_1_19' title='bbox 1021 981 1111 1044; x_wconf 85' lang='lat' dir='ltr'>Bodl.</span> <span class='ocrx_word' id='word_1_20' title='bbox 1158 983 1322 1063; x_wconf 85' lang='lat' dir='ltr'>Favetque</span> <span class='ocrx_word' id='word_1_21' title='bbox 1347 979 1449 1041; x_wconf 92' lang='lat' dir='ltr'>eidem</span> 
     </span>
     <span class='ocr_line' id='line_1_4' title="bbox 348 1079 1449 1166; baseline 0 -26"><span class='ocrx_word' id='word_1_22' title='bbox 348 1079 513 1163; x_wconf 74' lang='lat' dir='ltr'>scriptume</span> <span class='ocrx_word' id='word_1_23' title='bbox 534 1082 621 1145; x_wconf 87' lang='lat' dir='ltr'>loous</span> <span class='ocrx_word' id='word_1_24' title='bbox 640 1084 725 1165; x_wconf 91' lang='lat' dir='ltr'>apud</span> <span class='ocrx_word' id='word_1_25' title='bbox 746 1084 900 1146; x_wconf 74' lang='lat' dir='ltr'>Constitut.</span> <span class='ocrx_word' id='word_1_26' title='bbox 916 1086 1023 1166; x_wconf 74' lang='lat' dir='ltr'>Aposl.</span> <span class='ocrx_word' id='word_1_27' title='bbox 1038 1104 1059 1144; x_wconf 95' lang='lat' dir='ltr'>a</span> <span class='ocrx_word' id='word_1_28' title='bbox 1078 1102 1129 1144; x_wconf 92' lang='lat' dir='ltr'>me</span> <span class='ocrx_word' id='word_1_29' title='bbox 1147 1081 1241 1142; x_wconf 92' lang='lat' dir='ltr'>modo</span> <span class='ocrx_word' id='word_1_30' title='bbox 1261 1100 1449 1142; x_wconf 76' lang='lat' dir='ltr'>commemo·</span> 
     </span>
    </p>
   </div>
   <div class='ocr_carea' id='block_1_3' title="bbox 331 1180 1451 4902">
    <p class='ocr_par' dir='ltr' id='par_1_3' title="bbox 331 1180 1449 4701">
     <span class='ocr_line' id='line_1_5' title="bbox 348 1180 1449 1266; baseline 0.001 -25"><span class='ocrx_word' id='word_1_31' title='bbox 348 1186 448 1249; x_wconf 80' lang='lat' dir='ltr'>ratus,</span> <span class='ocrx_word' id='word_1_32' title='bbox 464 1181 517 1243; x_wconf 93' lang='lat' dir='ltr'>ubi</span> <span class='ocrx_word' id='word_1_33' title='bbox 533 1183 820 1260; x_wconf 73' lang='grc' dir='ltr'>ΒασμῶθεοιΙίιατίε</span> <span class='ocrx_word' id='word_1_34' title='bbox 842 1191 866 1261; x_wconf 86' lang='grc' dir='ltr'>β</span> <span class='ocrx_word' id='word_1_35' title='bbox 887 1191 921 1246; x_wconf 89' lang='lat' dir='ltr'>et</span> <span class='ocrx_word' id='word_1_36' title='bbox 942 1210 965 1261; x_wconf 87' lang='grc' dir='ltr'>μ</span> <span class='ocrx_word' id='word_1_37' title='bbox 986 1182 1189 1266; x_wconf 77' lang='lat' dir='ltr'>transpositis</span> <span class='ocrx_word' id='word_1_38' title='bbox 1210 1189 1311 1244; x_wconf 88' lang='lat' dir='ltr'>extat.</span> <span class='ocrx_word' id='word_1_39' title='bbox 1357 1180 1449 1242; x_wconf 89' lang='lat' dir='ltr'>Nune</span> 
     </span>
     <span class='ocr_line' id='line_1_6' title="bbox 347 1281 1446 1368; baseline -0.001 -24"><span class='ocrx_word' id='word_1_40' title='bbox 347 1282 439 1344; x_wconf 87' lang='lat' dir='ltr'>addit</span> <span class='ocrx_word' id='word_1_41' title='bbox 460 1283 621 1346; x_wconf 85' lang='lat' dir='ltr'>Burtonus</span> <span class='ocrx_word' id='word_1_42' title='bbox 641 1285 702 1345; x_wconf 84' lang='lat' dir='ltr'>cod.</span> <span class='ocrx_word' id='word_1_43' title='bbox 720 1285 814 1366; x_wconf 82' lang='lat' dir='ltr'>Norf.</span> <span class='ocrx_word' id='word_1_44' title='bbox 830 1284 972 1368; x_wconf 86' lang='lat' dir='ltr'>aprima</span> <span class='ocrx_word' id='word_1_45' title='bbox 992 1305 1096 1357; x_wconf 87' lang='lat' dir='ltr'>manu,</span> <span class='ocrx_word' id='word_1_46' title='bbox 1120 1283 1230 1346; x_wconf 89' lang='lat' dir='ltr'>itidem</span> <span class='ocrx_word' id='word_1_47' title='bbox 1246 1281 1446 1357; x_wconf 78' lang='lat' dir='ltr'>Florentiam,</span> 
     </span>
     <span class='ocr_line' id='line_1_7' title="bbox 348 1382 1449 1468; baseline -0.002 -24"><span class='ocrx_word' id='word_1_48' title='bbox 348 1383 423 1444; x_wconf 89' lang='lat' dir='ltr'>dum</span> <span class='ocrx_word' id='word_1_49' title='bbox 446 1383 610 1447; x_wconf 79' lang='lat' dir='ltr'>lectionem</span> <span class='ocrx_word' id='word_1_50' title='bbox 628 1384 695 1467; x_wconf 89' lang='lat' dir='ltr'>ipse</span> <span class='ocrx_word' id='word_1_51' title='bbox 711 1385 841 1468; x_wconf 84' lang='lat' dir='ltr'>recepit.</span> <span class='ocrx_word' id='word_1_52' title='bbox 888 1384 1133 1447; x_wconf 87' lang='lat' dir='ltr'>Distinetionem</span> <span class='ocrx_word' id='word_1_53' title='bbox 1153 1389 1259 1446; x_wconf 89' lang='lat' dir='ltr'>autem</span> <span class='ocrx_word' id='word_1_54' title='bbox 1282 1405 1302 1444; x_wconf 93' lang='lat' dir='ltr'>a</span> <span class='ocrx_word' id='word_1_55' title='bbox 1316 1382 1449 1450; x_wconf 88' lang='lat' dir='ltr'>Valesio</span> 
     </span>
     <span class='ocr_line' id='line_1_8' title="bbox 347 1483 1446 1569; baseline 0.003 -26"><span class='ocrx_word' id='word_1_56' title='bbox 347 1484 466 1546; x_wconf 84' lang='lat' dir='ltr'>saetam</span> <span class='ocrx_word' id='word_1_57' title='bbox 492 1486 575 1548; x_wconf 88' lang='lat' dir='ltr'>inter</span> <span class='ocrx_word' id='word_1_58' title='bbox 601 1486 659 1548; x_wconf 92' lang='lat' dir='ltr'>hos</span> <span class='ocrx_word' id='word_1_59' title='bbox 684 1486 866 1568; x_wconf 88' lang='lat' dir='ltr'>alterosque</span> <span class='ocrx_word' id='word_1_60' title='bbox 892 1486 975 1548; x_wconf 85' lang='lat' dir='ltr'>viros</span> <span class='ocrx_word' id='word_1_61' title='bbox 1001 1485 1042 1547; x_wconf 86' lang='lat' dir='ltr'>ab</span> <span class='ocrx_word' id='word_1_62' title='bbox 1070 1483 1255 1569; x_wconf 84' lang='lat' dir='ltr'>Hegesippo</span> <span class='ocrx_word' id='word_1_63' title='bbox 1280 1506 1351 1567; x_wconf 85' lang='lat' dir='ltr'>pag.</span> <span class='ocrx_word' id='word_1_64' title='bbox 1374 1485 1446 1546; x_wconf 79' lang='lat'>216.</span> 
     </span>
     <span class='ocr_line' id='line_1_9' title="bbox 348 1585 1448 1670; baseline 0.003 -26"><span class='ocrx_word' id='word_1_65' title='bbox 348 1597 611 1648; x_wconf 79' lang='lat' dir='ltr'>commemoratos</span> <span class='ocrx_word' id='word_1_66' title='bbox 640 1587 820 1670; x_wconf 86' lang='lat' dir='ltr'>improbare</span> <span class='ocrx_word' id='word_1_67' title='bbox 846 1587 972 1650; x_wconf 88' lang='lat' dir='ltr'>videtur</span> <span class='ocrx_word' id='word_1_68' title='bbox 1002 1586 1211 1648; x_wconf 79' lang='lat' dir='ltr'>Rbenserdius</span> <span class='ocrx_word' id='word_1_69' title='bbox 1231 1586 1272 1648; x_wconf 92' lang='lat' dir='ltr'>V.</span> <span class='ocrx_word' id='word_1_70' title='bbox 1288 1586 1328 1647; x_wconf 89' lang='lat' dir='ltr'>D.</span> <span class='ocrx_word' id='word_1_71' title='bbox 1354 1585 1448 1648; x_wconf 90' lang='lat' dir='ltr'>modo</span> 
     </span>
     <span class='ocr_line' id='line_1_10' title="bbox 348 1686 1447 1772; baseline 0.001 -25"><span class='ocrx_word' id='word_1_72' title='bbox 348 1686 472 1759; x_wconf 82' lang='lat' dir='ltr'>allatus,</span> <span class='ocrx_word' id='word_1_73' title='bbox 490 1689 542 1770; x_wconf 86' lang='lat' dir='ltr'>qui</span> <span class='ocrx_word' id='word_1_74' title='bbox 561 1689 601 1750; x_wconf 95' lang='lat' dir='ltr'>de</span> <span class='ocrx_word' id='word_1_75' title='bbox 624 1688 734 1750; x_wconf 84' lang='lat' dir='ltr'>iisdem</span> <span class='ocrx_word' id='word_1_76' title='bbox 757 1688 804 1751; x_wconf 87' lang='lat' dir='ltr'>ita</span> <span class='ocrx_word' id='word_1_77' title='bbox 823 1688 928 1772; x_wconf 86' lang='lat' dir='ltr'>pergit</span> <span class='ocrx_word' id='word_1_78' title='bbox 946 1689 1083 1751; x_wconf 84' lang='lat' dir='ltr'>seribere</span> <span class='ocrx_word' id='word_1_79' title='bbox 1098 1692 1121 1766; x_wconf 81' lang='lat'>§.</span> <span class='ocrx_word' id='word_1_80' title='bbox 1139 1687 1245 1749; x_wconf 82' lang='lat' dir='ltr'>xxxiv.</span> <span class='ocrx_word' id='word_1_81' title='bbox 1259 1687 1358 1769; x_wconf 84' lang='lat' dir='ltr'>ejusd.</span> <span class='ocrx_word' id='word_1_82' title='bbox 1374 1687 1447 1748; x_wconf 76' lang='lat' dir='ltr'>Dia-</span> 
     </span>
     <span class='ocr_line' id='line_1_11' title="bbox 346 1787 1449 1872; baseline 0.002 -25"><span class='ocrx_word' id='word_1_83' title='bbox 346 1797 414 1848; x_wconf 78' lang='lat' dir='ltr'>sert.</span> <span class='ocrx_word' id='word_1_84' title='bbox 431 1809 503 1848; x_wconf 86' lang='lat' dir='ltr'>ourn</span> <span class='ocrx_word' id='word_1_85' title='bbox 518 1789 602 1871; x_wconf 91' lang='lat' dir='ltr'>apud</span> <span class='ocrx_word' id='word_1_86' title='bbox 621 1789 779 1850; x_wconf 85' lang='lat' dir='ltr'>Isidorum</span> <span class='ocrx_word' id='word_1_87' title='bbox 795 1789 935 1872; x_wconf 82' lang='lat' dir='ltr'>aliosque</span> <span class='ocrx_word' id='word_1_88' title='bbox 950 1789 1018 1851; x_wconf 85' lang='lat' dir='ltr'>haea</span> <span class='ocrx_word' id='word_1_89' title='bbox 1034 1789 1130 1851; x_wconf 89' lang='lat' dir='ltr'>verba</span> <span class='ocrx_word' id='word_1_90' title='bbox 1150 1787 1336 1851; x_wconf 81' lang='lat' dir='ltr'>invenisset:</span> <span class='ocrx_word' id='word_1_91' title='bbox 1361 1789 1449 1849; x_wconf 82' lang='lat' dir='ltr'>Mor-</span> 
     </span>
     <span class='ocr_line' id='line_1_12' title="bbox 348 1886 1448 1974; baseline 0.002 -26"><span class='ocrx_word' id='word_1_92' title='bbox 348 1886 439 1961; x_wconf 79' lang='grc' dir='ltr'>ὂοιιαί,</span> <span class='ocrx_word' id='word_1_93' title='bbox 452 1911 506 1951; x_wconf 87' lang='lat' dir='ltr'>sou</span> <span class='ocrx_word' id='word_1_94' title='bbox 525 1891 702 1964; x_wconf 82' lang='lat' dir='ltr'>hlarbonei‚</span> <span class='ocrx_word' id='word_1_95' title='bbox 717 1890 874 1974; x_wconf 82' lang='lat' dir='ltr'>(Scaliger</span> <span class='ocrx_word' id='word_1_96' title='bbox 888 1889 1056 1952; x_wconf 79' lang='lat' dir='ltr'>Musbotlei</span> <span class='ocrx_word' id='word_1_97' title='bbox 1071 1889 1217 1972; x_wconf 76' lang='lat' dir='ltr'>corrigit)</span> <span class='ocrx_word' id='word_1_98' title='bbox 1230 1889 1336 1951; x_wconf 70' lang='lat' dir='ltr'>dicuat</span> <span class='ocrx_word' id='word_1_99' title='bbox 1351 1889 1448 1972; x_wconf 77' lang='lat' dir='ltr'>ipsum</span> 
     </span>
     <span class='ocr_line' id='line_1_13' title="bbox 347 1989 1448 2075; baseline 0 -24"><span class='ocrx_word' id='word_1_100' title='bbox 347 2012 406 2052; x_wconf 80' lang='lat' dir='ltr'>esee</span> <span class='ocrx_word' id='word_1_101' title='bbox 423 1991 576 2053; x_wconf 73' lang='lat' dir='ltr'>Christum</span> <span class='ocrx_word' id='word_1_102' title='bbox 590 1993 643 2075; x_wconf 82' lang='lat' dir='ltr'>qai</span> <span class='ocrx_word' id='word_1_103' title='bbox 657 1993 758 2055; x_wconf 75' lang='lat' dir='ltr'>docuit</span> <span class='ocrx_word' id='word_1_104' title='bbox 776 1992 843 2054; x_wconf 76' lang='lat' dir='ltr'>illos</span> <span class='ocrx_word' id='word_1_105' title='bbox 860 1993 894 2053; x_wconf 83' lang='grc' dir='ltr'>ι’-α</span> <span class='ocrx_word' id='word_1_106' title='bbox 911 1991 994 2053; x_wconf 80' lang='grc' dir='ltr'>ονιαὶ</span> <span class='ocrx_word' id='word_1_107' title='bbox 1006 2013 1039 2053; x_wconf 82' lang='grc' dir='ltr'>νο</span> <span class='ocrx_word' id='word_1_108' title='bbox 1054 1989 1265 2052; x_wconf 72' lang='lat' dir='ltr'>sabbatizare:</span> <span class='ocrx_word' id='word_1_109' title='bbox 1286 1997 1306 2026; x_wconf 91' lang='lat'><strong>“</strong></span> <span class='ocrx_word' id='word_1_110' title='bbox 1320 1993 1351 2051; x_wconf 81' lang='grc' dir='ltr'>Α</span> <span class='ocrx_word' id='word_1_111' title='bbox 1369 1990 1448 2052; x_wconf 88' lang='lat' dir='ltr'>Sab-</span> 
     </span>
     <span class='ocr_line' id='line_1_14' title="bbox 348 2091 1448 2177; baseline 0.001 -24"><span class='ocrx_word' id='word_1_112' title='bbox 348 2100 368 2127; x_wconf 88' lang='lat'>“</span> <span class='ocrx_word' id='word_1_113' title='bbox 385 2092 483 2154; x_wconf 87' lang='lat' dir='ltr'>batho</span> <span class='ocrx_word' id='word_1_114' title='bbox 506 2093 611 2177; x_wconf 83' lang='lat' dir='ltr'>igitur,</span> <span class='ocrx_word' id='word_1_115' title='bbox 630 2092 748 2176; x_wconf 89' lang='lat' dir='ltr'>(inquit</span> <span class='ocrx_word' id='word_1_116' title='bbox 772 2093 998 2175; x_wconf 83' lang='lat' dir='ltr'>Rhenferdius)</span> <span class='ocrx_word' id='word_1_117' title='bbox 1022 2093 1106 2175; x_wconf 92' lang='lat' dir='ltr'>quod</span> <span class='ocrx_word' id='word_1_118' title='bbox 1129 2092 1259 2154; x_wconf 83' lang='lat' dir='ltr'>seorsim</span> <span class='ocrx_word' id='word_1_119' title='bbox 1281 2114 1301 2154; x_wconf 90' lang='lat' dir='ltr'>a</span> <span class='ocrx_word' id='word_1_120' title='bbox 1323 2091 1448 2155; x_wconf 86' lang='lat' dir='ltr'>oaeteris</span> 
     </span>
     <span class='ocr_line' id='line_1_15' title="bbox 349 2193 1449 2271; baseline 0 -16"><span class='ocrx_word' id='word_1_121' title='bbox 349 2205 369 2227; x_wconf 83' lang='lat'>⁴‘</span> <span class='ocrx_word' id='word_1_122' title='bbox 384 2193 508 2257; x_wconf 84' lang='lat' dir='ltr'>Judaeis</span> <span class='ocrx_word' id='word_1_123' title='bbox 528 2195 749 2271; x_wconf 83' lang='lat' dir='ltr'>observabant,</span> <span class='ocrx_word' id='word_1_124' title='bbox 766 2195 798 2256; x_wconf 90' lang='lat' dir='ltr'>id</span> <span class='ocrx_word' id='word_1_125' title='bbox 819 2193 954 2256; x_wconf 89' lang='lat' dir='ltr'>nominis</span> <span class='ocrx_word' id='word_1_126' title='bbox 977 2193 1062 2256; x_wconf 89' lang='lat' dir='ltr'>naoti</span> <span class='ocrx_word' id='word_1_127' title='bbox 1082 2200 1166 2267; x_wconf 84' lang='lat' dir='ltr'>sunt,</span> <span class='ocrx_word' id='word_1_128' title='bbox 1182 2215 1252 2255; x_wconf 87' lang='lat' dir='ltr'>eum</span> <span class='ocrx_word' id='word_1_129' title='bbox 1273 2214 1337 2254; x_wconf 92' lang='lat' dir='ltr'>non</span> <span class='ocrx_word' id='word_1_130' title='bbox 1357 2199 1449 2255; x_wconf 87' lang='lat' dir='ltr'>vetus</span> 
     </span>
     <span class='ocr_line' id='line_1_16' title="bbox 349 2294 1445 2378; baseline -0.003 -20"><span class='ocrx_word' id='word_1_131' title='bbox 349 2303 368 2329; x_wconf 85' lang='lat'>“</span> <span class='ocrx_word' id='word_1_132' title='bbox 384 2304 509 2358; x_wconf 85' lang='lat' dir='ltr'>tanturn</span> <span class='ocrx_word' id='word_1_133' title='bbox 524 2298 547 2358; x_wconf 83' lang='lat' dir='ltr'><strong>J</strong></span> <span class='ocrx_word' id='word_1_134' title='bbox 550 2296 696 2359; x_wconf 80' lang='lat' dir='ltr'>udaiaum</span> <span class='ocrx_word' id='word_1_135' title='bbox 712 2295 848 2378; x_wconf 80' lang='lat' dir='ltr'>septimi,</span> <span class='ocrx_word' id='word_1_136' title='bbox 862 2296 917 2358; x_wconf 91' lang='lat' dir='ltr'>sed</span> <span class='ocrx_word' id='word_1_137' title='bbox 933 2295 1030 2358; x_wconf 89' lang='lat' dir='ltr'>etiam</span> <span class='ocrx_word' id='word_1_138' title='bbox 1046 2316 1162 2357; x_wconf 91' lang='lat' dir='ltr'>novum</span> <span class='ocrx_word' id='word_1_139' title='bbox 1177 2294 1270 2377; x_wconf 86' lang='lat' dir='ltr'>primi</span> <span class='ocrx_word' id='word_1_140' title='bbox 1285 2294 1347 2356; x_wconf 93' lang='lat' dir='ltr'>diei</span> <span class='ocrx_word' id='word_1_141' title='bbox 1363 2294 1445 2357; x_wconf 85' lang='lat' dir='ltr'>eele-</span> 
     </span>
     <span class='ocr_line' id='line_1_17' title="bbox 347 2384 1449 2480; baseline 0 -21"><span class='ocrx_word' id='word_1_142' title='bbox 347 2406 370 2432; x_wconf 86' lang='lat'><strong>“</strong></span> <span class='ocrx_word' id='word_1_143' title='bbox 385 2398 527 2472; x_wconf 87' lang='lat' dir='ltr'>brarent,</span> <span class='ocrx_word' id='word_1_144' title='bbox 552 2384 818 2480; x_wconf 77' lang='lat' dir='ltr'>quemadmodum</span> <span class='ocrx_word' id='word_1_145' title='bbox 847 2398 930 2459; x_wconf 82' lang='lat' dir='ltr'>infra</span> <span class='ocrx_word' id='word_1_146' title='bbox 959 2398 1000 2460; x_wconf 90' lang='lat' dir='ltr'>de</span> <span class='ocrx_word' id='word_1_147' title='bbox 1030 2396 1191 2460; x_wconf 86' lang='lat' dir='ltr'>Nazaraeis</span> <span class='ocrx_word' id='word_1_148' title='bbox 1224 2403 1257 2458; x_wconf 89' lang='lat' dir='ltr'>et</span> <span class='ocrx_word' id='word_1_149' title='bbox 1288 2396 1449 2459; x_wconf 86' lang='lat' dir='ltr'>Ebionitis</span> 
     </span>
     <span class='ocr_line' id='line_1_18' title="bbox 349 2497 1447 2581; baseline 0.001 -22"><span class='ocrx_word' id='word_1_150' title='bbox 349 2499 526 2580; x_wconf 86' lang='lat' dir='ltr'>“pluribus</span> <span class='ocrx_word' id='word_1_151' title='bbox 547 2499 717 2581; x_wconf 89' lang='lat' dir='ltr'>probatum</span> <span class='ocrx_word' id='word_1_152' title='bbox 738 2497 893 2572; x_wconf 77' lang='lat' dir='ltr'>dabimus,</span> <span class='ocrx_word' id='word_1_153' title='bbox 910 2519 989 2580; x_wconf 89' lang='lat' dir='ltr'>quos</span> <span class='ocrx_word' id='word_1_154' title='bbox 1008 2499 1135 2561; x_wconf 89' lang='lat' dir='ltr'>eosdem</span> <span class='ocrx_word' id='word_1_155' title='bbox 1154 2497 1247 2580; x_wconf 94' lang='lat' dir='ltr'>plane</span> <span class='ocrx_word' id='word_1_156' title='bbox 1265 2519 1333 2560; x_wconf 88' lang='lat' dir='ltr'>esse</span> <span class='ocrx_word' id='word_1_157' title='bbox 1348 2498 1447 2561; x_wconf 87' lang='lat' dir='ltr'>oredi-</span> 
     </span>
     <span class='ocr_line' id='line_1_19' title="bbox 350 2597 1447 2683; baseline 0.003 -24"><span class='ocrx_word' id='word_1_158' title='bbox 350 2609 370 2634; x_wconf 80' lang='grc'>“</span> <span class='ocrx_word' id='word_1_159' title='bbox 385 2620 463 2673; x_wconf 82' lang='lat' dir='ltr'>mus,</span> <span class='ocrx_word' id='word_1_160' title='bbox 477 2600 531 2682; x_wconf 92' lang='lat' dir='ltr'>qui</span> <span class='ocrx_word' id='word_1_161' title='bbox 547 2600 597 2661; x_wconf 87' lang='lat' dir='ltr'>hio</span> <span class='ocrx_word' id='word_1_162' title='bbox 613 2599 762 2660; x_wconf 82' lang='lat' dir='ltr'>dicuntur</span> <span class='ocrx_word' id='word_1_163' title='bbox 778 2599 981 2671; x_wconf 85' lang='lat' dir='ltr'>Masbothaei,</span> <span class='ocrx_word' id='word_1_164' title='bbox 995 2621 1064 2661; x_wconf 85' lang='lat' dir='ltr'>eum</span> <span class='ocrx_word' id='word_1_165' title='bbox 1078 2621 1152 2661; x_wconf 82' lang='lat' dir='ltr'>vero</span> <span class='ocrx_word' id='word_1_166' title='bbox 1167 2597 1266 2661; x_wconf 89' lang='lat' dir='ltr'>simile</span> <span class='ocrx_word' id='word_1_167' title='bbox 1282 2598 1324 2662; x_wconf 88' lang='lat' dir='ltr'>sit</span> <span class='ocrx_word' id='word_1_168' title='bbox 1340 2622 1447 2683; x_wconf 88' lang='lat' dir='ltr'>quem-</span> 
     </span>
     <span class='ocr_line' id='line_1_20' title="bbox 349 2699 1448 2763; baseline 0.002 -2"><span class='ocrx_word' id='word_1_169' title='bbox 349 2709 369 2736; x_wconf 87' lang='lat'><strong>“</strong></span> <span class='ocrx_word' id='word_1_170' title='bbox 385 2700 556 2761; x_wconf 84' lang='lat' dir='ltr'>admodum</span> <span class='ocrx_word' id='word_1_171' title='bbox 572 2699 594 2761; x_wconf 92' lang='lat' dir='ltr'><strong>J</strong></span> <span class='ocrx_word' id='word_1_172' title='bbox 597 2700 679 2762; x_wconf 81' lang='lat' dir='ltr'>udoei</span> <span class='ocrx_word' id='word_1_173' title='bbox 693 2699 768 2762; x_wconf 92' lang='lat' dir='ltr'>olim</span> <span class='ocrx_word' id='word_1_174' title='bbox 783 2700 963 2762; x_wconf 79' lang='lat' dir='ltr'>Gentilibus</span> <span class='ocrx_word' id='word_1_175' title='bbox 978 2723 998 2763; x_wconf 88' lang='lat' dir='ltr'>a</span> <span class='ocrx_word' id='word_1_176' title='bbox 1014 2700 1179 2763; x_wconf 88' lang='lat' dir='ltr'>Sabbatho</span> <span class='ocrx_word' id='word_1_177' title='bbox 1199 2699 1448 2763; x_wconf 88' lang='lat' dir='ltr'>hebdomadario</span> 
     </span>
     <span class='ocr_line' id='line_1_21' title="bbox 351 2800 1447 2884; baseline 0.003 -22"><span class='ocrx_word' id='word_1_178' title='bbox 351 2811 370 2835; x_wconf 73' lang='lat'>‘⁶</span> <span class='ocrx_word' id='word_1_179' title='bbox 386 2801 566 2865; x_wconf 86' lang='lat' dir='ltr'>Sabbatarii</span> <span class='ocrx_word' id='word_1_180' title='bbox 591 2801 668 2864; x_wconf 86' lang='lat' dir='ltr'>dieti</span> <span class='ocrx_word' id='word_1_181' title='bbox 693 2810 779 2875; x_wconf 88' lang='lat' dir='ltr'>sunt,</span> <span class='ocrx_word' id='word_1_182' title='bbox 798 2800 846 2864; x_wconf 84' lang='lat' dir='ltr'>ita·</span> <span class='ocrx_word' id='word_1_183' title='bbox 868 2801 987 2884; x_wconf 88' lang='lat' dir='ltr'>primos</span> <span class='ocrx_word' id='word_1_184' title='bbox 1007 2801 1205 2865; x_wconf 79' lang='lat' dir='ltr'>Christianos</span> <span class='ocrx_word' id='word_1_185' title='bbox 1228 2823 1248 2864; x_wconf 90' lang='lat' dir='ltr'>a</span> <span class='ocrx_word' id='word_1_186' title='bbox 1271 2823 1363 2874; x_wconf 90' lang='lat' dir='ltr'>novo,</span> <span class='ocrx_word' id='word_1_187' title='bbox 1385 2802 1447 2866; x_wconf 89' lang='lat' dir='ltr'>imo</span> 
     </span>
     <span class='ocr_line' id='line_1_22' title="bbox 348 2901 1447 3000; baseline 0.005 -37"><span class='ocrx_word' id='word_1_188' title='bbox 348 2911 370 2939; x_wconf 88' lang='lat'>“</span> <span class='ocrx_word' id='word_1_189' title='bbox 387 2902 503 2986; x_wconf 77' lang='lat' dir='ltr'>duplici</span> <span class='ocrx_word' id='word_1_190' title='bbox 520 2902 695 2974; x_wconf 85' lang='lat' dir='ltr'>Sabbatha,</span> <span class='ocrx_word' id='word_1_191' title='bbox 712 2902 789 2985; x_wconf 86' lang='lat' dir='ltr'>ipsis</span> <span class='ocrx_word' id='word_1_192' title='bbox 803 2901 823 2963; x_wconf 83' lang='lat' dir='ltr'>J</span> <span class='ocrx_word' id='word_1_193' title='bbox 828 2902 929 2965; x_wconf 85' lang='lat' dir='ltr'>udaeis</span> <span class='ocrx_word' id='word_1_194' title='bbox 947 2909 1136 3000; x_wconf 53' lang='lat' dir='ltr'>plumat)</span> <span class='ocrx_word' id='word_1_195' title='bbox 1155 2903 1363 2967; x_wconf 87' lang='lat' dir='ltr'>Sabbatarios</span> <span class='ocrx_word' id='word_1_196' title='bbox 1379 2926 1447 2968; x_wconf 88' lang='lat' dir='ltr'>esse</span> 
     </span>
     <span class='ocr_line' id='line_1_23' title="bbox 350 3004 1446 3088; baseline 0.001 -22"><span class='ocrx_word' id='word_1_197' title='bbox 350 3013 370 3039; x_wconf 78' lang='lat'>‘⁴</span> <span class='ocrx_word' id='word_1_198' title='bbox 384 3004 590 3087; x_wconf 85' lang='lat' dir='ltr'>appellatos.”</span> <span class='ocrx_word' id='word_1_199' title='bbox 611 3027 644 3087; x_wconf 90' lang='lat' dir='ltr'>p.</span> <span class='ocrx_word' id='word_1_200' title='bbox 660 3023 712 3087; x_wconf 84' lang='lat'>93.</span> <span class='ocrx_word' id='word_1_201' title='bbox 769 3004 816 3066; x_wconf 82' lang='lat' dir='ltr'>At</span> <span class='ocrx_word' id='word_1_202' title='bbox 840 3004 956 3066; x_wconf 82' lang='lat' dir='ltr'>videsis</span> <span class='ocrx_word' id='word_1_203' title='bbox 983 3004 1157 3067; x_wconf 88' lang='lat' dir='ltr'>Semlerum</span> <span class='ocrx_word' id='word_1_204' title='bbox 1187 3005 1344 3067; x_wconf 89' lang='lat' dir='ltr'>diversum</span> <span class='ocrx_word' id='word_1_205' title='bbox 1371 3005 1446 3088; x_wconf 91' lang='lat' dir='ltr'>quid</span> 
     </span>
     <span class='ocr_line' id='line_1_24' title="bbox 349 3105 1447 3188; baseline 0.002 -22"><span class='ocrx_word' id='word_1_206' title='bbox 349 3105 431 3168; x_wconf 79' lang='lat' dir='ltr'>infra</span> <span class='ocrx_word' id='word_1_207' title='bbox 453 3106 637 3168; x_wconf 80' lang='lat' dir='ltr'>afferentem</span> <span class='ocrx_word' id='word_1_208' title='bbox 662 3127 734 3188; x_wconf 85' lang='lat' dir='ltr'>pag.</span> <span class='ocrx_word' id='word_1_209' title='bbox 752 3108 823 3182; x_wconf 83' lang='lat'>264.</span> <span class='ocrx_word' id='word_1_210' title='bbox 871 3106 975 3166; x_wconf 90' lang='lat' dir='ltr'>lmmo</span> <span class='ocrx_word' id='word_1_211' title='bbox 997 3105 1126 3188; x_wconf 84' lang='lat' dir='ltr'>dignum</span> <span class='ocrx_word' id='word_1_212' title='bbox 1153 3112 1266 3168; x_wconf 87' lang='lat' dir='ltr'>notatu</span> <span class='ocrx_word' id='word_1_213' title='bbox 1289 3113 1351 3181; x_wconf 87' lang='lat' dir='ltr'>est,</span> <span class='ocrx_word' id='word_1_214' title='bbox 1367 3106 1447 3168; x_wconf 84' lang='lat' dir='ltr'>exti-</span> 
     </span>
     <span class='ocr_line' id='line_1_25' title="bbox 349 3207 1446 3291; baseline 0.001 -22"><span class='ocrx_word' id='word_1_215' title='bbox 349 3207 425 3269; x_wconf 88' lang='lat' dir='ltr'>tisse</span> <span class='ocrx_word' id='word_1_216' title='bbox 447 3208 532 3290; x_wconf 89' lang='lat' dir='ltr'>apud</span> <span class='ocrx_word' id='word_1_217' title='bbox 547 3207 571 3269; x_wconf 86' lang='lat' dir='ltr'><strong>J</strong></span> <span class='ocrx_word' id='word_1_218' title='bbox 573 3208 681 3270; x_wconf 86' lang='lat' dir='ltr'>udaeos</span> <span class='ocrx_word' id='word_1_219' title='bbox 699 3208 785 3281; x_wconf 90' lang='lat' dir='ltr'>olim,</span> <span class='ocrx_word' id='word_1_220' title='bbox 801 3208 855 3290; x_wconf 90' lang='lat' dir='ltr'>qui</span> <span class='ocrx_word' id='word_1_221' title='bbox 870 3229 890 3270; x_wconf 92' lang='lat' dir='ltr'>a</span> <span class='ocrx_word' id='word_1_222' title='bbox 904 3207 928 3269; x_wconf 86' lang='lat' dir='ltr'><strong>J</strong></span> <span class='ocrx_word' id='word_1_223' title='bbox 930 3207 1030 3269; x_wconf 87' lang='lat' dir='ltr'>udaeis</span> <span class='ocrx_word' id='word_1_224' title='bbox 1049 3208 1126 3291; x_wconf 88' lang='lat' dir='ltr'>ipsis</span> <span class='ocrx_word' id='word_1_225' title='bbox 1145 3218 1299 3290; x_wconf 81' lang='lat' dir='ltr'>tanquam</span> <span class='ocrx_word' id='word_1_226' title='bbox 1321 3208 1446 3290; x_wconf 87' lang='lat' dir='ltr'>septimi</span> 
     </span>
     <span class='ocr_line' id='line_1_26' title="bbox 349 3307 1446 3384; baseline 0.002 -15"><span class='ocrx_word' id='word_1_227' title='bbox 349 3308 421 3383; x_wconf 88' lang='lat' dir='ltr'>diei,</span> <span class='ocrx_word' id='word_1_228' title='bbox 446 3330 501 3370; x_wconf 88' lang='lat' dir='ltr'>seu</span> <span class='ocrx_word' id='word_1_229' title='bbox 528 3308 673 3384; x_wconf 86' lang='lat' dir='ltr'>Sabbati,</span> <span class='ocrx_word' id='word_1_230' title='bbox 695 3307 782 3370; x_wconf 90' lang='lat' dir='ltr'>nimii</span> <span class='ocrx_word' id='word_1_231' title='bbox 809 3308 946 3371; x_wconf 85' lang='lat' dir='ltr'>oultores</span> <span class='ocrx_word' id='word_1_232' title='bbox 970 3309 1171 3371; x_wconf 88' lang='lat' dir='ltr'>haberentur.</span> <span class='ocrx_word' id='word_1_233' title='bbox 1218 3308 1369 3371; x_wconf 88' lang='lat' dir='ltr'>Drusium</span> <span class='ocrx_word' id='word_1_234' title='bbox 1394 3308 1446 3371; x_wconf 90' lang='lat' dir='ltr'>lib.</span> 
     </span>
     <span class='ocr_line' id='line_1_27' title="bbox 349 3409 1448 3493; baseline 0.002 -23"><span class='ocrx_word' id='word_1_235' title='bbox 349 3410 488 3472; x_wconf 87' lang='lat' dir='ltr'>seeundo</span> <span class='ocrx_word' id='word_1_236' title='bbox 510 3410 559 3471; x_wconf 85' lang='lat' dir='ltr'>Do</span> <span class='ocrx_word' id='word_1_237' title='bbox 582 3409 678 3472; x_wconf 75' lang='lat' dir='ltr'>tribm</span> <span class='ocrx_word' id='word_1_238' title='bbox 701 3410 798 3472; x_wconf 75' lang='lat' dir='ltr'>Sentis</span> <span class='ocrx_word' id='word_1_239' title='bbox 818 3410 1003 3473; x_wconf 71' lang='lat' dir='ltr'>Judoeorum</span> <span class='ocrx_word' id='word_1_240' title='bbox 1026 3410 1159 3493; x_wconf 89' lang='lat' dir='ltr'>appello,</span> <span class='ocrx_word' id='word_1_241' title='bbox 1176 3410 1230 3493; x_wconf 92' lang='lat' dir='ltr'>qui</span> <span class='ocrx_word' id='word_1_242' title='bbox 1252 3410 1320 3471; x_wconf 67' lang='lat' dir='ltr'>haee</span> <span class='ocrx_word' id='word_1_243' title='bbox 1343 3409 1448 3485; x_wconf 86' lang='lat' dir='ltr'>affert,</span> 
     </span>
     <span class='ocr_line' id='line_1_28' title="bbox 350 3508 1447 3591; baseline 0 -19"><span class='ocrx_word' id='word_1_244' title='bbox 350 3516 372 3547; x_wconf 90' lang='lat'><strong>“</strong></span> <span class='ocrx_word' id='word_1_245' title='bbox 389 3510 493 3572; x_wconf 81' lang='lat' dir='ltr'>Mosis</span> <span class='ocrx_word' id='word_1_246' title='bbox 514 3509 610 3572; x_wconf 86' lang='lat' dir='ltr'>verba</span> <span class='ocrx_word' id='word_1_247' title='bbox 633 3515 707 3571; x_wconf 89' lang='lat' dir='ltr'>sunt</span> <span class='ocrx_word' id='word_1_248' title='bbox 730 3508 834 3571; x_wconf 84' lang='lat' dir='ltr'>Exod.</span> <span class='ocrx_word' id='word_1_249' title='bbox 850 3508 890 3571; x_wconf 87' lang='lat' dir='ltr'>vi.</span> <span class='ocrx_word' id='word_1_250' title='bbox 906 3528 937 3589; x_wconf 90' lang='lat'>9.</span> <span class='ocrx_word' id='word_1_251' title='bbox 965 3510 1037 3571; x_wconf 82' lang='lat' dir='ltr'>Noa</span> <span class='ocrx_word' id='word_1_252' title='bbox 1059 3510 1227 3591; x_wconf 75' lang='lat' dir='ltr'>epredietur</span> <span class='ocrx_word' id='word_1_253' title='bbox 1247 3510 1330 3572; x_wconf 83' lang='grc' dir='ltr'>Ιιοοιο</span> <span class='ocrx_word' id='word_1_254' title='bbox 1351 3532 1366 3571; x_wconf 86' lang='grc' dir='ltr'>ο</span> <span class='ocrx_word' id='word_1_255' title='bbox 1387 3510 1447 3572; x_wconf 80' lang='lat' dir='ltr'>loeo</span> 
     </span>
     <span class='ocr_line' id='line_1_29' title="bbox 349 3610 1448 3694; baseline 0 -21"><span class='ocrx_word' id='word_1_256' title='bbox 349 3620 370 3647; x_wconf 90' lang='lat'><strong>“</strong></span> <span class='ocrx_word' id='word_1_257' title='bbox 384 3633 445 3674; x_wconf 79' lang='grc' dir='ltr'>ςιιο.</span> <span class='ocrx_word' id='word_1_258' title='bbox 493 3613 542 3672; x_wconf 86' lang='lat' dir='ltr'>Ea</span> <span class='ocrx_word' id='word_1_259' title='bbox 557 3610 697 3673; x_wconf 85' lang='lat' dir='ltr'>hoeretiei</span> <span class='ocrx_word' id='word_1_260' title='bbox 713 3610 755 3672; x_wconf 87' lang='lat' dir='ltr'>ad</span> <span class='ocrx_word' id='word_1_261' title='bbox 770 3610 910 3673; x_wconf 85' lang='lat' dir='ltr'>litteram</span> <span class='ocrx_word' id='word_1_262' title='bbox 925 3611 1094 3693; x_wconf 78' lang='lat' dir='ltr'>accipiunt,</span> <span class='ocrx_word' id='word_1_263' title='bbox 1112 3634 1190 3694; x_wconf 85' lang='lat' dir='ltr'>quos</span> <span class='ocrx_word' id='word_1_264' title='bbox 1205 3611 1319 3674; x_wconf 87' lang='lat' dir='ltr'>refellit</span> <span class='ocrx_word' id='word_1_265' title='bbox 1334 3619 1448 3675; x_wconf 78' lang='lat' dir='ltr'>auctor</span> 
     </span>
     <span class='ocr_line' id='line_1_30' title="bbox 351 3712 1445 3798; baseline 0.001 -23"><span class='ocrx_word' id='word_1_266' title='bbox 351 3713 456 3775; x_wconf 88' lang='lat' dir='ltr'>“libri</span> <span class='ocrx_word' id='word_1_267' title='bbox 485 3712 609 3774; x_wconf 81' lang='lat' dir='ltr'>Misrolr</span> <span class='ocrx_word' id='word_1_268' title='bbox 633 3733 673 3774; x_wconf 86' lang='lat' dir='ltr'>ex</span> <span class='ocrx_word' id='word_1_269' title='bbox 698 3712 870 3794; x_wconf 87' lang='lat' dir='ltr'>prophetis,</span> <span class='ocrx_word' id='word_1_270' title='bbox 894 3712 946 3775; x_wconf 85' lang='lat' dir='ltr'>fol.</span> <span class='ocrx_word' id='word_1_271' title='bbox 966 3731 1016 3791; x_wconf 87' lang='lat'>27.</span> <span class='ocrx_word' id='word_1_272' title='bbox 1040 3713 1098 3776; x_wconf 86' lang='lat' dir='ltr'>ool.</span> <span class='ocrx_word' id='word_1_273' title='bbox 1116 3714 1166 3775; x_wconf 82' lang='lat' dir='ltr'>a.’&#39;</span> <span class='ocrx_word' id='word_1_274' title='bbox 1192 3735 1260 3797; x_wconf 88' lang='lat' dir='ltr'>eap.</span> <span class='ocrx_word' id='word_1_275' title='bbox 1277 3737 1327 3775; x_wconf 87' lang='lat' dir='ltr'>xv.</span> <span class='ocrx_word' id='word_1_276' title='bbox 1344 3737 1375 3798; x_wconf 93' lang='lat' dir='ltr'>p.</span> <span class='ocrx_word' id='word_1_277' title='bbox 1392 3730 1445 3798; x_wconf 82' lang='lat'>95.</span> 
     </span>
     <span class='ocr_line' id='line_1_31' title="bbox 331 3812 1449 3898; baseline 0.002 -23"><span class='ocrx_word' id='word_1_278' title='bbox 331 3814 409 3876; x_wconf 76' lang='lat' dir='ltr'>&#39;Cui</span> <span class='ocrx_word' id='word_1_279' title='bbox 435 3813 480 3875; x_wconf 91' lang='lat' dir='ltr'>rei</span> <span class='ocrx_word' id='word_1_280' title='bbox 504 3813 605 3874; x_wconf 83' lang='lat' dir='ltr'>lucem</span> <span class='ocrx_word' id='word_1_281' title='bbox 631 3812 773 3894; x_wconf 80' lang='lat' dir='ltr'>praebent</span> <span class='ocrx_word' id='word_1_282' title='bbox 800 3812 946 3896; x_wconf 79' lang='lat' dir='ltr'>Origenis</span> <span class='ocrx_word' id='word_1_283' title='bbox 967 3812 1020 3875; x_wconf 88' lang='lat' dir='ltr'>illa</span> <span class='ocrx_word' id='word_1_284' title='bbox 1035 3813 1067 3875; x_wconf 91' lang='lat' dir='ltr'>in</span> <span class='ocrx_word' id='word_1_285' title='bbox 1082 3814 1136 3876; x_wconf 90' lang='lat' dir='ltr'>lib.</span> <span class='ocrx_word' id='word_1_286' title='bbox 1153 3815 1192 3877; x_wconf 85' lang='lat' dir='ltr'>iv.</span> <span class='ocrx_word' id='word_1_287' title='bbox 1210 3815 1258 3876; x_wconf 82' lang='lat' dir='ltr'>De</span> <span class='ocrx_word' id='word_1_288' title='bbox 1272 3816 1449 3898; x_wconf 66' lang='lat' dir='ltr'>Principiis</span> 
     </span>
     <span class='ocr_line' id='line_1_32' title="bbox 350 3916 1447 3997; baseline 0.001 -21"><span class='ocrx_word' id='word_1_289' title='bbox 350 3936 419 3997; x_wconf 83' lang='lat' dir='ltr'>cap.</span> <span class='ocrx_word' id='word_1_290' title='bbox 437 3933 463 3973; x_wconf 86' lang='grc' dir='ltr'>ι.</span> <span class='ocrx_word' id='word_1_291' title='bbox 510 3917 561 3978; x_wconf 73' lang='grc' dir='ltr'>Εἷς</span> <span class='ocrx_word' id='word_1_292' title='bbox 580 3938 647 3974; x_wconf 90' lang='grc' dir='ltr'>τινα</span> <span class='ocrx_word' id='word_1_293' title='bbox 667 3916 699 3976; x_wconf 72' lang='grc' dir='ltr'>δὲ</span> <span class='ocrx_word' id='word_1_294' title='bbox 723 3918 912 3993; x_wconf 83' lang='grc' dir='ltr'>φλναροῦσιν</span> <span class='ocrx_word' id='word_1_295' title='bbox 928 3917 973 3996; x_wconf 79' lang='grc' dir='ltr'>(οἱ</span> <span class='ocrx_word' id='word_1_296' title='bbox 988 3916 1021 3975; x_wconf 75' lang='grc' dir='ltr'>ἔκ</span> <span class='ocrx_word' id='word_1_297' title='bbox 1035 3918 1203 3993; x_wconf 80' lang='grc' dir='ltr'>περιτομῆς)</span> <span class='ocrx_word' id='word_1_298' title='bbox 1222 3916 1447 3994; x_wconf 80' lang='grc' dir='ltr'>εὖρεσιλογοῦν-</span> 
     </span>
     <span class='ocr_line' id='line_1_33' title="bbox 350 4013 1447 4094; baseline 0.001 -18"><span class='ocrx_word' id='word_1_299' title='bbox 350 4040 399 4080; x_wconf 91' lang='grc' dir='ltr'>τες</span> <span class='ocrx_word' id='word_1_300' title='bbox 422 4017 543 4094; x_wconf 75' lang='grc' dir='ltr'>ψυχρὸς</span> <span class='ocrx_word' id='word_1_301' title='bbox 566 4016 743 4091; x_wconf 79' lang='grc' dir='ltr'>παραδόσεις</span> <span class='ocrx_word' id='word_1_302' title='bbox 761 4014 914 4092; x_wconf 82' lang='grc' dir='ltr'>φέροντες,</span> <span class='ocrx_word' id='word_1_303' title='bbox 928 4015 1030 4093; x_wconf 82' lang='grc' dir='ltr'>ὥσπερ</span> <span class='ocrx_word' id='word_1_304' title='bbox 1051 4015 1098 4075; x_wconf 85' lang='grc' dir='ltr'>καὶ</span> <span class='ocrx_word' id='word_1_305' title='bbox 1118 4015 1185 4092; x_wconf 81' lang='grc' dir='ltr'>περὶ</span> <span class='ocrx_word' id='word_1_306' title='bbox 1204 4018 1256 4075; x_wconf 83' lang='grc' dir='ltr'>τοῦ</span> <span class='ocrx_word' id='word_1_307' title='bbox 1275 4013 1447 4090; x_wconf 83' lang='grc' dir='ltr'><em>σαββάτου,</em></span> 
     </span>
     <span class='ocr_line' id='line_1_34' title="bbox 351 4113 1448 4196; baseline 0 -19"><span class='ocrx_word' id='word_1_308' title='bbox 351 4115 520 4193; x_wconf 83' lang='grc' dir='ltr'>φάσκοντες</span> <span class='ocrx_word' id='word_1_309' title='bbox 543 4115 636 4175; x_wconf 82' lang='grc' dir='ltr'>τόπον</span> <span class='ocrx_word' id='word_1_310' title='bbox 656 4113 769 4196; x_wconf 79' lang='grc' dir='ltr'>ἑκάστῳ</span> <span class='ocrx_word' id='word_1_311' title='bbox 794 4113 870 4175; x_wconf 80' lang='grc' dir='ltr'>εἶναι</span> <span class='ocrx_word' id='word_1_312' title='bbox 892 4116 1058 4195; x_wconf 82' lang='grc' dir='ltr'>δισχιλίους</span> <span class='ocrx_word' id='word_1_313' title='bbox 1080 4115 1193 4195; x_wconf 78' lang='grc' dir='ltr'>πήχεις.</span> <span class='ocrx_word' id='word_1_314' title='bbox 1227 4116 1317 4177; x_wconf 80' lang='grc' dir='ltr'>ἄλλοι</span> <span class='ocrx_word' id='word_1_315' title='bbox 1339 4117 1383 4190; x_wconf 79' lang='grc' dir='ltr'>δὲ,</span> <span class='ocrx_word' id='word_1_316' title='bbox 1406 4118 1448 4177; x_wconf 84' lang='grc' dir='ltr'>ὧν</span> 
     </span>
     <span class='ocr_line' id='line_1_35' title="bbox 352 4215 1448 4295; baseline 0 -18"><span class='ocrx_word' id='word_1_317' title='bbox 352 4220 417 4278; x_wconf 78' lang='grc' dir='ltr'>ἔστι</span> <span class='ocrx_word' id='word_1_318' title='bbox 439 4216 586 4278; x_wconf 78' lang='grc' dir='ltr'>Δοσίθεος</span> <span class='ocrx_word' id='word_1_319' title='bbox 605 4216 622 4274; x_wconf 84' lang='grc' dir='ltr'>ὁ</span> <span class='ocrx_word' id='word_1_320' title='bbox 643 4215 806 4292; x_wconf 82' lang='grc' dir='ltr'>Σαμαρεὺς,</span> <span class='ocrx_word' id='word_1_321' title='bbox 824 4215 1096 4294; x_wconf 74' lang='grc' dir='ltr'>καταγινώσκοντες</span> <span class='ocrx_word' id='word_1_322' title='bbox 1117 4219 1167 4292; x_wconf 77' lang='grc' dir='ltr'>τῆς</span> <span class='ocrx_word' id='word_1_323' title='bbox 1192 4216 1327 4292; x_wconf 83' lang='grc' dir='ltr'>τοιαύτης</span> <span class='ocrx_word' id='word_1_324' title='bbox 1350 4216 1448 4295; x_wconf 69' lang='grc' dir='ltr'>διηγή-</span> 
     </span>
     <span class='ocr_line' id='line_1_36' title="bbox 351 4313 1449 4402; baseline 0.002 -25"><span class='ocrx_word' id='word_1_325' title='bbox 351 4342 436 4387; x_wconf 88' lang='grc' dir='ltr'>σεως,</span> <span class='ocrx_word' id='word_1_326' title='bbox 456 4319 570 4378; x_wconf 85' lang='grc' dir='ltr'>οῐονται</span> <span class='ocrx_word' id='word_1_327' title='bbox 586 4315 634 4376; x_wconf 78' lang='grc' dir='ltr'>ἐπὶ</span> <span class='ocrx_word' id='word_1_328' title='bbox 648 4318 700 4375; x_wconf 85' lang='grc' dir='ltr'>τοῦ</span> <span class='ocrx_word' id='word_1_329' title='bbox 724 4313 884 4395; x_wconf 83' lang='grc' dir='ltr'>σχήματος,</span> <span class='ocrx_word' id='word_1_330' title='bbox 900 4315 935 4376; x_wconf 77' lang='grc' dir='ltr'>οὗ</span> <span class='ocrx_word' id='word_1_331' title='bbox 950 4314 988 4376; x_wconf 81' lang='grc' dir='ltr'>ἂν</span> <span class='ocrx_word' id='word_1_332' title='bbox 1003 4319 1178 4401; x_wconf 77' lang='grc' dir='ltr'>καταληφθῇ</span> <span class='ocrx_word' id='word_1_333' title='bbox 1194 4341 1237 4380; x_wconf 91' lang='grc' dir='ltr'>τις</span> <span class='ocrx_word' id='word_1_334' title='bbox 1253 4317 1287 4378; x_wconf 75' lang='grc' dir='ltr'>ἓν</span> <span class='ocrx_word' id='word_1_335' title='bbox 1300 4320 1336 4401; x_wconf 76' lang='grc' dir='ltr'>τῇ</span> <span class='ocrx_word' id='word_1_336' title='bbox 1355 4317 1449 4402; x_wconf 72' lang='grc' dir='ltr'>ἡμέρᾳ</span> 
     </span>
     <span class='ocr_line' id='line_1_37' title="bbox 351 4413 1448 4499; baseline 0.003 -21"><span class='ocrx_word' id='word_1_337' title='bbox 351 4421 404 4478; x_wconf 83' lang='grc' dir='ltr'>τοῦ</span> <span class='ocrx_word' id='word_1_338' title='bbox 419 4415 588 4492; x_wconf 80' lang='grc' dir='ltr'>σαββάτου,</span> <span class='ocrx_word' id='word_1_339' title='bbox 604 4414 707 4491; x_wconf 75' lang='grc' dir='ltr'>μένειν</span> <span class='ocrx_word' id='word_1_340' title='bbox 720 4414 825 4495; x_wconf 74' lang='grc' dir='ltr'>μέχρις</span> <span class='ocrx_word' id='word_1_341' title='bbox 840 4413 976 4494; x_wconf 77' lang='grc' dir='ltr'>ἑσπέρας.</span> <span class='ocrx_word' id='word_1_342' title='bbox 1000 4436 1026 4478; x_wconf 82' lang='lat' dir='ltr'>c.</span> <span class='ocrx_word' id='word_1_343' title='bbox 1039 4415 1111 4477; x_wconf 86' lang='lat' dir='ltr'>xvii.</span> <span class='ocrx_word' id='word_1_344' title='bbox 1124 4438 1155 4499; x_wconf 89' lang='lat' dir='ltr'>p.</span> <span class='ocrx_word' id='word_1_345' title='bbox 1173 4417 1242 4495; x_wconf 87' lang='lat'>176.</span> <span class='ocrx_word' id='word_1_346' title='bbox 1255 4416 1303 4479; x_wconf 89' lang='lat' dir='ltr'>ed.</span> <span class='ocrx_word' id='word_1_347' title='bbox 1317 4417 1448 4481; x_wconf 90' lang='lat' dir='ltr'>Delaru.</span> 
     </span>
     <span class='ocr_line' id='line_1_38' title="bbox 352 4514 1447 4600; baseline 0.001 -22"><span class='ocrx_word' id='word_1_348' title='bbox 352 4539 406 4579; x_wconf 86' lang='lat' dir='ltr'>seu</span> <span class='ocrx_word' id='word_1_349' title='bbox 438 4515 632 4578; x_wconf 83' lang='lat' dir='ltr'>Benedictin.</span> <span class='ocrx_word' id='word_1_350' title='bbox 659 4514 707 4576; x_wconf 90' lang='lat' dir='ltr'>vel</span> <span class='ocrx_word' id='word_1_351' title='bbox 734 4536 802 4597; x_wconf 82' lang='lat' dir='ltr'>cap.</span> <span class='ocrx_word' id='word_1_352' title='bbox 825 4516 845 4576; x_wconf 92' lang='lat' dir='ltr'>i.</span> <span class='ocrx_word' id='word_1_353' title='bbox 878 4514 1059 4577; x_wconf 69' lang='lat' dir='ltr'>putealia</span> <span class='ocrx_word' id='word_1_354' title='bbox 1089 4516 1236 4599; x_wconf 84' lang='lat' dir='ltr'>Origenis</span> <span class='ocrx_word' id='word_1_355' title='bbox 1265 4539 1296 4600; x_wconf 90' lang='lat' dir='ltr'>p.</span> <span class='ocrx_word' id='word_1_356' title='bbox 1326 4537 1372 4599; x_wconf 89' lang='lat'>¹4·</span> <span class='ocrx_word' id='word_1_357' title='bbox 1397 4519 1447 4581; x_wconf 93' lang='lat' dir='ltr'>ed.</span> 
     </span>
     <span class='ocr_line' id='line_1_39' title="bbox 353 4617 511 4701; baseline -0.019 -20"><span class='ocrx_word' id='word_1_358' title='bbox 353 4617 511 4701; x_wconf 80' lang='lat' dir='ltr'>Spenoeri.</span> 
     </span>
    </p>

    <p class='ocr_par' dir='ltr' id='par_1_4' title="bbox 397 4716 1451 4802">
     <span class='ocr_line' id='line_1_40' title="bbox 397 4716 1451 4802; baseline 0.004 -22"><span class='ocrx_word' id='word_1_359' title='bbox 397 4720 435 4780; x_wconf 91' lang='lat' dir='ltr'>P.</span> <span class='ocrx_word' id='word_1_360' title='bbox 453 4737 527 4797; x_wconf 80' lang='lat'>207.</span> <span class='ocrx_word' id='word_1_361' title='bbox 552 4717 639 4779; x_wconf 86' lang='lat' dir='ltr'>l.10.</span> <span class='ocrx_word' id='word_1_362' title='bbox 667 4720 861 4801; x_wconf 83' lang='grc' dir='ltr'>Σαμαρεῖται]</span> <span class='ocrx_word' id='word_1_363' title='bbox 894 4716 1025 4780; x_wconf 75' lang='lat' dir='ltr'>Rectius</span> <span class='ocrx_word' id='word_1_364' title='bbox 1051 4717 1251 4802; x_wconf 87' lang='lat' dir='ltr'>Epiphanius</span> <span class='ocrx_word' id='word_1_365' title='bbox 1274 4718 1451 4784; x_wconf 80' lang='lat' dir='ltr'>Samaritae</span> 
     </span>
    </p>

    <p class='ocr_par' dir='ltr' id='par_1_5' title="bbox 440 4840 925 4902">
     <span class='ocr_line' id='line_1_41' title="bbox 440 4840 925 4902; baseline 0.002 -24"><span class='ocrx_word' id='word_1_366' title='bbox 440 4841 509 4881; x_wconf 75' lang='lat' dir='ltr'>von.</span> <span class='ocrx_word' id='word_1_367' title='bbox 526 4841 546 4880; x_wconf 89' lang='grc' dir='ltr'>ι.</span> <span class='ocrx_word' id='word_1_368' title='bbox 869 4840 925 4902; x_wconf 80' lang='lat' dir='ltr'>og</span> 
     </span>
    </p>
   </div>
   <div class='ocr_carea' id='block_1_4' title="bbox 0 0 1912 5650">
    <p class='ocr_par' dir='ltr' id='par_1_6' title="bbox 0 0 1912 5650">
     <span class='ocr_line' id='line_1_42' title="bbox 0 0 1912 5650; baseline 0 0"><span class='ocrx_word' id='word_1_369' title='bbox 0 0 1912 5650; x_wconf 95' lang='lat' dir='ltr'> </span> 
     </span>
    </p>
   </div>
  </div>
 </body>
</html>
