<?xml version="1.0" encoding="UTF-8"?>
<!DOCTYPE html PUBLIC "-//W3C//DTD XHTML 1.0 Transitional//EN"
    "http://www.w3.org/TR/xhtml1/DTD/xhtml1-transitional.dtd">
<html xmlns="http://www.w3.org/1999/xhtml" xml:lang="en" lang="en">
 <head>
  <title>
</title>
<meta http-equiv="Content-Type" content="text/html;charset=utf-8" />
  <meta name='ocr-system' content='tesseract 3.04.00' />
  <meta name='ocr-capabilities' content='ocr_page ocr_carea ocr_par ocr_line ocrx_word'/>
</head>
<body>
  <div class='ocr_page' id='page_1' title='image "./reliquiaesacrae07routgoog_0391.png"; bbox 0 0 3809 5650; ppageno 0'>
   <div class='ocr_carea' id='block_1_1' title="bbox 448 681 1220 765">
    <p class='ocr_par' dir='ltr' id='par_1_1' title="bbox 448 681 1220 765">
     <span class='ocr_line' id='line_1_1' title="bbox 448 681 1220 765; baseline -0.005 -16"><span class='ocrx_word' id='word_1_1' title='bbox 448 687 513 750; x_wconf 84' lang='lat' dir='ltr'><strong>aro</strong></span> <span class='ocrx_word' id='word_1_2' title='bbox 781 683 1023 765; x_wconf 72' lang='lat' dir='ltr'><strong>analavum</strong></span> <span class='ocrx_word' id='word_1_3' title='bbox 1045 681 1220 748; x_wconf 78' lang='lat' dir='ltr'><strong>snonAE.</strong></span> 
     </span>
    </p>
   </div>
   <div class='ocr_carea' id='block_1_2' title="bbox 337 840 1628 4467">
    <p class='ocr_par' dir='ltr' id='par_1_2' title="bbox 337 840 1628 3893">
     <span class='ocr_line' id='line_1_2' title="bbox 449 840 1551 951; baseline -0.007 -25"><span class='ocrx_word' id='word_1_4' title='bbox 449 845 600 951; x_wconf 84' lang='grc' dir='ltr'>ἔχοντες,</span> <span class='ocrx_word' id='word_1_5' title='bbox 625 843 801 948; x_wconf 76' lang='grc' dir='ltr'>ὑπέφερον</span> <span class='ocrx_word' id='word_1_6' title='bbox 829 842 942 924; x_wconf 85' lang='grc' dir='ltr'>πόλιν</span> <span class='ocrx_word' id='word_1_7' title='bbox 969 840 1033 928; x_wconf 80' lang='grc' dir='ltr'><strong>τὰς</strong></span> <span class='ocrx_word' id='word_1_8' title='bbox 1059 841 1238 948; x_wconf 80' lang='grc' dir='ltr'>διεξόδους</span> <span class='ocrx_word' id='word_1_9' title='bbox 1263 848 1336 920; x_wconf 83' lang='grc' dir='ltr'><strong>τῶν</strong></span> <span class='ocrx_word' id='word_1_10' title='bbox 1361 841 1551 940; x_wconf 87' lang='grc' dir='ltr'>μαστίγων</span> 
     </span>
     <span class='ocr_line' id='line_1_3' title="bbox 448 975 1548 1077; baseline -0.009 -14"><span class='ocrx_word' id='word_1_11' title='bbox 448 979 514 1063; x_wconf 73' lang='grc' dir='ltr'><strong>τὰς</strong></span> <span class='ocrx_word' id='word_1_12' title='bbox 539 982 653 1058; x_wconf 81' lang='grc' dir='ltr'>ἐκεῖσε</span> <span class='ocrx_word' id='word_1_13' title='bbox 682 978 894 1077; x_wconf 71' lang='grc' dir='ltr'>εἰθισμένας·</span> <span class='ocrx_word' id='word_1_14' title='bbox 926 982 986 1058; x_wconf 80' lang='grc' dir='ltr'><strong>καὶ</strong></span> <span class='ocrx_word' id='word_1_15' title='bbox 1013 979 1096 1062; x_wconf 78' lang='grc' dir='ltr'>τοὺς</span> <span class='ocrx_word' id='word_1_16' title='bbox 1123 975 1195 1057; x_wconf 81' lang='grc' dir='ltr'><strong>ἀπὸ</strong></span> <span class='ocrx_word' id='word_1_17' title='bbox 1223 983 1295 1056; x_wconf 82' lang='grc' dir='ltr'><strong>τῶν</strong></span> <span class='ocrx_word' id='word_1_18' title='bbox 1323 977 1455 1077; x_wconf 90' lang='grc' dir='ltr'>θηρίων</span> <span class='ocrx_word' id='word_1_19' title='bbox 1482 976 1548 1053; x_wconf 83' lang='grc' dir='ltr'><strong>ἑλ-</strong></span> 
     </span>
     <span class='ocr_line' id='line_1_4' title="bbox 449 1108 1551 1213; baseline -0.006 -20"><span class='ocrx_word' id='word_1_20' title='bbox 449 1112 618 1213; x_wconf 89' lang='grc' dir='ltr'>κηθμούς·</span> <span class='ocrx_word' id='word_1_21' title='bbox 659 1118 718 1193; x_wconf 86' lang='grc' dir='ltr'><strong>καὶ</strong></span> <span class='ocrx_word' id='word_1_22' title='bbox 749 1113 855 1193; x_wconf 79' lang='grc' dir='ltr'>πάνθ</span> <span class='ocrx_word' id='word_1_23' title='bbox 886 1112 959 1192; x_wconf 80' lang='grc' dir='ltr'><strong>ὅσα</strong></span> <span class='ocrx_word' id='word_1_24' title='bbox 989 1109 1199 1210; x_wconf 79' lang='grc' dir='ltr'>μαινόμενος</span> <span class='ocrx_word' id='word_1_25' title='bbox 1236 1113 1256 1189; x_wconf 87' lang='grc' dir='ltr'>ὁ</span> <span class='ocrx_word' id='word_1_26' title='bbox 1293 1114 1403 1209; x_wconf 74' lang='grc' dir='ltr'>δῆμος</span> <span class='ocrx_word' id='word_1_27' title='bbox 1439 1108 1551 1188; x_wconf 79' lang='grc' dir='ltr'>ἄλλοι</span> 
     </span>
     <span class='ocr_line' id='line_1_5' title="bbox 449 1236 1551 1352; baseline -0.005 -26"><span class='ocrx_word' id='word_1_28' title='bbox 449 1245 658 1352; x_wconf 84' lang='grc' dir='ltr'>ἀλλαχόθεν</span> <span class='ocrx_word' id='word_1_29' title='bbox 675 1245 835 1340; x_wconf 82' lang='grc' dir='ltr'>ἐπεβόων</span> <span class='ocrx_word' id='word_1_30' title='bbox 848 1248 907 1324; x_wconf 79' lang='grc' dir='ltr'><strong>καὶ</strong></span> <span class='ocrx_word' id='word_1_31' title='bbox 925 1244 1186 1326; x_wconf 87' lang='grc' dir='ltr'>ἐπεκελεύοντο·</span> <span class='ocrx_word' id='word_1_32' title='bbox 1215 1246 1274 1324; x_wconf 81' lang='grc' dir='ltr'><strong>καὶ</strong></span> <span class='ocrx_word' id='word_1_33' title='bbox 1292 1246 1350 1323; x_wconf 82' lang='grc' dir='ltr'><strong>ἐπὶ</strong></span> <span class='ocrx_word' id='word_1_34' title='bbox 1371 1236 1466 1322; x_wconf 79' lang='grc' dir='ltr'>πᾶσι</span> <span class='ocrx_word' id='word_1_35' title='bbox 1483 1241 1551 1341; x_wconf 81' lang='grc' dir='ltr'><strong>τὴν</strong></span> 
     </span>
     <span class='ocr_line' id='line_1_6' title="bbox 449 1377 1575 1484; baseline -0.004 -24"><span class='ocrx_word' id='word_1_36' title='bbox 449 1384 603 1484; x_wconf 79' lang='grc' dir='ltr'>σιδηρᾶν</span> <span class='ocrx_word' id='word_1_37' title='bbox 634 1381 819 1483; x_wconf 85' lang='grc' dir='ltr'>καθεδρον,</span> <span class='ocrx_word' id='word_1_38' title='bbox 852 1382 907 1484; x_wconf 81' lang='grc' dir='ltr'><strong>ἐφ’</strong></span> <span class='ocrx_word' id='word_1_39' title='bbox 938 1380 981 1480; x_wconf 75' lang='grc' dir='ltr'><strong>ἧς</strong></span> <span class='ocrx_word' id='word_1_40' title='bbox 1016 1377 1272 1482; x_wconf 81' lang='grc' dir='ltr'>τηγανιζόμενα</span> <span class='ocrx_word' id='word_1_41' title='bbox 1300 1377 1347 1457; x_wconf 78' lang='grc' dir='ltr'><strong>τὰ</strong></span> <span class='ocrx_word' id='word_1_42' title='bbox 1384 1377 1575 1477; x_wconf 57' lang='lat' dir='ltr'><strong>aduncas</strong></span> 
     </span>
     <span class='ocr_line' id='line_1_7' title="bbox 448 1511 1549 1619; baseline -0.005 -24"><span class='ocrx_word' id='word_1_43' title='bbox 448 1515 603 1614; x_wconf 84' lang='grc' dir='ltr'>κνίσσης</span> <span class='ocrx_word' id='word_1_44' title='bbox 640 1512 766 1597; x_wconf 81' lang='grc' dir='ltr'>αὐτούς</span> <span class='ocrx_word' id='word_1_45' title='bbox 802 1511 971 1619; x_wconf 87' lang='grc' dir='ltr'>ἐνεφόρει.</span> <span class='ocrx_word' id='word_1_46' title='bbox 1021 1518 1054 1592; x_wconf 85' lang='grc' dir='ltr'><strong>οἱ</strong></span> <span class='ocrx_word' id='word_1_47' title='bbox 1086 1515 1116 1591; x_wconf 86' lang='grc' dir='ltr'>δ</span> <span class='ocrx_word' id='word_1_48' title='bbox 1150 1514 1222 1593; x_wconf 79' lang='grc' dir='ltr'>οὐδ’</span> <span class='ocrx_word' id='word_1_49' title='bbox 1258 1513 1369 1595; x_wconf 75' lang='grc' dir='ltr'>οὕτως</span> <span class='ocrx_word' id='word_1_50' title='bbox 1406 1511 1549 1611; x_wconf 81' lang='grc' dir='ltr'>ἔληγον,</span> 
     </span>
     <span class='ocr_line' id='line_1_8' title="bbox 448 1644 1549 1752; baseline -0.005 -25"><span class='ocrx_word' id='word_1_51' title='bbox 448 1649 533 1727; x_wconf 77' lang='grc' dir='ltr'>ἄλλ’</span> <span class='ocrx_word' id='word_1_52' title='bbox 560 1647 611 1726; x_wconf 82' lang='grc' dir='ltr'><strong>ἔτι</strong></span> <span class='ocrx_word' id='word_1_53' title='bbox 638 1651 697 1726; x_wconf 81' lang='grc' dir='ltr'><strong>καὶ</strong></span> <span class='ocrx_word' id='word_1_54' title='bbox 723 1654 868 1746; x_wconf 71' lang='grc' dir='ltr'>μᾶλλον</span> <span class='ocrx_word' id='word_1_55' title='bbox 895 1647 1131 1752; x_wconf 81' lang='grc' dir='ltr'>ἐξεμαίνοντο,</span> <span class='ocrx_word' id='word_1_56' title='bbox 1161 1644 1375 1744; x_wconf 81' lang='grc' dir='ltr'>βουλόμενοι</span> <span class='ocrx_word' id='word_1_57' title='bbox 1407 1649 1549 1743; x_wconf 76' lang='grc' dir='ltr'>νικῆσαι</span> 
     </span>
     <span class='ocr_line' id='line_1_9' title="bbox 448 1778 1549 1882; baseline -0.004 -21"><span class='ocrx_word' id='word_1_58' title='bbox 448 1781 515 1881; x_wconf 76' lang='grc' dir='ltr'><strong>τὴν</strong></span> <span class='ocrx_word' id='word_1_59' title='bbox 549 1783 689 1861; x_wconf 83' lang='grc' dir='ltr'>ἐκείνων</span> <span class='ocrx_word' id='word_1_60' title='bbox 720 1781 913 1881; x_wconf 78' lang='grc' dir='ltr'>ὑπομονήν·</span> <span class='ocrx_word' id='word_1_61' title='bbox 959 1786 1017 1860; x_wconf 75' lang='grc' dir='ltr'><strong>καὶ</strong></span> <span class='ocrx_word' id='word_1_62' title='bbox 1055 1782 1127 1860; x_wconf 82' lang='grc' dir='ltr'><strong>οὐδ</strong></span> <span class='ocrx_word' id='word_1_63' title='bbox 1166 1778 1214 1864; x_wconf 81' lang='grc' dir='ltr'><strong>ὦς</strong></span> <span class='ocrx_word' id='word_1_64' title='bbox 1245 1779 1344 1882; x_wconf 79' lang='grc' dir='ltr'>παρὰ</span> <span class='ocrx_word' id='word_1_65' title='bbox 1383 1779 1549 1880; x_wconf 81' lang='grc' dir='ltr'>Σάγκτου</span> 
     </span>
     <span class='ocr_line' id='line_1_10' title="bbox 448 1913 1549 2019; baseline -0.005 -22"><span class='ocrx_word' id='word_1_66' title='bbox 448 1913 568 2019; x_wconf 81' lang='grc' dir='ltr'>ἕτερόν</span> <span class='ocrx_word' id='word_1_67' title='bbox 590 1950 624 1995; x_wconf 87' lang='grc' dir='ltr'><strong>τι</strong></span> <span class='ocrx_word' id='word_1_68' title='bbox 651 1915 881 2015; x_wconf 77' lang='grc' dir='ltr'>εἰσήκουσαν,</span> <span class='ocrx_word' id='word_1_69' title='bbox 900 1918 985 2018; x_wconf 83' lang='grc' dir='ltr'>παρ’</span> <span class='ocrx_word' id='word_1_70' title='bbox 1005 1915 1050 2014; x_wconf 83' lang='grc' dir='ltr'><strong>ἣν</strong></span> <span class='ocrx_word' id='word_1_71' title='bbox 1076 1918 1240 2018; x_wconf 83' lang='grc' dir='ltr'>ἀπαρχῆς</span> <span class='ocrx_word' id='word_1_72' title='bbox 1267 1914 1402 1993; x_wconf 84' lang='grc' dir='ltr'>εἴθιστο</span> <span class='ocrx_word' id='word_1_73' title='bbox 1430 1914 1549 2015; x_wconf 77' lang='grc' dir='ltr'>λέγειν</span> 
     </span>
     <span class='ocr_line' id='line_1_11' title="bbox 447 2047 1598 2154; baseline -0.003 -20"><span class='ocrx_word' id='word_1_74' title='bbox 447 2054 512 2150; x_wconf 77' lang='grc' dir='ltr'><strong>τῆς</strong></span> <span class='ocrx_word' id='word_1_75' title='bbox 544 2050 739 2150; x_wconf 82' lang='grc' dir='ltr'>ὁμολογίας</span> <span class='ocrx_word' id='word_1_76' title='bbox 767 2049 902 2154; x_wconf 74' lang='grc' dir='ltr'>φωνήν.</span> <span class='ocrx_word' id='word_1_77' title='bbox 931 2050 1027 2128; x_wconf 78' lang='grc' dir='ltr'>οὗτοι</span> <span class='ocrx_word' id='word_1_78' title='bbox 1058 2047 1125 2148; x_wconf 87' lang='grc' dir='ltr'><strong>μέν</strong></span> <span class='ocrx_word' id='word_1_79' title='bbox 1152 2050 1215 2128; x_wconf 79' lang='grc' dir='ltr'><strong>οὖν</strong></span> <span class='ocrx_word' id='word_1_80' title='bbox 1242 2050 1284 2127; x_wconf 86' lang='grc' dir='ltr'><strong>δι’</strong></span> <span class='ocrx_word' id='word_1_81' title='bbox 1314 2051 1452 2149; x_wconf 85' lang='grc' dir='ltr'>ἀγῶνος</span> <span class='ocrx_word' id='word_1_82' title='bbox 1480 2081 1544 2146; x_wconf 86' lang='grc' dir='ltr'>με·</span> <span class='ocrx_word' id='word_1_83' title='bbox 1562 2078 1598 2117; x_wconf 88' lang='lat'><strong>¹0</strong></span> 
     </span>
     <span class='ocr_line' id='line_1_12' title="bbox 447 2180 1548 2288; baseline -0.002 -27"><span class='ocrx_word' id='word_1_84' title='bbox 447 2181 565 2284; x_wconf 78' lang='grc' dir='ltr'>γόλου</span> <span class='ocrx_word' id='word_1_85' title='bbox 587 2180 743 2262; x_wconf 79' lang='grc' dir='ltr'>ἐπιπολὺ</span> <span class='ocrx_word' id='word_1_86' title='bbox 768 2181 1045 2285; x_wconf 78' lang='grc' dir='ltr'>παραμενούσης</span> <span class='ocrx_word' id='word_1_87' title='bbox 1069 2184 1187 2261; x_wconf 80' lang='grc' dir='ltr'>αὐτῶν</span> <span class='ocrx_word' id='word_1_88' title='bbox 1212 2187 1276 2280; x_wconf 78' lang='grc' dir='ltr'><strong>τῆς</strong></span> <span class='ocrx_word' id='word_1_89' title='bbox 1301 2186 1434 2288; x_wconf 71' lang='grc' dir='ltr'>ψυχῆς,</span> <span class='ocrx_word' id='word_1_90' title='bbox 1465 2183 1548 2260; x_wconf 80' lang='grc' dir='ltr'><strong>τοῦ-</strong></span> 
     </span>
     <span class='ocr_line' id='line_1_13' title="bbox 447 2311 1549 2418; baseline 0.003 -24"><span class='ocrx_word' id='word_1_91' title='bbox 447 2348 588 2418; x_wconf 90' lang='grc' dir='ltr'>σχατον</span> <span class='ocrx_word' id='word_1_92' title='bbox 613 2315 802 2414; x_wconf 81' lang='grc' dir='ltr'>ἐπόθησαν·</span> <span class='ocrx_word' id='word_1_93' title='bbox 830 2313 889 2394; x_wconf 77' lang='grc' dir='ltr'><strong>διὰ</strong></span> <span class='ocrx_word' id='word_1_94' title='bbox 913 2321 979 2415; x_wconf 82' lang='grc' dir='ltr'><strong>τῆς</strong></span> <span class='ocrx_word' id='word_1_95' title='bbox 1002 2316 1133 2416; x_wconf 79' lang='grc' dir='ltr'>ἡμέρας</span> <span class='ocrx_word' id='word_1_96' title='bbox 1162 2315 1303 2413; x_wconf 83' lang='grc' dir='ltr'>ἐκείνης,</span> <span class='ocrx_word' id='word_1_97' title='bbox 1322 2314 1401 2391; x_wconf 82' lang='grc' dir='ltr'>ἀντὶ</span> <span class='ocrx_word' id='word_1_98' title='bbox 1427 2311 1549 2412; x_wconf 82' lang='grc' dir='ltr'>πόσης</span> 
     </span>
     <span class='ocr_line' id='line_1_14' title="bbox 446 2444 1547 2554; baseline -0.005 -23"><span class='ocrx_word' id='word_1_99' title='bbox 446 2453 512 2548; x_wconf 81' lang='grc' dir='ltr'><strong>τῆς</strong></span> <span class='ocrx_word' id='word_1_100' title='bbox 539 2449 674 2532; x_wconf 85' lang='grc' dir='ltr'>ἐντοῖς</span> <span class='ocrx_word' id='word_1_101' title='bbox 697 2452 927 2554; x_wconf 78' lang='grc' dir='ltr'>μονομαχίας</span> <span class='ocrx_word' id='word_1_102' title='bbox 951 2451 1140 2546; x_wconf 87' lang='grc' dir='ltr'>ποικιλίας,</span> <span class='ocrx_word' id='word_1_103' title='bbox 1163 2450 1280 2528; x_wconf 71' lang='grc' dir='ltr'><strong>ιιαὐτοὶ</strong></span> <span class='ocrx_word' id='word_1_104' title='bbox 1305 2447 1419 2546; x_wconf 77' lang='grc' dir='ltr'>θέαμα</span> <span class='ocrx_word' id='word_1_105' title='bbox 1441 2444 1547 2548; x_wconf 82' lang='grc' dir='ltr'>γενό-</span> 
     </span>
     <span class='ocr_line' id='line_1_15' title="bbox 447 2581 1546 2691; baseline -0.003 -29"><span class='ocrx_word' id='word_1_106' title='bbox 447 2614 546 2682; x_wconf 87' lang='grc' dir='ltr'>μενοι</span> <span class='ocrx_word' id='word_1_107' title='bbox 572 2590 625 2689; x_wconf 79' lang='grc' dir='ltr'><strong>τῷ</strong></span> <span class='ocrx_word' id='word_1_108' title='bbox 652 2581 790 2691; x_wconf 87' lang='grc' dir='ltr'>κόσμιρ.</span> <span class='ocrx_word' id='word_1_109' title='bbox 823 2585 845 2682; x_wconf 87' lang='grc' dir='ltr'><strong><em>ἡ</em></strong></span> <span class='ocrx_word' id='word_1_110' title='bbox 874 2583 912 2664; x_wconf 85' lang='grc' dir='ltr'>δέ</span> <span class='ocrx_word' id='word_1_111' title='bbox 940 2586 1123 2664; x_wconf 89' lang='grc' dir='ltr'>Βλανδίνα</span> <span class='ocrx_word' id='word_1_112' title='bbox 1149 2585 1207 2662; x_wconf 78' lang='grc' dir='ltr'><strong>ἐπὶ</strong></span> <span class='ocrx_word' id='word_1_113' title='bbox 1240 2582 1354 2688; x_wconf 83' lang='grc' dir='ltr'>ξύλου</span> <span class='ocrx_word' id='word_1_114' title='bbox 1384 2614 1546 2683; x_wconf 86' lang='grc' dir='ltr'>κρεμασ-</span> 
     </span>
     <span class='ocr_line' id='line_1_16' title="bbox 447 2714 1597 2819; baseline -0.002 -24"><span class='ocrx_word' id='word_1_115' title='bbox 447 2722 564 2814; x_wconf 79' lang='grc' dir='ltr'>θεῖσα,</span> <span class='ocrx_word' id='word_1_116' title='bbox 591 2718 778 2819; x_wconf 80' lang='grc' dir='ltr'>προύκειτο</span> <span class='ocrx_word' id='word_1_117' title='bbox 808 2717 902 2819; x_wconf 78' lang='grc' dir='ltr'>βορὰ</span> <span class='ocrx_word' id='word_1_118' title='bbox 929 2724 1003 2797; x_wconf 86' lang='grc' dir='ltr'><strong>τῶν</strong></span> <span class='ocrx_word' id='word_1_119' title='bbox 1030 2716 1326 2812; x_wconf 84' lang='grc' dir='ltr'>είσβσλλομένων</span> <span class='ocrx_word' id='word_1_120' title='bbox 1353 2716 1496 2816; x_wconf 87' lang='grc' dir='ltr'>θηρίων·</span> <span class='ocrx_word' id='word_1_121' title='bbox 1524 2714 1597 2813; x_wconf 78' lang='lat' dir='ltr'><strong>⁷l¹5</strong></span> 
     </span>
     <span class='ocr_line' id='line_1_17' title="bbox 448 2849 1549 2955; baseline -0.005 -23"><span class='ocrx_word' id='word_1_122' title='bbox 448 2856 508 2932; x_wconf 87' lang='grc' dir='ltr'><strong>καὶ</strong></span> <span class='ocrx_word' id='word_1_123' title='bbox 537 2851 597 2931; x_wconf 82' lang='grc' dir='ltr'>διδι</span> <span class='ocrx_word' id='word_1_124' title='bbox 629 2860 693 2932; x_wconf 83' lang='grc' dir='ltr'><strong>τοῦ</strong></span> <span class='ocrx_word' id='word_1_125' title='bbox 723 2851 929 2946; x_wconf 73' lang='grc' dir='ltr'>βλεπεσθαι</span> <span class='ocrx_word' id='word_1_126' title='bbox 960 2861 1119 2955; x_wconf 83' lang='grc' dir='ltr'>σταυροῦ</span> <span class='ocrx_word' id='word_1_127' title='bbox 1147 2849 1309 2955; x_wconf 75' lang='grc' dir='ltr'>σχήματι</span> <span class='ocrx_word' id='word_1_128' title='bbox 1338 2851 1549 2951; x_wconf 68' lang='grc' dir='ltr'>κρεμαμενη,</span> 
     </span>
     <span class='ocr_line' id='line_1_18' title="bbox 448 2982 1549 3091; baseline -0.003 -27"><span class='ocrx_word' id='word_1_129' title='bbox 448 2983 508 3065; x_wconf 79' lang='grc' dir='ltr'><strong>διὰ</strong></span> <span class='ocrx_word' id='word_1_130' title='bbox 530 2989 596 3085; x_wconf 80' lang='grc' dir='ltr'><strong>τῆς</strong></span> <span class='ocrx_word' id='word_1_131' title='bbox 613 2982 756 3065; x_wconf 76' lang='grc' dir='ltr'>εὐτόνου</span> <span class='ocrx_word' id='word_1_132' title='bbox 779 2992 996 3091; x_wconf 84' lang='grc' dir='ltr'>προσευχῆς,</span> <span class='ocrx_word' id='word_1_133' title='bbox 1014 2983 1159 3085; x_wconf 85' lang='grc' dir='ltr'>πολλὴν</span> <span class='ocrx_word' id='word_1_134' title='bbox 1176 2984 1379 3087; x_wconf 90' lang='grc' dir='ltr'>προθυμίαν</span> <span class='ocrx_word' id='word_1_135' title='bbox 1404 2984 1549 3062; x_wconf 87' lang='grc' dir='ltr'>ἐνεποίει</span> 
     </span>
     <span class='ocr_line' id='line_1_19' title="bbox 337 3117 1548 3229; baseline -0.005 -30"><span class='ocrx_word' id='word_1_136' title='bbox 337 3225 339 3229; x_wconf 89' lang='lat'>.</span> <span class='ocrx_word' id='word_1_137' title='bbox 447 3125 522 3203; x_wconf 85' lang='grc' dir='ltr'>τοῖς</span> <span class='ocrx_word' id='word_1_138' title='bbox 558 3119 841 3223; x_wconf 63' lang='grc' dir='ltr'>ἀγωνιᾷιμόιοις·</span> <span class='ocrx_word' id='word_1_139' title='bbox 885 3117 1098 3215; x_wconf 84' lang='grc' dir='ltr'>βλεπόντων</span> <span class='ocrx_word' id='word_1_140' title='bbox 1130 3119 1248 3197; x_wconf 80' lang='grc' dir='ltr'>αὐτῶν</span> <span class='ocrx_word' id='word_1_141' title='bbox 1274 3119 1313 3197; x_wconf 87' lang='grc' dir='ltr'><strong>ἐν</strong></span> <span class='ocrx_word' id='word_1_142' title='bbox 1344 3120 1396 3223; x_wconf 73' lang='grc' dir='ltr'><strong>τῷ</strong></span> <span class='ocrx_word' id='word_1_143' title='bbox 1425 3118 1548 3217; x_wconf 81' lang='grc' dir='ltr'>ἀγῶνι,</span> 
     </span>
     <span class='ocr_line' id='line_1_20' title="bbox 447 3356 1549 3439; baseline -0.005 -20"><span class='ocrx_word' id='word_1_144' title='bbox 447 3380 565 3439; x_wconf 82' lang='lat' dir='ltr'><strong>grorum</strong></span> <span class='ocrx_word' id='word_1_145' title='bbox 586 3362 706 3419; x_wconf 87' lang='lat' dir='ltr'><strong>verbera</strong></span> <span class='ocrx_word' id='word_1_146' title='bbox 726 3360 920 3439; x_wconf 87' lang='lat' dir='ltr'><strong>pertulerunt,</strong></span> <span class='ocrx_word' id='word_1_147' title='bbox 941 3373 972 3421; x_wconf 90' lang='lat' dir='ltr'><strong>et</strong></span> <span class='ocrx_word' id='word_1_148' title='bbox 1022 3356 1549 3439; x_wconf 78' lang='lat' dir='ltr'><strong>oerepotueruut,praterillamquam</strong></span> 
     </span>
     <span class='ocr_line' id='line_1_21' title="bbox 448 3438 1628 3515; baseline -0.003 -17"><span class='ocrx_word' id='word_1_149' title='bbox 448 3438 695 3515; x_wconf 80' lang='lat' dir='ltr'><strong>beatiorumipsoa</strong></span> <span class='ocrx_word' id='word_1_150' title='bbox 706 3441 884 3499; x_wconf 76' lang='lat' dir='ltr'><strong>trahentium</strong></span> <span class='ocrx_word' id='word_1_151' title='bbox 894 3460 973 3498; x_wconf 87' lang='lat' dir='ltr'><strong>mor·</strong></span> <span class='ocrx_word' id='word_1_152' title='bbox 1022 3442 1058 3499; x_wconf 92' lang='lat' dir='ltr'><strong>ab</strong></span> <span class='ocrx_word' id='word_1_153' title='bbox 1085 3441 1172 3499; x_wconf 90' lang='lat' dir='ltr'><strong>initio</strong></span> <span class='ocrx_word' id='word_1_154' title='bbox 1201 3441 1331 3515; x_wconf 88' lang='lat' dir='ltr'><strong>proferre</strong></span> <span class='ocrx_word' id='word_1_155' title='bbox 1359 3445 1548 3495; x_wconf 80' lang='lat' dir='ltr'><strong>consueverat</strong></span> <span class='ocrx_word' id='word_1_156' title='bbox 1560 3448 1597 3488; x_wconf 83' lang='lat'><strong>20</strong></span> <span class='ocrx_word' id='word_1_157' title='bbox 1626 3445 1628 3449; x_wconf 86' lang='lat'>&#39;</span> 
     </span>
     <span class='ocr_line' id='line_1_22' title="bbox 447 3516 1547 3596; baseline -0.005 -19"><span class='ocrx_word' id='word_1_158' title='bbox 447 3537 508 3583; x_wconf 83' lang='lat' dir='ltr'><strong>aua,</strong></span> <span class='ocrx_word' id='word_1_159' title='bbox 530 3529 561 3576; x_wconf 90' lang='lat' dir='ltr'><strong>et</strong></span> <span class='ocrx_word' id='word_1_160' title='bbox 587 3537 769 3596; x_wconf 73' lang='lat' dir='ltr'><strong>quacunque</strong></span> <span class='ocrx_word' id='word_1_161' title='bbox 792 3519 849 3576; x_wconf 91' lang='lat' dir='ltr'><strong>alia</strong></span> <span class='ocrx_word' id='word_1_162' title='bbox 868 3517 973 3595; x_wconf 78' lang='lat' dir='ltr'><strong>vulgaa</strong></span> <span class='ocrx_word' id='word_1_163' title='bbox 1022 3519 1212 3578; x_wconf 81' lang='lat' dir='ltr'><strong>oonfeaaionia</strong></span> <span class='ocrx_word' id='word_1_164' title='bbox 1226 3538 1285 3577; x_wconf 74' lang='lat' dir='ltr'><strong>suae</strong></span> <span class='ocrx_word' id='word_1_165' title='bbox 1298 3536 1410 3575; x_wconf 81' lang='lat' dir='ltr'><strong>vocem.</strong></span> <span class='ocrx_word' id='word_1_166' title='bbox 1447 3516 1547 3575; x_wconf 87' lang='lat' dir='ltr'><strong>Hier·</strong></span> 
     </span>
     <span class='ocr_line' id='line_1_23' title="bbox 447 3595 1547 3674; baseline -0.001 -21"><span class='ocrx_word' id='word_1_167' title='bbox 447 3596 582 3654; x_wconf 76' lang='lat' dir='ltr'><strong>incanum</strong></span> <span class='ocrx_word' id='word_1_168' title='bbox 614 3615 647 3653; x_wconf 91' lang='lat' dir='ltr'><strong>ro</strong></span> <span class='ocrx_word' id='word_1_169' title='bbox 657 3616 710 3654; x_wconf 83' lang='lat' dir='ltr'><strong>auo</strong></span> <span class='ocrx_word' id='word_1_170' title='bbox 720 3598 843 3674; x_wconf 83' lang='lat' dir='ltr'><strong>quisque</strong></span> <span class='ocrx_word' id='word_1_171' title='bbox 853 3598 974 3655; x_wconf 85' lang='lat' dir='ltr'><strong>arbitrio</strong></span> <span class='ocrx_word' id='word_1_172' title='bbox 1023 3618 1061 3674; x_wconf 84' lang='lat' dir='ltr'><strong>go</strong></span> <span class='ocrx_word' id='word_1_173' title='bbox 1075 3597 1202 3654; x_wconf 84' lang='lat' dir='ltr'><strong>maximo</strong></span> <span class='ocrx_word' id='word_1_174' title='bbox 1216 3597 1373 3655; x_wconf 77' lang='lat' dir='ltr'>certamine</span> <span class='ocrx_word' id='word_1_175' title='bbox 1389 3595 1547 3673; x_wconf 83' lang='lat' dir='ltr'><strong>perfuncti,</strong></span> 
     </span>
     <span class='ocr_line' id='line_1_24' title="bbox 447 3673 1549 3754; baseline -0.004 -20"><span class='ocrx_word' id='word_1_176' title='bbox 447 3674 593 3734; x_wconf 80' lang='lat' dir='ltr'><strong>variiaaoc</strong></span> <span class='ocrx_word' id='word_1_177' title='bbox 667 3676 972 3754; x_wconf 85' lang='lat' dir='ltr'><strong>tionibuaimperabat:</strong></span> <span class='ocrx_word' id='word_1_178' title='bbox 1024 3696 1090 3734; x_wconf 88' lang='lat' dir='ltr'><strong>cum</strong></span> <span class='ocrx_word' id='word_1_179' title='bbox 1113 3674 1230 3732; x_wconf 82' lang='lat' dir='ltr'><strong>vitalem</strong></span> <span class='ocrx_word' id='word_1_180' title='bbox 1251 3675 1387 3751; x_wconf 79' lang='lat' dir='ltr'><strong>spiritum</strong></span> <span class='ocrx_word' id='word_1_181' title='bbox 1409 3673 1461 3731; x_wconf 91' lang='lat' dir='ltr'><strong>diu</strong></span> <span class='ocrx_word' id='word_1_182' title='bbox 1481 3694 1549 3752; x_wconf 87' lang='lat' dir='ltr'><strong>pro-</strong></span> 
     </span>
     <span class='ocr_line' id='line_1_25' title="bbox 448 3752 1547 3893; baseline -0.003 -80"><span class='ocrx_word' id='word_1_183' title='bbox 448 3754 541 3893; x_wconf 54' lang='lat' dir='ltr'><strong>mi</strong></span> <span class='ocrx_word' id='word_1_184' title='bbox 563 3762 710 3848; x_wconf 72' lang='lat' dir='ltr'><strong>postremo</strong></span> <span class='ocrx_word' id='word_1_185' title='bbox 731 3755 853 3848; x_wconf 70' lang='lat' dir='ltr'><strong>ferream</strong></span> <span class='ocrx_word' id='word_1_186' title='bbox 874 3754 974 3813; x_wconf 84' lang='lat' dir='ltr'><strong>cathe-</strong></span> <span class='ocrx_word' id='word_1_187' title='bbox 1024 3754 1190 3847; x_wconf 78' lang='lat' dir='ltr'><strong>traxissent,</strong></span> <span class='ocrx_word' id='word_1_188' title='bbox 1200 3753 1316 3811; x_wconf 88' lang='lat' dir='ltr'><strong>tandem</strong></span> <span class='ocrx_word' id='word_1_189' title='bbox 1325 3752 1454 3845; x_wconf 79' lang='lat' dir='ltr'><strong>jugulati</strong></span> <span class='ocrx_word' id='word_1_190' title='bbox 1465 3763 1547 3812; x_wconf 81' lang='lat' dir='ltr'><strong>cunt:</strong></span> 
     </span>
    </p>

    <p class='ocr_par' dir='ltr' id='par_1_3' title="bbox 448 3831 1594 4286">
     <span class='ocr_line' id='line_1_26' title="bbox 532 3831 1594 3912; baseline -0.007 -20"><span class='ocrx_word' id='word_1_191' title='bbox 532 3875 541 3900; x_wconf 91' lang='lat'>,</span> <span class='ocrx_word' id='word_1_192' title='bbox 556 3852 604 3892; x_wconf 87' lang='lat' dir='ltr'><strong>cm</strong></span> <span class='ocrx_word' id='word_1_193' title='bbox 617 3843 798 3911; x_wconf 84' lang='lat' dir='ltr'><strong>auperpoarta</strong></span> <span class='ocrx_word' id='word_1_194' title='bbox 814 3843 973 3912; x_wconf 83' lang='lat' dir='ltr'><strong>martyrum</strong></span> <span class='ocrx_word' id='word_1_195' title='bbox 1025 3853 1060 3892; x_wconf 93' lang='lat' dir='ltr'><strong>eo</strong></span> <span class='ocrx_word' id='word_1_196' title='bbox 1074 3832 1121 3892; x_wconf 83' lang='lat' dir='ltr'><strong>dre</strong></span> <span class='ocrx_word' id='word_1_197' title='bbox 1135 3831 1332 3909; x_wconf 79' lang='lat' dir='ltr'><strong>spectaculum</strong></span> <span class='ocrx_word' id='word_1_198' title='bbox 1343 3832 1412 3888; x_wconf 77' lang='lat' dir='ltr'><strong>facti</strong></span> <span class='ocrx_word' id='word_1_199' title='bbox 1427 3832 1547 3901; x_wconf 87' lang='lat' dir='ltr'><strong>mundo,</strong></span> <span class='ocrx_word' id='word_1_200' title='bbox 1560 3846 1594 3903; x_wconf 82' lang='lat'><strong>25</strong></span> 
     </span>
     <span class='ocr_line' id='line_1_27' title="bbox 448 3909 1549 3988; baseline -0.003 -17"><span class='ocrx_word' id='word_1_201' title='bbox 448 3913 579 3972; x_wconf 89' lang='lat' dir='ltr'><strong>membra</strong></span> <span class='ocrx_word' id='word_1_202' title='bbox 602 3930 669 3971; x_wconf 89' lang='lat' dir='ltr'><strong>cum</strong></span> <span class='ocrx_word' id='word_1_203' title='bbox 692 3923 883 3980; x_wconf 84' lang='lat' dir='ltr'><strong>torrerentur,</strong></span> <span class='ocrx_word' id='word_1_204' title='bbox 908 3911 974 3969; x_wconf 88' lang='lat' dir='ltr'><strong>illo·</strong></span> <span class='ocrx_word' id='word_1_205' title='bbox 1024 3912 1089 3971; x_wconf 90' lang='lat' dir='ltr'><strong>loco</strong></span> <span class='ocrx_word' id='word_1_206' title='bbox 1110 3909 1280 3988; x_wconf 87' lang='lat' dir='ltr'><strong>multiplicia</strong></span> <span class='ocrx_word' id='word_1_207' title='bbox 1301 3910 1382 3968; x_wconf 87' lang='lat' dir='ltr'><strong>illiua</strong></span> <span class='ocrx_word' id='word_1_208' title='bbox 1400 3912 1549 3970; x_wconf 80' lang='lat' dir='ltr'><strong>varietatis</strong></span> 
     </span>
     <span class='ocr_line' id='line_1_28' title="bbox 448 3989 1549 4069; baseline -0.002 -19"><span class='ocrx_word' id='word_1_209' title='bbox 448 4010 515 4050; x_wconf 87' lang='lat' dir='ltr'><strong>rum</strong></span> <span class='ocrx_word' id='word_1_210' title='bbox 539 4011 624 4051; x_wconf 87' lang='lat' dir='ltr'><strong>naraa</strong></span> <span class='ocrx_word' id='word_1_211' title='bbox 645 3992 867 4051; x_wconf 74' lang='lat' dir='ltr'><strong>molestissimus</strong></span> <span class='ocrx_word' id='word_1_212' title='bbox 890 3990 976 4049; x_wconf 89' lang='lat' dir='ltr'><strong>nidor</strong></span> <span class='ocrx_word' id='word_1_213' title='bbox 1024 4012 1089 4069; x_wconf 73' lang='lat' dir='ltr'><strong>qua</strong></span> <span class='ocrx_word' id='word_1_214' title='bbox 1110 3991 1140 4049; x_wconf 91' lang='lat' dir='ltr'><strong>in</strong></span> <span class='ocrx_word' id='word_1_215' title='bbox 1161 3989 1355 4068; x_wconf 72' lang='lat' dir='ltr'><strong>gladiatorum</strong></span> <span class='ocrx_word' id='word_1_216' title='bbox 1376 3989 1549 4069; x_wconf 72' lang='lat' dir='ltr'><strong>spectaculis</strong></span> 
     </span>
     <span class='ocr_line' id='line_1_29' title="bbox 448 4069 1548 4165; baseline 0 -38"><span class='ocrx_word' id='word_1_217' title='bbox 448 4069 600 4165; x_wconf 75' lang='lat' dir='ltr'><strong>implebat.</strong></span> <span class='ocrx_word' id='word_1_218' title='bbox 656 4070 767 4130; x_wconf 88' lang='lat' dir='ltr'><strong>Verum</strong></span> <span class='ocrx_word' id='word_1_219' title='bbox 794 4071 838 4130; x_wconf 91' lang='lat' dir='ltr'><strong>illi</strong></span> <span class='ocrx_word' id='word_1_220' title='bbox 865 4093 903 4132; x_wconf 90' lang='lat' dir='ltr'><strong>ne</strong></span> <span class='ocrx_word' id='word_1_221' title='bbox 933 4071 975 4129; x_wconf 88' lang='lat' dir='ltr'><strong>aic</strong></span> <span class='ocrx_word' id='word_1_222' title='bbox 1025 4072 1162 4131; x_wconf 86' lang='lat' dir='ltr'><strong>cernitur.</strong></span> <span class='ocrx_word' id='word_1_223' title='bbox 1204 4069 1350 4163; x_wconf 77' lang='lat' dir='ltr'><strong>Blandina</strong></span> <span class='ocrx_word' id='word_1_224' title='bbox 1363 4089 1433 4128; x_wconf 85' lang='lat' dir='ltr'><strong>vero</strong></span> <span class='ocrx_word' id='word_1_225' title='bbox 1447 4069 1484 4127; x_wconf 84' lang='lat' dir='ltr'><strong>ad</strong></span> <span class='ocrx_word' id='word_1_226' title='bbox 1497 4089 1548 4148; x_wconf 90' lang='lat' dir='ltr'><strong>pa-</strong></span> 
     </span>
     <span class='ocr_line' id='line_1_30' title="bbox 449 4149 1548 4286; baseline -0.004 -77"><span class='ocrx_word' id='word_1_227' title='bbox 449 4149 567 4286; x_wconf 51' lang='lat' dir='ltr'><strong>guridem</strong></span> <span class='ocrx_word' id='word_1_228' title='bbox 582 4150 668 4209; x_wconf 89' lang='lat' dir='ltr'><strong>finem</strong></span> <span class='ocrx_word' id='word_1_229' title='bbox 683 4150 819 4210; x_wconf 71' lang='lat' dir='ltr'><strong>serviendi</strong></span> <span class='ocrx_word' id='word_1_230' title='bbox 831 4152 974 4245; x_wconf 68' lang='lat' dir='ltr'><strong>fecerunt.</strong></span> <span class='ocrx_word' id='word_1_231' title='bbox 1025 4152 1085 4209; x_wconf 92' lang='lat' dir='ltr'><strong>lum</strong></span> <span class='ocrx_word' id='word_1_232' title='bbox 1100 4171 1248 4244; x_wconf 76' lang='lat' dir='ltr'><strong>suspensa,</strong></span> <span class='ocrx_word' id='word_1_233' title='bbox 1257 4151 1358 4243; x_wconf 78' lang='lat' dir='ltr'><strong>beatus</strong></span> <span class='ocrx_word' id='word_1_234' title='bbox 1371 4149 1485 4243; x_wconf 70' lang='lat' dir='ltr'><strong>objecta</strong></span> <span class='ocrx_word' id='word_1_235' title='bbox 1494 4158 1548 4207; x_wconf 87' lang='lat' dir='ltr'><strong>eat.</strong></span> 
     </span>
    </p>

    <p class='ocr_par' dir='ltr' id='par_1_4' title="bbox 448 4230 1596 4467">
     <span class='ocr_line' id='line_1_31' title="bbox 531 4230 1596 4307; baseline -0.004 -20"><span class='ocrx_word' id='word_1_236' title='bbox 531 4239 642 4296; x_wconf 85' lang='lat' dir='ltr'><strong>contra,</strong></span> <span class='ocrx_word' id='word_1_237' title='bbox 656 4249 692 4288; x_wconf 94' lang='lat' dir='ltr'><strong>eo</strong></span> <span class='ocrx_word' id='word_1_238' title='bbox 709 4230 906 4290; x_wconf 76' lang='lat' dir='ltr'><strong>vehementius</strong></span> <span class='ocrx_word' id='word_1_239' title='bbox 927 4250 974 4289; x_wconf 90' lang='lat' dir='ltr'><strong>ac·</strong></span> <span class='ocrx_word' id='word_1_240' title='bbox 1024 4232 1099 4302; x_wconf 74' lang='lat' dir='ltr'><strong>Quae</strong></span> <span class='ocrx_word' id='word_1_241' title='bbox 1114 4250 1179 4290; x_wconf 91' lang='lat' dir='ltr'><strong>cum</strong></span> <span class='ocrx_word' id='word_1_242' title='bbox 1194 4251 1224 4287; x_wconf 88' lang='lat' dir='ltr'><strong>m</strong></span> <span class='ocrx_word' id='word_1_243' title='bbox 1238 4249 1332 4289; x_wconf 77' lang='lat' dir='ltr'><strong>crucia</strong></span> <span class='ocrx_word' id='word_1_244' title='bbox 1345 4248 1470 4307; x_wconf 75' lang='lat' dir='ltr'><strong>speciem</strong></span> <span class='ocrx_word' id='word_1_245' title='bbox 1485 4248 1548 4286; x_wconf 82' lang='lat' dir='ltr'><strong>aua·</strong></span> <span class='ocrx_word' id='word_1_246' title='bbox 1557 4244 1596 4300; x_wconf 88' lang='lat'><strong>30</strong></span> 
     </span>
     <span class='ocr_line' id='line_1_32' title="bbox 449 4305 1548 4388; baseline -0.001 -24"><span class='ocrx_word' id='word_1_247' title='bbox 449 4305 627 4366; x_wconf 74' lang='lat' dir='ltr'><strong>condebatur</strong></span> <span class='ocrx_word' id='word_1_248' title='bbox 657 4328 758 4367; x_wconf 88' lang='lat' dir='ltr'><strong>eorum</strong></span> <span class='ocrx_word' id='word_1_249' title='bbox 785 4310 878 4381; x_wconf 85' lang='lat' dir='ltr'><strong>furor,</strong></span> <span class='ocrx_word' id='word_1_250' title='bbox 906 4329 973 4369; x_wconf 88' lang='lat' dir='ltr'><strong>cum</strong></span> <span class='ocrx_word' id='word_1_251' title='bbox 1023 4329 1114 4388; x_wconf 80' lang='lat' dir='ltr'><strong>pensa</strong></span> <span class='ocrx_word' id='word_1_252' title='bbox 1134 4320 1309 4375; x_wconf 82' lang='lat' dir='ltr'><strong>comeretur,</strong></span> <span class='ocrx_word' id='word_1_253' title='bbox 1332 4307 1455 4384; x_wconf 91' lang='lat' dir='ltr'><strong>Deoque</strong></span> <span class='ocrx_word' id='word_1_254' title='bbox 1479 4326 1548 4364; x_wconf 87' lang='lat' dir='ltr'><strong>oon.</strong></span> 
     </span>
     <span class='ocr_line' id='line_1_33' title="bbox 448 4385 1547 4467; baseline -0.002 -24"><span class='ocrx_word' id='word_1_255' title='bbox 448 4404 617 4463; x_wconf 80' lang='lat' dir='ltr'><strong>expugnare</strong></span> <span class='ocrx_word' id='word_1_256' title='bbox 646 4399 807 4467; x_wconf 83' lang='lat' dir='ltr'><strong>martyrum</strong></span> <span class='ocrx_word' id='word_1_257' title='bbox 839 4400 974 4448; x_wconf 78' lang='lat' dir='ltr'><strong>constan·</strong></span> <span class='ocrx_word' id='word_1_258' title='bbox 1023 4389 1186 4447; x_wconf 73' lang='lat' dir='ltr'><strong>tentissime</strong></span> <span class='ocrx_word' id='word_1_259' title='bbox 1195 4388 1382 4466; x_wconf 79' lang='lat' dir='ltr'><strong>supplicaret,</strong></span> <span class='ocrx_word' id='word_1_260' title='bbox 1393 4385 1547 4443; x_wconf 85' lang='lat' dir='ltr'><strong>maximam</strong></span> 
     </span>
    </p>
   </div>
   <div class='ocr_carea' id='block_1_3' title="bbox 448 4464 1548 4626">
    <p class='ocr_par' dir='ltr' id='par_1_5' title="bbox 448 4464 1548 4626">
     <span class='ocr_line' id='line_1_34' title="bbox 448 4464 1547 4532; baseline 0.001 -13"><span class='ocrx_word' id='word_1_261' title='bbox 448 4464 520 4520; x_wconf 89' lang='lat' dir='ltr'><strong>tiam</strong></span> <span class='ocrx_word' id='word_1_262' title='bbox 534 4465 752 4525; x_wconf 84' lang='lat' dir='ltr'><strong>contenderent.</strong></span> <span class='ocrx_word' id='word_1_263' title='bbox 791 4467 913 4526; x_wconf 90' lang='lat' dir='ltr'><strong>Nullam</strong></span> <span class='ocrx_word' id='word_1_264' title='bbox 928 4478 972 4526; x_wconf 88' lang='lat' dir='ltr'><strong>ta·</strong></span> <span class='ocrx_word' id='word_1_265' title='bbox 1024 4466 1201 4527; x_wconf 86' lang='lat' dir='ltr'><strong>alacritatem</strong></span> <span class='ocrx_word' id='word_1_266' title='bbox 1215 4466 1339 4525; x_wconf 89' lang='lat' dir='ltr'><strong>addebat</strong></span> <span class='ocrx_word' id='word_1_267' title='bbox 1353 4464 1547 4532; x_wconf 85' lang='lat' dir='ltr'><strong>certantibua;</strong></span> 
     </span>
     <span class='ocr_line' id='line_1_35' title="bbox 448 4542 1548 4626; baseline 0.004 -29"><span class='ocrx_word' id='word_1_268' title='bbox 448 4559 517 4599; x_wconf 85' lang='lat' dir='ltr'><strong>men</strong></span> <span class='ocrx_word' id='word_1_269' title='bbox 535 4543 572 4600; x_wconf 86' lang='lat' dir='ltr'><strong>ab</strong></span> <span class='ocrx_word' id='word_1_270' title='bbox 591 4544 655 4622; x_wconf 86' lang='lat' dir='ltr'><strong>ipao</strong></span> <span class='ocrx_word' id='word_1_271' title='bbox 676 4545 785 4605; x_wconf 88' lang='lat' dir='ltr'><strong>Sancto</strong></span> <span class='ocrx_word' id='word_1_272' title='bbox 799 4566 899 4605; x_wconf 84' lang='lat' dir='ltr'><strong>vocem</strong></span> <span class='ocrx_word' id='word_1_273' title='bbox 920 4546 973 4605; x_wconf 92' lang='lat' dir='ltr'><strong>eli·</strong></span> <span class='ocrx_word' id='word_1_274' title='bbox 1024 4547 1133 4626; x_wconf 89' lang='lat' dir='ltr'><strong>quippe</strong></span> <span class='ocrx_word' id='word_1_275' title='bbox 1145 4546 1310 4623; x_wconf 84' lang='lat' dir='ltr'><strong>quiinipao</strong></span> <span class='ocrx_word' id='word_1_276' title='bbox 1321 4542 1548 4611; x_wconf 87' lang='lat' dir='ltr'><strong>certamine,aub</strong></span> 
     </span>
    </p>
   </div>
   <div class='ocr_carea' id='block_1_4' title="bbox 898 4731 1097 4794">
    <p class='ocr_par' dir='ltr' id='par_1_6' title="bbox 898 4731 1097 4794">
     <span class='ocr_line' id='line_1_36' title="bbox 898 4731 1097 4794; baseline 0 -15"><span class='ocrx_word' id='word_1_277' title='bbox 898 4743 914 4772; x_wconf 85' lang='lat'><strong>¹¹</strong></span> <span class='ocrx_word' id='word_1_278' title='bbox 934 4745 945 4779; x_wconf 85' lang='lat'>1</span> <span class='ocrx_word' id='word_1_279' title='bbox 960 4731 1016 4780; x_wconf 79' lang='lat' dir='ltr'><strong>Gor.</strong></span> <span class='ocrx_word' id='word_1_280' title='bbox 1027 4731 1060 4780; x_wconf 80' lang='grc' dir='ltr'><strong>ἰν.</strong></span> <span class='ocrx_word' id='word_1_281' title='bbox 1074 4746 1097 4794; x_wconf 83' lang='lat'><strong>9.</strong></span> 
     </span>
    </p>
   </div>
   <div class='ocr_carea' id='block_1_5' title="bbox 0 0 1910 5650">
    <p class='ocr_par' dir='ltr' id='par_1_7' title="bbox 0 0 1910 5650">
     <span class='ocr_line' id='line_1_37' title="bbox 0 0 1910 5650; baseline 0 0"><span class='ocrx_word' id='word_1_282' title='bbox 0 0 1910 5650; x_wconf 95' lang='lat' dir='ltr'><strong> </strong></span> 
     </span>
    </p>
   </div>
  </div>
 </body>
</html>
