<?xml version="1.0" encoding="UTF-8"?>
<!DOCTYPE html PUBLIC "-//W3C//DTD XHTML 1.0 Transitional//EN"
    "http://www.w3.org/TR/xhtml1/DTD/xhtml1-transitional.dtd">
<html xmlns="http://www.w3.org/1999/xhtml" xml:lang="en" lang="en">
 <head>
  <title>
</title>
<meta http-equiv="Content-Type" content="text/html;charset=utf-8" />
  <meta name='ocr-system' content='tesseract 3.04.00' />
  <meta name='ocr-capabilities' content='ocr_page ocr_carea ocr_par ocr_line ocrx_word'/>
</head>
<body>
  <div class='ocr_page' id='page_1' title='image "./reliquiaesacrae07routgoog_0567.png"; bbox 0 0 3809 5650; ppageno 0'>
   <div class='ocr_carea' id='block_1_1' title="bbox 565 692 1290 762">
    <p class='ocr_par' dir='ltr' id='par_1_1' title="bbox 565 692 1290 762">
     <span class='ocr_line' id='line_1_1' title="bbox 565 692 1290 762; baseline 0.001 -4"><span class='ocrx_word' id='word_1_1' title='bbox 565 699 630 762; x_wconf 72' lang='lat'><strong>474</strong></span> <span class='ocrx_word' id='word_1_2' title='bbox 935 692 1290 760; x_wconf 84' lang='lat' dir='ltr'><strong>ANNOTATIONES</strong></span> 
     </span>
    </p>
   </div>
   <div class='ocr_carea' id='block_1_2' title="bbox 560 857 1688 4768">
    <p class='ocr_par' dir='ltr' id='par_1_2' title="bbox 560 857 1688 4768">
     <span class='ocr_line' id='line_1_2' title="bbox 566 857 1686 944; baseline -0.002 -22"><span class='ocrx_word' id='word_1_3' title='bbox 566 865 661 922; x_wconf 89' lang='lat' dir='ltr'><strong>tanus</strong></span> <span class='ocrx_word' id='word_1_4' title='bbox 675 857 868 922; x_wconf 79' lang='lat' dir='ltr'><strong>instituerat.</strong></span> <span class='ocrx_word' id='word_1_5' title='bbox 915 860 966 922; x_wconf 89' lang='lat' dir='ltr'><strong>Ao</strong></span> <span class='ocrx_word' id='word_1_6' title='bbox 986 860 1026 923; x_wconf 90' lang='lat' dir='ltr'><strong>de</strong></span> <span class='ocrx_word' id='word_1_7' title='bbox 1042 859 1259 944; x_wconf 71' lang='lat' dir='ltr'><strong>xerophagiis</strong></span> <span class='ocrx_word' id='word_1_8' title='bbox 1278 859 1406 943; x_wconf 90' lang='lat' dir='ltr'><strong>quidem</strong></span> <span class='ocrx_word' id='word_1_9' title='bbox 1426 865 1573 922; x_wconf 88' lang='lat' dir='ltr'><strong>testatur</strong></span> <span class='ocrx_word' id='word_1_10' title='bbox 1596 860 1686 921; x_wconf 89' lang='lat' dir='ltr'><strong>Tor·</strong></span> 
     </span>
     <span class='ocr_line' id='line_1_3' title="bbox 567 957 1688 1042; baseline -0.001 -20"><span class='ocrx_word' id='word_1_11' title='bbox 567 958 717 1022; x_wconf 90' lang='lat' dir='ltr'><strong>tullianus</strong></span> <span class='ocrx_word' id='word_1_12' title='bbox 732 958 764 1020; x_wconf 91' lang='lat' dir='ltr'><strong>in</strong></span> <span class='ocrx_word' id='word_1_13' title='bbox 779 957 860 1019; x_wconf 90' lang='lat' dir='ltr'><strong>libro</strong></span> <span class='ocrx_word' id='word_1_14' title='bbox 880 958 920 1020; x_wconf 91' lang='lat' dir='ltr'><strong>de</strong></span> <span class='ocrx_word' id='word_1_15' title='bbox 941 957 1089 1042; x_wconf 87' lang='lat' dir='ltr'><strong>Jejuniis.</strong></span> <span class='ocrx_word' id='word_1_16' title='bbox 1136 960 1188 1022; x_wconf 92' lang='lat' dir='ltr'><strong>De</strong></span> <span class='ocrx_word' id='word_1_17' title='bbox 1208 958 1312 1023; x_wconf 91' lang='lat' dir='ltr'><strong>tribus</strong></span> <span class='ocrx_word' id='word_1_18' title='bbox 1327 980 1401 1022; x_wconf 89' lang='lat' dir='ltr'><strong>vero</strong></span> <span class='ocrx_word' id='word_1_19' title='bbox 1422 958 1688 1042; x_wconf 75' lang='lat' dir='ltr'>quadragesimis</span> 
     </span>
     <span class='ocr_line' id='line_1_4' title="bbox 566 1057 1687 1144; baseline -0.001 -23"><span class='ocrx_word' id='word_1_20' title='bbox 566 1057 659 1121; x_wconf 85' lang='lat' dir='ltr'><strong>testis</strong></span> <span class='ocrx_word' id='word_1_21' title='bbox 675 1064 725 1121; x_wconf 88' lang='lat' dir='ltr'><strong>est</strong></span> <span class='ocrx_word' id='word_1_22' title='bbox 741 1057 967 1140; x_wconf 80' lang='lat' dir='ltr'><strong>Hieronymus,</strong></span> <span class='ocrx_word' id='word_1_23' title='bbox 983 1066 1052 1122; x_wconf 93' lang='lat' dir='ltr'><strong>tum</strong></span> <span class='ocrx_word' id='word_1_24' title='bbox 1067 1059 1100 1122; x_wconf 95' lang='lat' dir='ltr'><strong>in</strong></span> <span class='ocrx_word' id='word_1_25' title='bbox 1116 1059 1263 1144; x_wconf 74' lang='lat' dir='ltr'><strong>Epistola</strong></span> <span class='ocrx_word' id='word_1_26' title='bbox 1276 1061 1320 1123; x_wconf 88' lang='lat' dir='ltr'><strong>ad</strong></span> <span class='ocrx_word' id='word_1_27' title='bbox 1335 1058 1536 1134; x_wconf 86' lang='lat' dir='ltr'><strong>Marcellam,</strong></span> <span class='ocrx_word' id='word_1_28' title='bbox 1552 1065 1629 1121; x_wconf 89' lang='lat' dir='ltr'><strong>tum</strong></span> <span class='ocrx_word' id='word_1_29' title='bbox 1648 1058 1687 1120; x_wconf 91' lang='lat' dir='ltr'><strong>in</strong></span> 
     </span>
     <span class='ocr_line' id='line_1_5' title="bbox 566 1157 1687 1243; baseline 0.002 -23"><span class='ocrx_word' id='word_1_30' title='bbox 566 1157 808 1220; x_wconf 74' lang='lat' dir='ltr'><strong>Commentariis</strong></span> <span class='ocrx_word' id='word_1_31' title='bbox 825 1158 868 1221; x_wconf 93' lang='lat' dir='ltr'><strong>ad</strong></span> <span class='ocrx_word' id='word_1_32' title='bbox 887 1166 992 1243; x_wconf 89' lang='lat' dir='ltr'><strong>caput.</strong></span> <span class='ocrx_word' id='word_1_33' title='bbox 1014 1181 1041 1221; x_wconf 91' lang='lat'><strong>1.</strong></span> <span class='ocrx_word' id='word_1_34' title='bbox 1057 1161 1171 1243; x_wconf 79' lang='lat' dir='ltr'><strong>Aggaei</strong></span> <span class='ocrx_word' id='word_1_35' title='bbox 1187 1160 1235 1223; x_wconf 76' lang='lat' dir='ltr'><strong>ita</strong></span> <span class='ocrx_word' id='word_1_36' title='bbox 1249 1160 1407 1222; x_wconf 87' lang='lat' dir='ltr'><strong>scribens:</strong></span> <span class='ocrx_word' id='word_1_37' title='bbox 1430 1159 1476 1220; x_wconf 86' lang='lat' dir='ltr'><strong>Et</strong></span> <span class='ocrx_word' id='word_1_38' title='bbox 1498 1179 1619 1220; x_wconf 71' lang='lat' dir='ltr'><strong>onlnem</strong></span> <span class='ocrx_word' id='word_1_39' title='bbox 1635 1159 1687 1222; x_wconf 78' lang='lat' dir='ltr'><strong>lo·</strong></span> 
     </span>
     <span class='ocr_line' id='line_1_6' title="bbox 567 1258 1686 1343; baseline 0.001 -22"><span class='ocrx_word' id='word_1_40' title='bbox 567 1258 663 1321; x_wconf 82' lang='lat' dir='ltr'><strong>berem</strong></span> <span class='ocrx_word' id='word_1_41' title='bbox 678 1280 831 1334; x_wconf 70' lang='lat' dir='ltr'><strong>erroneam,</strong></span> <span class='ocrx_word' id='word_1_42' title='bbox 847 1261 1166 1343; x_wconf 71' lang='lat' dir='ltr'><strong>accipiomasjeieaic</strong></span> <span class='ocrx_word' id='word_1_43' title='bbox 1178 1282 1280 1324; x_wconf 81' lang='lat' dir='ltr'><strong>cerum</strong></span> <span class='ocrx_word' id='word_1_44' title='bbox 1294 1270 1322 1324; x_wconf 85' lang='lat' dir='ltr'><strong>et</strong></span> <span class='ocrx_word' id='word_1_45' title='bbox 1332 1259 1547 1323; x_wconf 76' lang='lat' dir='ltr'><strong>observationes</strong></span> <span class='ocrx_word' id='word_1_46' title='bbox 1558 1259 1686 1336; x_wconf 80' lang='lat' dir='ltr'><strong>carias,</strong></span> 
     </span>
     <span class='ocr_line' id='line_1_7' title="bbox 566 1357 1688 1442; baseline 0.002 -22"><span class='ocrx_word' id='word_1_47' title='bbox 566 1368 594 1420; x_wconf 87' lang='lat' dir='ltr'><strong>et</strong></span> <span class='ocrx_word' id='word_1_48' title='bbox 608 1360 780 1438; x_wconf 77' lang='grc' dir='ltr'>χαμευνίας,</span> <span class='ocrx_word' id='word_1_49' title='bbox 796 1358 884 1420; x_wconf 81' lang='lat' dir='ltr'><strong>idest</strong></span> <span class='ocrx_word' id='word_1_50' title='bbox 903 1359 989 1421; x_wconf 77' lang='lat' dir='ltr'><strong>tanei</strong></span> <span class='ocrx_word' id='word_1_51' title='bbox 1007 1361 1219 1424; x_wconf 72' lang='lat' dir='ltr'><strong>dorrrritioaes:</strong></span> <span class='ocrx_word' id='word_1_52' title='bbox 1242 1361 1296 1442; x_wconf 80' lang='lat' dir='ltr'><strong>qai</strong></span> <span class='ocrx_word' id='word_1_53' title='bbox 1316 1357 1414 1421; x_wconf 80' lang='lat' dir='ltr'><strong>tribas</strong></span> <span class='ocrx_word' id='word_1_54' title='bbox 1433 1357 1688 1440; x_wconf 64' lang='lat' dir='ltr'><strong>qreedroyesinsss</strong></span> 
     </span>
     <span class='ocr_line' id='line_1_8' title="bbox 560 1458 1685 1543; baseline 0.002 -23"><span class='ocrx_word' id='word_1_55' title='bbox 560 1481 622 1543; x_wconf 84' lang='lat' dir='ltr'><strong>per</strong></span> <span class='ocrx_word' id='word_1_56' title='bbox 635 1458 940 1540; x_wconf 71' lang='lat' dir='ltr'><strong>anaarajty&#39;ummee,</strong></span> <span class='ocrx_word' id='word_1_57' title='bbox 956 1471 984 1523; x_wconf 87' lang='lat' dir='ltr'><strong>et</strong></span> <span class='ocrx_word' id='word_1_58' title='bbox 1001 1460 1198 1542; x_wconf 80' lang='grc' dir='ltr'>ξηροφαγίαις</span> <span class='ocrx_word' id='word_1_59' title='bbox 1212 1460 1407 1523; x_wconf 72' lang='lat' dir='ltr'><strong>larnilimrtes</strong></span> <span class='ocrx_word' id='word_1_60' title='bbox 1423 1460 1561 1520; x_wconf 76' lang='lat' dir='ltr'><strong>anienem</strong></span> <span class='ocrx_word' id='word_1_61' title='bbox 1577 1481 1685 1536; x_wconf 72' lang='lat' dir='ltr'><strong>suerri,</strong></span> 
     </span>
     <span class='ocr_line' id='line_1_9' title="bbox 567 1557 1687 1642; baseline 0.001 -21"><span class='ocrx_word' id='word_1_62' title='bbox 567 1569 595 1621; x_wconf 90' lang='lat' dir='ltr'><strong>et</strong></span> <span class='ocrx_word' id='word_1_63' title='bbox 610 1559 658 1620; x_wconf 85' lang='lat' dir='ltr'><strong>cet</strong></span> <span class='ocrx_word' id='word_1_64' title='bbox 675 1559 805 1620; x_wconf 74' lang='lat' dir='ltr'><strong>mosime</strong></span> <span class='ocrx_word' id='word_1_65' title='bbox 823 1559 860 1621; x_wconf 86' lang='lat' dir='ltr'><strong>de</strong></span> <span class='ocrx_word' id='word_1_66' title='bbox 879 1561 1009 1622; x_wconf 82' lang='lat' dir='ltr'><strong>Totioni</strong></span> <span class='ocrx_word' id='word_1_67' title='bbox 1028 1560 1133 1623; x_wconf 81' lang='lat' dir='ltr'><strong>radice</strong></span> <span class='ocrx_word' id='word_1_68' title='bbox 1152 1570 1316 1635; x_wconf 72' lang='lat' dir='ltr'><strong>crescentes,</strong></span> <span class='ocrx_word' id='word_1_69' title='bbox 1331 1580 1422 1642; x_wconf 78' lang='lat' dir='ltr'><strong>seper</strong></span> <span class='ocrx_word' id='word_1_70' title='bbox 1440 1557 1615 1640; x_wconf 75' lang='lat' dir='ltr'><strong>hajrssrrsodi</strong></span> <span class='ocrx_word' id='word_1_71' title='bbox 1635 1559 1687 1622; x_wconf 77' lang='lat' dir='ltr'><strong>lo-</strong></span> 
     </span>
     <span class='ocr_line' id='line_1_10' title="bbox 568 1658 1686 1744; baseline 0.003 -24"><span class='ocrx_word' id='word_1_72' title='bbox 568 1658 684 1720; x_wconf 79' lang='lat' dir='ltr'><strong>doribes</strong></span> <span class='ocrx_word' id='word_1_73' title='bbox 698 1659 850 1721; x_wconf 82' lang='lat' dir='ltr'><strong>audiunt:</strong></span> <span class='ocrx_word' id='word_1_74' title='bbox 878 1661 978 1722; x_wconf 83' lang='lat' dir='ltr'><strong>Tanto</strong></span> <span class='ocrx_word' id='word_1_75' title='bbox 988 1661 1077 1743; x_wconf 82' lang='lat' dir='ltr'><strong>possi</strong></span> <span class='ocrx_word' id='word_1_76' title='bbox 1091 1660 1159 1722; x_wconf 76' lang='lat' dir='ltr'><strong>estis</strong></span> <span class='ocrx_word' id='word_1_77' title='bbox 1173 1660 1237 1722; x_wconf 78' lang='lat' dir='ltr'><strong>rice</strong></span> <span class='ocrx_word' id='word_1_78' title='bbox 1258 1681 1360 1723; x_wconf 74' lang='lat' dir='ltr'><strong>corae.</strong></span> <span class='ocrx_word' id='word_1_79' title='bbox 1409 1658 1501 1720; x_wconf 86' lang='lat' dir='ltr'><strong>Idem</strong></span> <span class='ocrx_word' id='word_1_80' title='bbox 1522 1658 1554 1720; x_wconf 91' lang='lat' dir='ltr'><strong>in</strong></span> <span class='ocrx_word' id='word_1_81' title='bbox 1578 1668 1686 1744; x_wconf 89' lang='lat' dir='ltr'><strong>caput</strong></span> 
     </span>
     <span class='ocr_line' id='line_1_11' title="bbox 568 1759 1687 1842; baseline 0.002 -22"><span class='ocrx_word' id='word_1_82' title='bbox 568 1760 611 1820; x_wconf 89' lang='lat' dir='ltr'><strong>ix.</strong></span> <span class='ocrx_word' id='word_1_83' title='bbox 630 1759 798 1821; x_wconf 74' lang='lat' dir='ltr'><strong>Matthrei:</strong></span> <span class='ocrx_word' id='word_1_84' title='bbox 823 1759 926 1842; x_wconf 75' lang='lat' dir='ltr'><strong>Hujus</strong></span> <span class='ocrx_word' id='word_1_85' title='bbox 947 1763 1098 1823; x_wconf 80' lang='lat' dir='ltr'><strong>occasione</strong></span> <span class='ocrx_word' id='word_1_86' title='bbox 1119 1761 1283 1822; x_wconf 77' lang='lat' dir='ltr'><strong>testimonii</strong></span> <span class='ocrx_word' id='word_1_87' title='bbox 1303 1761 1481 1834; x_wconf 80' lang='lat' dir='ltr'><strong>tlIontoaos,</strong></span> <span class='ocrx_word' id='word_1_88' title='bbox 1503 1759 1630 1835; x_wconf 78' lang='lat' dir='ltr'><strong>Prisco,</strong></span> <span class='ocrx_word' id='word_1_89' title='bbox 1654 1770 1687 1822; x_wconf 85' lang='lat' dir='ltr'><strong>et</strong></span> 
     </span>
     <span class='ocr_line' id='line_1_12' title="bbox 568 1859 1685 1943; baseline 0.003 -22"><span class='ocrx_word' id='word_1_90' title='bbox 568 1859 751 1921; x_wconf 72' lang='lat' dir='ltr'><strong>Metire-illo</strong></span> <span class='ocrx_word' id='word_1_91' title='bbox 766 1860 858 1923; x_wconf 85' lang='lat' dir='ltr'><strong>etiem</strong></span> <span class='ocrx_word' id='word_1_92' title='bbox 867 1882 927 1943; x_wconf 80' lang='lat' dir='ltr'><strong>per</strong></span> <span class='ocrx_word' id='word_1_93' title='bbox 939 1863 1132 1923; x_wconf 74' lang='lat' dir='ltr'><strong>Pentecosten</strong></span> <span class='ocrx_word' id='word_1_94' title='bbox 1138 1861 1268 1943; x_wconf 81' lang='lat' dir='ltr'><strong>sociaret</strong></span> <span class='ocrx_word' id='word_1_95' title='bbox 1278 1859 1553 1943; x_wconf 69' lang='lat' dir='ltr'><strong>qaodropesirnom.</strong></span> <span class='ocrx_word' id='word_1_96' title='bbox 1594 1859 1685 1924; x_wconf 89' lang='lat' dir='ltr'><strong>Sunt</strong></span> 
     </span>
     <span class='ocr_line' id='line_1_13' title="bbox 569 1959 1687 2044; baseline 0.002 -25"><span class='ocrx_word' id='word_1_97' title='bbox 569 1960 623 2041; x_wconf 89' lang='lat' dir='ltr'><strong>qui</strong></span> <span class='ocrx_word' id='word_1_98' title='bbox 638 1959 819 2022; x_wconf 76' lang='lat' dir='ltr'><strong>existiment</strong></span> <span class='ocrx_word' id='word_1_99' title='bbox 835 1959 914 2022; x_wconf 87' lang='lat' dir='ltr'><strong>duas</strong></span> <span class='ocrx_word' id='word_1_100' title='bbox 930 1961 1212 2044; x_wconf 86' lang='lat' dir='ltr'><strong>Xerophagiarum</strong></span> <span class='ocrx_word' id='word_1_101' title='bbox 1224 1959 1451 2033; x_wconf 89' lang='lat' dir='ltr'><strong>hebdomadas,</strong></span> <span class='ocrx_word' id='word_1_102' title='bbox 1463 1978 1599 2040; x_wconf 90' lang='lat' dir='ltr'><strong>quarum</strong></span> <span class='ocrx_word' id='word_1_103' title='bbox 1615 1979 1687 2021; x_wconf 85' lang='lat' dir='ltr'><strong>me-</strong></span> 
     </span>
     <span class='ocr_line' id='line_1_14' title="bbox 569 2058 1687 2143; baseline 0.002 -23"><span class='ocrx_word' id='word_1_104' title='bbox 569 2060 659 2121; x_wconf 83' lang='lat' dir='ltr'><strong>minit</strong></span> <span class='ocrx_word' id='word_1_105' title='bbox 691 2058 920 2136; x_wconf 81' lang='lat' dir='ltr'><strong>Tertullianus,</strong></span> <span class='ocrx_word' id='word_1_106' title='bbox 950 2060 1028 2123; x_wconf 85' lang='lat' dir='ltr'><strong>nihil</strong></span> <span class='ocrx_word' id='word_1_107' title='bbox 1058 2061 1145 2124; x_wconf 88' lang='lat' dir='ltr'><strong>aliud</strong></span> <span class='ocrx_word' id='word_1_108' title='bbox 1173 2061 1270 2123; x_wconf 83' lang='lat' dir='ltr'><strong>fuisse</strong></span> <span class='ocrx_word' id='word_1_109' title='bbox 1300 2080 1396 2143; x_wconf 90' lang='lat' dir='ltr'><strong>quam</strong></span> <span class='ocrx_word' id='word_1_110' title='bbox 1426 2059 1505 2120; x_wconf 87' lang='lat' dir='ltr'><strong>duas</strong></span> <span class='ocrx_word' id='word_1_111' title='bbox 1539 2059 1687 2139; x_wconf 88' lang='lat' dir='ltr'><strong>quadra-</strong></span> 
     </span>
     <span class='ocr_line' id='line_1_15' title="bbox 568 2156 1686 2244; baseline 0.003 -25"><span class='ocrx_word' id='word_1_112' title='bbox 568 2158 713 2240; x_wconf 88' lang='lat' dir='ltr'><strong>gesimas,</strong></span> <span class='ocrx_word' id='word_1_113' title='bbox 730 2180 810 2240; x_wconf 87' lang='lat' dir='ltr'><strong>quas</strong></span> <span class='ocrx_word' id='word_1_114' title='bbox 824 2165 943 2243; x_wconf 86' lang='lat' dir='ltr'><strong>praeter</strong></span> <span class='ocrx_word' id='word_1_115' title='bbox 957 2159 1042 2222; x_wconf 88' lang='lat' dir='ltr'><strong>illam</strong></span> <span class='ocrx_word' id='word_1_116' title='bbox 1058 2162 1193 2244; x_wconf 89' lang='lat' dir='ltr'><strong>primam</strong></span> <span class='ocrx_word' id='word_1_117' title='bbox 1208 2183 1246 2224; x_wconf 90' lang='lat' dir='ltr'><strong>ao</strong></span> <span class='ocrx_word' id='word_1_118' title='bbox 1262 2160 1424 2223; x_wconf 88' lang='lat' dir='ltr'><strong>solennem</strong></span> <span class='ocrx_word' id='word_1_119' title='bbox 1446 2156 1686 2222; x_wconf 87' lang='lat' dir='ltr'><strong>catholicorum</strong></span> 
     </span>
     <span class='ocr_line' id='line_1_16' title="bbox 570 2257 1685 2342; baseline 0.002 -22"><span class='ocrx_word' id='word_1_120' title='bbox 570 2258 845 2340; x_wconf 86' lang='lat' dir='ltr'><strong>quadragesimam</strong></span> <span class='ocrx_word' id='word_1_121' title='bbox 856 2260 1048 2342; x_wconf 88' lang='lat' dir='ltr'><strong>jejunabant</strong></span> <span class='ocrx_word' id='word_1_122' title='bbox 1066 2261 1285 2325; x_wconf 84' lang='lat' dir='ltr'><strong>Montanistae.</strong></span> <span class='ocrx_word' id='word_1_123' title='bbox 1324 2259 1386 2322; x_wconf 93' lang='lat' dir='ltr'><strong>Cui</strong></span> <span class='ocrx_word' id='word_1_124' title='bbox 1402 2257 1569 2322; x_wconf 70' lang='lat' dir='ltr'><strong>sententia·</strong></span> <span class='ocrx_word' id='word_1_125' title='bbox 1585 2258 1685 2323; x_wconf 80' lang='lat' dir='ltr'><strong>facile</strong></span> 
     </span>
     <span class='ocr_line' id='line_1_17' title="bbox 570 2357 1685 2444; baseline 0.002 -24"><span class='ocrx_word' id='word_1_126' title='bbox 570 2358 695 2420; x_wconf 83' lang='lat' dir='ltr'><strong>accedo.</strong></span> <span class='ocrx_word' id='word_1_127' title='bbox 742 2357 825 2420; x_wconf 92' lang='lat' dir='ltr'><strong>Nam</strong></span> <span class='ocrx_word' id='word_1_128' title='bbox 850 2359 1065 2424; x_wconf 86' lang='lat' dir='ltr'><strong>Tertullianus</strong></span> <span class='ocrx_word' id='word_1_129' title='bbox 1090 2384 1128 2424; x_wconf 90' lang='lat' dir='ltr'><strong>eo</strong></span> <span class='ocrx_word' id='word_1_130' title='bbox 1151 2362 1220 2425; x_wconf 88' lang='lat' dir='ltr'><strong>loco</strong></span> <span class='ocrx_word' id='word_1_131' title='bbox 1244 2360 1374 2444; x_wconf 90' lang='lat' dir='ltr'><strong>propria</strong></span> <span class='ocrx_word' id='word_1_132' title='bbox 1397 2360 1558 2421; x_wconf 88' lang='lat' dir='ltr'><strong>duntaxat</strong></span> <span class='ocrx_word' id='word_1_133' title='bbox 1584 2358 1685 2422; x_wconf 91' lang='lat' dir='ltr'><strong>Mon·</strong></span> 
     </span>
     <span class='ocr_line' id='line_1_18' title="bbox 570 2457 1685 2545; baseline 0.005 -26"><span class='ocrx_word' id='word_1_134' title='bbox 570 2457 763 2520; x_wconf 83' lang='lat' dir='ltr'><strong>tanistarum</strong></span> <span class='ocrx_word' id='word_1_135' title='bbox 783 2458 907 2542; x_wconf 88' lang='lat' dir='ltr'><strong>jejunia</strong></span> <span class='ocrx_word' id='word_1_136' title='bbox 936 2470 1092 2525; x_wconf 90' lang='lat' dir='ltr'><strong>recenset.</strong></span> <span class='ocrx_word' id='word_1_137' title='bbox 1137 2462 1190 2524; x_wconf 89' lang='lat' dir='ltr'><strong>Sic</strong></span> <span class='ocrx_word' id='word_1_138' title='bbox 1213 2462 1297 2525; x_wconf 90' lang='lat' dir='ltr'><strong>enim</strong></span> <span class='ocrx_word' id='word_1_139' title='bbox 1323 2460 1482 2545; x_wconf 87' lang='lat' dir='ltr'><strong>loquitur:</strong></span> <span class='ocrx_word' id='word_1_140' title='bbox 1520 2459 1685 2537; x_wconf 62' lang='lat' dir='ltr'><strong>quaerela</strong></span> 
     </span>
     <span class='ocr_line' id='line_1_19' title="bbox 570 2558 1686 2643; baseline 0.004 -22"><span class='ocrx_word' id='word_1_141' title='bbox 570 2559 651 2621; x_wconf 80' lang='lat' dir='ltr'><strong>enim</strong></span> <span class='ocrx_word' id='word_1_142' title='bbox 666 2567 707 2621; x_wconf 89' lang='lat' dir='ltr'><strong>est</strong></span> <span class='ocrx_word' id='word_1_143' title='bbox 726 2560 815 2643; x_wconf 79' lang='lat' dir='ltr'><strong>epod</strong></span> <span class='ocrx_word' id='word_1_144' title='bbox 830 2581 882 2623; x_wconf 83' lang='lat' dir='ltr'><strong>aes</strong></span> <span class='ocrx_word' id='word_1_145' title='bbox 901 2561 1076 2625; x_wconf 78' lang='lat' dir='ltr'><strong>interdictio</strong></span> <span class='ocrx_word' id='word_1_146' title='bbox 1096 2561 1257 2626; x_wconf 79' lang='lat' dir='ltr'><strong>ciborum?</strong></span> <span class='ocrx_word' id='word_1_147' title='bbox 1302 2561 1394 2623; x_wconf 81' lang='lat' dir='ltr'><strong>Deos</strong></span> <span class='ocrx_word' id='word_1_148' title='bbox 1416 2560 1450 2621; x_wconf 82' lang='lat' dir='ltr'><strong>ia</strong></span> <span class='ocrx_word' id='word_1_149' title='bbox 1473 2581 1553 2622; x_wconf 79' lang='lat' dir='ltr'><strong>aneo</strong></span> <span class='ocrx_word' id='word_1_150' title='bbox 1574 2558 1686 2625; x_wconf 73' lang='lat' dir='ltr'><strong>bebdo-</strong></span> 
     </span>
     <span class='ocr_line' id='line_1_20' title="bbox 572 2657 1685 2746; baseline 0.004 -25"><span class='ocrx_word' id='word_1_151' title='bbox 572 2660 679 2722; x_wconf 65' lang='lat' dir='ltr'><strong>retortos</strong></span> <span class='ocrx_word' id='word_1_152' title='bbox 704 2661 997 2745; x_wconf 64' lang='lat' dir='ltr'><strong>Xeroptopiorem</strong></span> <span class='ocrx_word' id='word_1_153' title='bbox 1025 2683 1078 2724; x_wconf 83' lang='lat' dir='ltr'><strong>aec</strong></span> <span class='ocrx_word' id='word_1_154' title='bbox 1102 2671 1187 2737; x_wconf 82' lang='lat' dir='ltr'><strong>totos,</strong></span> <span class='ocrx_word' id='word_1_155' title='bbox 1210 2660 1338 2746; x_wconf 79' lang='lat' dir='ltr'><strong>ecceptis</strong></span> <span class='ocrx_word' id='word_1_156' title='bbox 1360 2660 1473 2723; x_wconf 82' lang='lat' dir='ltr'><strong>scilicet</strong></span> <span class='ocrx_word' id='word_1_157' title='bbox 1496 2657 1631 2724; x_wconf 78' lang='lat' dir='ltr'><strong>sabbatis</strong></span> <span class='ocrx_word' id='word_1_158' title='bbox 1653 2673 1685 2726; x_wconf 81' lang='lat' dir='ltr'><strong>et</strong></span> 
     </span>
     <span class='ocr_line' id='line_1_21' title="bbox 573 2759 1684 2845; baseline 0.005 -24"><span class='ocrx_word' id='word_1_159' title='bbox 573 2762 746 2826; x_wconf 69' lang='lat' dir='ltr'><strong>Dotntntcts</strong></span> <span class='ocrx_word' id='word_1_160' title='bbox 769 2762 919 2843; x_wconf 67' lang='lat' dir='ltr'><strong>‹ficrimes</strong></span> <span class='ocrx_word' id='word_1_161' title='bbox 942 2763 1034 2825; x_wconf 82' lang='lat' dir='ltr'><strong>Deo?</strong></span> <span class='ocrx_word' id='word_1_162' title='bbox 1079 2761 1129 2826; x_wconf 93' lang='lat' dir='ltr'><strong>De</strong></span> <span class='ocrx_word' id='word_1_163' title='bbox 1153 2761 1294 2845; x_wconf 88' lang='lat' dir='ltr'><strong>paschali</strong></span> <span class='ocrx_word' id='word_1_164' title='bbox 1320 2768 1428 2825; x_wconf 88' lang='lat' dir='ltr'><strong>autem</strong></span> <span class='ocrx_word' id='word_1_165' title='bbox 1451 2759 1572 2845; x_wconf 90' lang='lat' dir='ltr'><strong>jejunio</strong></span> <span class='ocrx_word' id='word_1_166' title='bbox 1600 2760 1684 2826; x_wconf 91' lang='lat' dir='ltr'><strong>nihil</strong></span> 
     </span>
     <span class='ocr_line' id='line_1_22' title="bbox 573 2862 1683 2947; baseline 0.001 -23"><span class='ocrx_word' id='word_1_167' title='bbox 573 2863 665 2938; x_wconf 81' lang='lat' dir='ltr'><strong>dixit,</strong></span> <span class='ocrx_word' id='word_1_168' title='bbox 674 2884 712 2925; x_wconf 87' lang='lat' dir='ltr'><strong>oo</strong></span> <span class='ocrx_word' id='word_1_169' title='bbox 728 2864 813 2945; x_wconf 92' lang='lat' dir='ltr'><strong>quod</strong></span> <span class='ocrx_word' id='word_1_170' title='bbox 824 2863 884 2925; x_wconf 90' lang='lat' dir='ltr'><strong>hoc</strong></span> <span class='ocrx_word' id='word_1_171' title='bbox 891 2862 1047 2947; x_wconf 89' lang='lat' dir='ltr'><strong>jejunium</strong></span> <span class='ocrx_word' id='word_1_172' title='bbox 1060 2884 1123 2925; x_wconf 92' lang='lat' dir='ltr'><strong>non</strong></span> <span class='ocrx_word' id='word_1_173' title='bbox 1135 2863 1297 2947; x_wconf 90' lang='lat' dir='ltr'><strong>proprium</strong></span> <span class='ocrx_word' id='word_1_174' title='bbox 1310 2870 1381 2927; x_wconf 90' lang='lat' dir='ltr'><strong>erat</strong></span> <span class='ocrx_word' id='word_1_175' title='bbox 1391 2862 1683 2938; x_wconf 87' lang='lat' dir='ltr'><strong>Montanistarum,</strong></span> 
     </span>
     <span class='ocr_line' id='line_1_23' title="bbox 573 2963 1683 3028; baseline 0 -1"><span class='ocrx_word' id='word_1_176' title='bbox 573 2964 627 3027; x_wconf 88' lang='lat' dir='ltr'><strong>sed</strong></span> <span class='ocrx_word' id='word_1_177' title='bbox 654 2984 817 3025; x_wconf 89' lang='lat' dir='ltr'><strong>commune</strong></span> <span class='ocrx_word' id='word_1_178' title='bbox 847 2964 987 3025; x_wconf 91' lang='lat' dir='ltr'><strong>omnium</strong></span> <span class='ocrx_word' id='word_1_179' title='bbox 1013 2963 1277 3028; x_wconf 79' lang='lat' dir='ltr'><strong>Christianorum.</strong></span> <span class='ocrx_word' id='word_1_180' title='bbox 1322 2963 1472 3027; x_wconf 77' lang='lat' dir='ltr'><strong>Ceterum</strong></span> <span class='ocrx_word' id='word_1_181' title='bbox 1498 2964 1683 3027; x_wconf 89' lang='lat' dir='ltr'><strong>notandum</strong></span> 
     </span>
     <span class='ocr_line' id='line_1_24' title="bbox 573 3062 1683 3147; baseline 0.001 -22"><span class='ocrx_word' id='word_1_182' title='bbox 573 3073 631 3138; x_wconf 89' lang='lat' dir='ltr'><strong>est,</strong></span> <span class='ocrx_word' id='word_1_183' title='bbox 647 3064 707 3127; x_wconf 90' lang='lat' dir='ltr'><strong>hoc</strong></span> <span class='ocrx_word' id='word_1_184' title='bbox 731 3064 800 3126; x_wconf 91' lang='lat' dir='ltr'><strong>loco</strong></span> <span class='ocrx_word' id='word_1_185' title='bbox 823 3062 1027 3147; x_wconf 85' lang='lat' dir='ltr'><strong>Apollonium</strong></span> <span class='ocrx_word' id='word_1_186' title='bbox 1053 3070 1207 3146; x_wconf 90' lang='lat' dir='ltr'><strong>tanquam</strong></span> <span class='ocrx_word' id='word_1_187' title='bbox 1230 3062 1451 3146; x_wconf 85' lang='lat' dir='ltr'><strong>gravissimum</strong></span> <span class='ocrx_word' id='word_1_188' title='bbox 1474 3062 1597 3125; x_wconf 82' lang='lat' dir='ltr'><strong>facinus</strong></span> <span class='ocrx_word' id='word_1_189' title='bbox 1622 3064 1683 3126; x_wconf 92' lang='lat' dir='ltr'><strong>ob·</strong></span> 
     </span>
     <span class='ocr_line' id='line_1_25' title="bbox 568 3162 1683 3248; baseline 0.002 -22"><span class='ocrx_word' id='word_1_190' title='bbox 568 3165 666 3248; x_wconf 88' lang='lat' dir='ltr'><strong>jicore</strong></span> <span class='ocrx_word' id='word_1_191' title='bbox 683 3163 854 3242; x_wconf 91' lang='lat' dir='ltr'><strong>Montano,</strong></span> <span class='ocrx_word' id='word_1_192' title='bbox 869 3165 955 3248; x_wconf 92' lang='lat' dir='ltr'><strong>quod</strong></span> <span class='ocrx_word' id='word_1_193' title='bbox 965 3164 1088 3248; x_wconf 88' lang='lat' dir='ltr'><strong>jejunia</strong></span> <span class='ocrx_word' id='word_1_194' title='bbox 1103 3164 1161 3226; x_wconf 90' lang='lat' dir='ltr'><strong>sub</strong></span> <span class='ocrx_word' id='word_1_195' title='bbox 1176 3163 1255 3248; x_wconf 86' lang='lat' dir='ltr'><strong>lege,</strong></span> <span class='ocrx_word' id='word_1_196' title='bbox 1271 3184 1309 3226; x_wconf 93' lang='lat' dir='ltr'><strong>ac</strong></span> <span class='ocrx_word' id='word_1_197' title='bbox 1324 3162 1384 3225; x_wconf 91' lang='lat' dir='ltr'><strong>sub</strong></span> <span class='ocrx_word' id='word_1_198' title='bbox 1404 3163 1555 3247; x_wconf 71' lang='lat' dir='ltr'><strong>praecepti</strong></span> <span class='ocrx_word' id='word_1_199' title='bbox 1574 3162 1683 3228; x_wconf 80' lang='lat' dir='ltr'><strong>forma</strong></span> 
     </span>
     <span class='ocr_line' id='line_1_26' title="bbox 573 3263 1683 3350; baseline -0.001 -22"><span class='ocrx_word' id='word_1_200' title='bbox 573 3267 805 3331; x_wconf 87' lang='lat' dir='ltr'><strong>constituisset:</strong></span> <span class='ocrx_word' id='word_1_201' title='bbox 829 3289 893 3329; x_wconf 90' lang='lat' dir='ltr'><strong>nou</strong></span> <span class='ocrx_word' id='word_1_202' title='bbox 916 3266 1000 3349; x_wconf 94' lang='lat' dir='ltr'><strong>quod</strong></span> <span class='ocrx_word' id='word_1_203' title='bbox 1015 3265 1162 3350; x_wconf 88' lang='lat' dir='ltr'><strong>jejunare</strong></span> <span class='ocrx_word' id='word_1_204' title='bbox 1183 3264 1302 3326; x_wconf 86' lang='lat' dir='ltr'><strong>crimen</strong></span> <span class='ocrx_word' id='word_1_205' title='bbox 1326 3264 1387 3336; x_wconf 88' lang='lat' dir='ltr'><strong>sit;</strong></span> <span class='ocrx_word' id='word_1_206' title='bbox 1412 3271 1470 3328; x_wconf 91' lang='lat' dir='ltr'><strong>aut</strong></span> <span class='ocrx_word' id='word_1_207' title='bbox 1495 3263 1584 3347; x_wconf 87' lang='lat' dir='ltr'><strong>quasi</strong></span> <span class='ocrx_word' id='word_1_208' title='bbox 1610 3265 1683 3347; x_wconf 90' lang='lat' dir='ltr'><strong>qui-</strong></span> 
     </span>
     <span class='ocr_line' id='line_1_27' title="bbox 572 3363 1683 3449; baseline -0.001 -20"><span class='ocrx_word' id='word_1_209' title='bbox 572 3368 707 3430; x_wconf 88' lang='lat' dir='ltr'><strong>busdam</strong></span> <span class='ocrx_word' id='word_1_210' title='bbox 722 3367 754 3429; x_wconf 92' lang='lat' dir='ltr'><strong>in</strong></span> <span class='ocrx_word' id='word_1_211' title='bbox 770 3368 901 3430; x_wconf 86' lang='lat' dir='ltr'><strong>ecclesia</strong></span> <span class='ocrx_word' id='word_1_212' title='bbox 917 3389 981 3429; x_wconf 91' lang='lat' dir='ltr'><strong>non</strong></span> <span class='ocrx_word' id='word_1_213' title='bbox 1001 3366 1106 3443; x_wconf 89' lang='lat' dir='ltr'><strong>liceat,</strong></span> <span class='ocrx_word' id='word_1_214' title='bbox 1121 3387 1307 3449; x_wconf 88' lang='lat' dir='ltr'><strong>semperque</strong></span> <span class='ocrx_word' id='word_1_215' title='bbox 1326 3365 1453 3429; x_wconf 87' lang='lat' dir='ltr'><strong>licuerit</strong></span> <span class='ocrx_word' id='word_1_216' title='bbox 1475 3363 1613 3427; x_wconf 87' lang='lat' dir='ltr'><strong>indicere</strong></span> <span class='ocrx_word' id='word_1_217' title='bbox 1631 3365 1683 3448; x_wconf 89' lang='lat' dir='ltr'><strong>je-</strong></span> 
     </span>
     <span class='ocr_line' id='line_1_28' title="bbox 569 3464 1679 3550; baseline 0.001 -22"><span class='ocrx_word' id='word_1_218' title='bbox 569 3467 669 3550; x_wconf 89' lang='lat' dir='ltr'><strong>junia.</strong></span> <span class='ocrx_word' id='word_1_219' title='bbox 716 3467 799 3528; x_wconf 89' lang='lat' dir='ltr'><strong>Nam</strong></span> <span class='ocrx_word' id='word_1_220' title='bbox 825 3475 858 3529; x_wconf 89' lang='lat' dir='ltr'><strong>et</strong></span> <span class='ocrx_word' id='word_1_221' title='bbox 885 3467 1027 3531; x_wconf 88' lang='lat' dir='ltr'><strong>Joannes</strong></span> <span class='ocrx_word' id='word_1_222' title='bbox 1052 3466 1216 3550; x_wconf 89' lang='lat' dir='ltr'><strong>apostolus</strong></span> <span class='ocrx_word' id='word_1_223' title='bbox 1245 3466 1429 3529; x_wconf 86' lang='lat' dir='ltr'><strong>triduanum</strong></span> <span class='ocrx_word' id='word_1_224' title='bbox 1456 3464 1604 3549; x_wconf 90' lang='lat' dir='ltr'><strong>Ephesiis</strong></span> <span class='ocrx_word' id='word_1_225' title='bbox 1627 3466 1679 3549; x_wconf 90' lang='lat' dir='ltr'><strong>je-</strong></span> 
     </span>
     <span class='ocr_line' id='line_1_29' title="bbox 568 3565 1682 3651; baseline 0 -22"><span class='ocrx_word' id='word_1_226' title='bbox 568 3565 693 3651; x_wconf 89' lang='lat' dir='ltr'><strong>junium</strong></span> <span class='ocrx_word' id='word_1_227' title='bbox 709 3566 834 3641; x_wconf 88' lang='lat' dir='ltr'><strong>indixit,</strong></span> <span class='ocrx_word' id='word_1_228' title='bbox 851 3567 1035 3649; x_wconf 88' lang='lat' dir='ltr'><strong>priusquam</strong></span> <span class='ocrx_word' id='word_1_229' title='bbox 1049 3568 1090 3629; x_wconf 90' lang='lat' dir='ltr'><strong>ad</strong></span> <span class='ocrx_word' id='word_1_230' title='bbox 1110 3568 1312 3631; x_wconf 90' lang='lat' dir='ltr'><strong>scribendum</strong></span> <span class='ocrx_word' id='word_1_231' title='bbox 1332 3566 1528 3651; x_wconf 87' lang='lat' dir='ltr'><strong>evangelium</strong></span> <span class='ocrx_word' id='word_1_232' title='bbox 1548 3588 1582 3629; x_wconf 92' lang='lat' dir='ltr'><strong>se</strong></span> <span class='ocrx_word' id='word_1_233' title='bbox 1603 3588 1682 3629; x_wconf 90' lang='lat' dir='ltr'><strong>con-</strong></span> 
     </span>
     <span class='ocr_line' id='line_1_30' title="bbox 572 3666 1680 3752; baseline 0.003 -22"><span class='ocrx_word' id='word_1_234' title='bbox 572 3668 681 3731; x_wconf 84' lang='lat' dir='ltr'><strong>ferret.</strong></span> <span class='ocrx_word' id='word_1_235' title='bbox 727 3666 772 3729; x_wconf 82' lang='lat' dir='ltr'><strong>Et</strong></span> <span class='ocrx_word' id='word_1_236' title='bbox 785 3666 923 3750; x_wconf 88' lang='lat' dir='ltr'><strong>episcopi</strong></span> <span class='ocrx_word' id='word_1_237' title='bbox 939 3666 1104 3730; x_wconf 74' lang='lat' dir='ltr'><strong>catholicae</strong></span> <span class='ocrx_word' id='word_1_238' title='bbox 1124 3668 1207 3750; x_wconf 91' lang='lat' dir='ltr'><strong>plebi</strong></span> <span class='ocrx_word' id='word_1_239' title='bbox 1222 3669 1374 3731; x_wconf 90' lang='lat' dir='ltr'><strong>mandare</strong></span> <span class='ocrx_word' id='word_1_240' title='bbox 1384 3667 1508 3752; x_wconf 86' lang='lat' dir='ltr'><strong>jejunia</strong></span> <span class='ocrx_word' id='word_1_241' title='bbox 1529 3667 1680 3733; x_wconf 87' lang='lat' dir='ltr'><strong>solebant</strong></span> 
     </span>
     <span class='ocr_line' id='line_1_31' title="bbox 573 3766 1679 3851; baseline 0.001 -20"><span class='ocrx_word' id='word_1_242' title='bbox 573 3790 613 3831; x_wconf 88' lang='lat' dir='ltr'><strong>ex</strong></span> <span class='ocrx_word' id='word_1_243' title='bbox 629 3766 736 3851; x_wconf 81' lang='lat' dir='ltr'><strong>eliqua</strong></span> <span class='ocrx_word' id='word_1_244' title='bbox 750 3767 971 3831; x_wconf 90' lang='lat' dir='ltr'><strong>sollicitudinis</strong></span> <span class='ocrx_word' id='word_1_245' title='bbox 984 3768 1202 3833; x_wconf 72' lang='lat' dir='ltr'><strong>ecclesiastica</strong></span> <span class='ocrx_word' id='word_1_246' title='bbox 1217 3791 1323 3846; x_wconf 89' lang='lat' dir='ltr'><strong>causa,</strong></span> <span class='ocrx_word' id='word_1_247' title='bbox 1340 3777 1376 3832; x_wconf 89' lang='lat' dir='ltr'><strong>ut</strong></span> <span class='ocrx_word' id='word_1_248' title='bbox 1388 3770 1482 3832; x_wconf 89' lang='lat' dir='ltr'><strong>docet</strong></span> <span class='ocrx_word' id='word_1_249' title='bbox 1494 3768 1628 3832; x_wconf 85' lang='lat' dir='ltr'><strong>Tertull.</strong></span> <span class='ocrx_word' id='word_1_250' title='bbox 1645 3769 1679 3832; x_wconf 94' lang='lat' dir='ltr'><strong>in</strong></span> 
     </span>
     <span class='ocr_line' id='line_1_32' title="bbox 573 3869 1681 3952; baseline 0.003 -21"><span class='ocrx_word' id='word_1_251' title='bbox 573 3870 626 3932; x_wconf 92' lang='lat' dir='ltr'><strong>lib.</strong></span> <span class='ocrx_word' id='word_1_252' title='bbox 639 3869 692 3932; x_wconf 86' lang='lat' dir='ltr'><strong>cit.</strong></span> <span class='ocrx_word' id='word_1_253' title='bbox 702 3891 771 3952; x_wconf 92' lang='lat' dir='ltr'><strong>cap.</strong></span> <span class='ocrx_word' id='word_1_254' title='bbox 788 3890 835 3951; x_wconf 83' lang='lat'><strong>¹3·</strong></span> <span class='ocrx_word' id='word_1_255' title='bbox 881 3873 1003 3934; x_wconf 90' lang='lat' dir='ltr'><strong>Verum</strong></span> <span class='ocrx_word' id='word_1_256' title='bbox 1017 3870 1175 3934; x_wconf 91' lang='lat' dir='ltr'><strong>Montano</strong></span> <span class='ocrx_word' id='word_1_257' title='bbox 1186 3870 1218 3932; x_wconf 91' lang='lat' dir='ltr'><strong>id</strong></span> <span class='ocrx_word' id='word_1_258' title='bbox 1234 3870 1338 3933; x_wconf 84' lang='lat' dir='ltr'><strong>lacere</strong></span> <span class='ocrx_word' id='word_1_259' title='bbox 1354 3869 1534 3933; x_wconf 89' lang='lat' dir='ltr'><strong>nullatenus</strong></span> <span class='ocrx_word' id='word_1_260' title='bbox 1549 3869 1681 3950; x_wconf 90' lang='lat' dir='ltr'><strong>licebat,</strong></span> 
     </span>
     <span class='ocr_line' id='line_1_33' title="bbox 573 3969 1680 4056; baseline 0.002 -25"><span class='ocrx_word' id='word_1_261' title='bbox 573 3969 693 4032; x_wconf 91' lang='lat' dir='ltr'><strong>homini</strong></span> <span class='ocrx_word' id='word_1_262' title='bbox 708 3970 868 4048; x_wconf 86' lang='lat' dir='ltr'><strong>haeretioo,</strong></span> <span class='ocrx_word' id='word_1_263' title='bbox 884 3978 917 4034; x_wconf 89' lang='lat' dir='ltr'><strong>et</strong></span> <span class='ocrx_word' id='word_1_264' title='bbox 932 3971 975 4034; x_wconf 92' lang='lat' dir='ltr'><strong>ab</strong></span> <span class='ocrx_word' id='word_1_265' title='bbox 995 3971 1133 4035; x_wconf 76' lang='lat' dir='ltr'><strong>ecclesias</strong></span> <span class='ocrx_word' id='word_1_266' title='bbox 1153 3992 1285 4056; x_wconf 90' lang='lat' dir='ltr'><strong>corpore</strong></span> <span class='ocrx_word' id='word_1_267' title='bbox 1305 3977 1484 4056; x_wconf 85' lang='lat' dir='ltr'><strong>segregato,</strong></span> <span class='ocrx_word' id='word_1_268' title='bbox 1501 3992 1558 4032; x_wconf 89' lang='lat' dir='ltr'><strong>nec</strong></span> <span class='ocrx_word' id='word_1_269' title='bbox 1579 3969 1680 4033; x_wconf 90' lang='lat' dir='ltr'><strong>ullum</strong></span> 
     </span>
     <span class='ocr_line' id='line_1_34' title="bbox 573 4071 1680 4157; baseline 0.002 -24"><span class='ocrx_word' id='word_1_270' title='bbox 573 4071 786 4134; x_wconf 89' lang='lat' dir='ltr'><strong>sacerdotium</strong></span> <span class='ocrx_word' id='word_1_271' title='bbox 807 4072 940 4156; x_wconf 88' lang='lat' dir='ltr'><strong>gerenti.</strong></span> <span class='ocrx_word' id='word_1_272' title='bbox 987 4072 1107 4136; x_wconf 89' lang='lat' dir='ltr'><strong>Merito</strong></span> <span class='ocrx_word' id='word_1_273' title='bbox 1133 4072 1231 4156; x_wconf 83' lang='lat' dir='ltr'><strong>igitur</strong></span> <span class='ocrx_word' id='word_1_274' title='bbox 1255 4094 1328 4135; x_wconf 91' lang='lat' dir='ltr'><strong>eum</strong></span> <span class='ocrx_word' id='word_1_275' title='bbox 1350 4071 1555 4157; x_wconf 90' lang='lat' dir='ltr'><strong>reprehendit</strong></span> <span class='ocrx_word' id='word_1_276' title='bbox 1577 4071 1680 4155; x_wconf 84' lang='lat' dir='ltr'><strong>Apol-</strong></span> 
     </span>
     <span class='ocr_line' id='line_1_35' title="bbox 573 4172 1679 4256; baseline 0.003 -23"><span class='ocrx_word' id='word_1_277' title='bbox 573 4172 684 4248; x_wconf 90' lang='lat' dir='ltr'><strong>lenius,</strong></span> <span class='ocrx_word' id='word_1_278' title='bbox 700 4173 784 4255; x_wconf 92' lang='lat' dir='ltr'><strong>qnod</strong></span> <span class='ocrx_word' id='word_1_279' title='bbox 800 4194 840 4235; x_wconf 91' lang='lat' dir='ltr'><strong>ex</strong></span> <span class='ocrx_word' id='word_1_280' title='bbox 855 4173 989 4236; x_wconf 89' lang='lat' dir='ltr'><strong>arbitrio</strong></span> <span class='ocrx_word' id='word_1_281' title='bbox 1004 4194 1072 4249; x_wconf 93' lang='lat' dir='ltr'><strong>suo,</strong></span> <span class='ocrx_word' id='word_1_282' title='bbox 1088 4194 1152 4235; x_wconf 92' lang='lat' dir='ltr'><strong>non</strong></span> <span class='ocrx_word' id='word_1_283' title='bbox 1166 4195 1206 4235; x_wconf 87' lang='lat' dir='ltr'><strong>ex</strong></span> <span class='ocrx_word' id='word_1_284' title='bbox 1221 4173 1397 4256; x_wconf 88' lang='lat' dir='ltr'><strong>apostolica</strong></span> <span class='ocrx_word' id='word_1_285' title='bbox 1412 4173 1584 4236; x_wconf 89' lang='lat' dir='ltr'><strong>traditione</strong></span> <span class='ocrx_word' id='word_1_286' title='bbox 1602 4195 1679 4236; x_wconf 92' lang='lat' dir='ltr'><strong>con·</strong></span> 
     </span>
     <span class='ocr_line' id='line_1_36' title="bbox 573 4274 1678 4363; baseline 0.005 -27"><span class='ocrx_word' id='word_1_287' title='bbox 573 4274 731 4337; x_wconf 89' lang='lat' dir='ltr'><strong>stituisset</strong></span> <span class='ocrx_word' id='word_1_288' title='bbox 742 4274 875 4357; x_wconf 88' lang='lat' dir='ltr'><strong>jejunia.</strong></span> <span class='ocrx_word' id='word_1_289' title='bbox 922 4274 1005 4337; x_wconf 88' lang='lat' dir='ltr'><strong>Nam</strong></span> <span class='ocrx_word' id='word_1_290' title='bbox 1020 4275 1247 4339; x_wconf 86' lang='lat' dir='ltr'><strong>catholicorum</strong></span> <span class='ocrx_word' id='word_1_291' title='bbox 1262 4276 1389 4361; x_wconf 92' lang='lat' dir='ltr'><strong>quidem</strong></span> <span class='ocrx_word' id='word_1_292' title='bbox 1399 4278 1522 4363; x_wconf 91' lang='lat' dir='ltr'><strong>jejunia</strong></span> <span class='ocrx_word' id='word_1_293' title='bbox 1537 4299 1577 4341; x_wconf 86' lang='lat' dir='ltr'><strong>ex</strong></span> <span class='ocrx_word' id='word_1_294' title='bbox 1598 4299 1678 4362; x_wconf 87' lang='lat' dir='ltr'><strong>apo-</strong></span> 
     </span>
     <span class='ocr_line' id='line_1_37' title="bbox 574 4374 1679 4464; baseline 0.005 -28"><span class='ocrx_word' id='word_1_295' title='bbox 574 4375 728 4437; x_wconf 90' lang='lat' dir='ltr'><strong>stolorum</strong></span> <span class='ocrx_word' id='word_1_296' title='bbox 753 4374 927 4438; x_wconf 88' lang='lat' dir='ltr'><strong>traditione</strong></span> <span class='ocrx_word' id='word_1_297' title='bbox 951 4388 1099 4440; x_wconf 91' lang='lat' dir='ltr'><strong>manant:</strong></span> <span class='ocrx_word' id='word_1_298' title='bbox 1129 4378 1168 4440; x_wconf 90' lang='lat' dir='ltr'><strong>de</strong></span> <span class='ocrx_word' id='word_1_299' title='bbox 1194 4378 1385 4442; x_wconf 91' lang='lat' dir='ltr'><strong>solemnibus</strong></span> <span class='ocrx_word' id='word_1_300' title='bbox 1410 4400 1448 4442; x_wconf 86' lang='lat' dir='ltr'><strong>ae</strong></span> <span class='ocrx_word' id='word_1_301' title='bbox 1473 4377 1608 4464; x_wconf 86' lang='lat' dir='ltr'><strong>publicis</strong></span> <span class='ocrx_word' id='word_1_302' title='bbox 1626 4379 1679 4463; x_wconf 90' lang='lat' dir='ltr'><strong>je·</strong></span> 
     </span>
     <span class='ocr_line' id='line_1_38' title="bbox 570 4472 1678 4564; baseline 0.011 -31"><span class='ocrx_word' id='word_1_303' title='bbox 570 4472 668 4554; x_wconf 90' lang='lat' dir='ltr'><strong>juniis</strong></span> <span class='ocrx_word' id='word_1_304' title='bbox 682 4472 804 4556; x_wconf 93' lang='lat' dir='ltr'><strong>loquor,</strong></span> <span class='ocrx_word' id='word_1_305' title='bbox 821 4497 892 4559; x_wconf 87' lang='lat' dir='ltr'><strong>quae</strong></span> <span class='ocrx_word' id='word_1_306' title='bbox 907 4477 1004 4540; x_wconf 88' lang='lat' dir='ltr'><strong>certis</strong></span> <span class='ocrx_word' id='word_1_307' title='bbox 1018 4478 1129 4541; x_wconf 90' lang='lat' dir='ltr'><strong>diebus</strong></span> <span class='ocrx_word' id='word_1_308' title='bbox 1144 4478 1176 4541; x_wconf 92' lang='lat' dir='ltr'><strong>in</strong></span> <span class='ocrx_word' id='word_1_309' title='bbox 1192 4478 1323 4543; x_wconf 89' lang='lat' dir='ltr'><strong>ecclesia</strong></span> <span class='ocrx_word' id='word_1_310' title='bbox 1337 4479 1509 4564; x_wconf 84' lang='lat' dir='ltr'><strong>quotannis</strong></span> <span class='ocrx_word' id='word_1_311' title='bbox 1523 4480 1678 4544; x_wconf 89' lang='lat' dir='ltr'><strong>observa·</strong></span> 
     </span>
     <span class='ocr_line' id='line_1_39' title="bbox 575 4572 1677 4665; baseline 0.013 -35"><span class='ocrx_word' id='word_1_312' title='bbox 575 4572 701 4636; x_wconf 85' lang='lat' dir='ltr'><strong>bantur.</strong></span> <span class='ocrx_word' id='word_1_313' title='bbox 749 4577 983 4641; x_wconf 86' lang='lat' dir='ltr'><strong>Haereticorum</strong></span> <span class='ocrx_word' id='word_1_314' title='bbox 998 4586 1106 4643; x_wconf 90' lang='lat' dir='ltr'><strong>autem</strong></span> <span class='ocrx_word' id='word_1_315' title='bbox 1116 4579 1249 4664; x_wconf 89' lang='lat' dir='ltr'><strong>jejunia,</strong></span> <span class='ocrx_word' id='word_1_316' title='bbox 1265 4604 1304 4646; x_wconf 85' lang='lat' dir='ltr'><strong>ex</strong></span> <span class='ocrx_word' id='word_1_317' title='bbox 1319 4581 1404 4646; x_wconf 91' lang='lat' dir='ltr'><strong>inani</strong></span> <span class='ocrx_word' id='word_1_318' title='bbox 1416 4580 1677 4665; x_wconf 67' lang='lat' dir='ltr'><strong>praesumptione,</strong></span> 
     </span>
     <span class='ocr_line' id='line_1_40' title="bbox 574 4673 1678 4768; baseline 0.013 -37"><span class='ocrx_word' id='word_1_319' title='bbox 574 4678 608 4733; x_wconf 89' lang='lat' dir='ltr'><strong>et</strong></span> <span class='ocrx_word' id='word_1_320' title='bbox 619 4673 800 4738; x_wconf 88' lang='lat' dir='ltr'><strong>sanctitatis</strong></span> <span class='ocrx_word' id='word_1_321' title='bbox 815 4675 1015 4743; x_wconf 86' lang='lat' dir='ltr'><strong>simulatione</strong></span> <span class='ocrx_word' id='word_1_322' title='bbox 1029 4684 1215 4765; x_wconf 87' lang='lat' dir='ltr'><strong>procedunt.</strong></span> <span class='ocrx_word' id='word_1_323' title='bbox 1247 4682 1433 4768; x_wconf 85' lang='lat' dir='ltr'><strong>Cujusmodi</strong></span> <span class='ocrx_word' id='word_1_324' title='bbox 1445 4682 1532 4746; x_wconf 87' lang='lat' dir='ltr'><strong>fuere</strong></span> <span class='ocrx_word' id='word_1_325' title='bbox 1543 4681 1678 4766; x_wconf 89' lang='lat' dir='ltr'><strong>jejunia,</strong></span> 
     </span>
    </p>
   </div>
   <div class='ocr_carea' id='block_1_3' title="bbox 0 0 1914 5650">
    <p class='ocr_par' dir='ltr' id='par_1_3' title="bbox 0 0 1914 5650">
     <span class='ocr_line' id='line_1_41' title="bbox 0 0 1914 5650; baseline 0 0"><span class='ocrx_word' id='word_1_326' title='bbox 0 0 1914 5650; x_wconf 95' lang='lat' dir='ltr'><strong> </strong></span> 
     </span>
    </p>
   </div>
  </div>
 </body>
</html>
