3809 5650
605 709 656 772 IN
682 709 940 774 HEGESlPPI
966 707 1288 772 FRAGMENTA.
1434 708 1498 770 255

398 877 462 941 ime
483 883 559 961 post
580 877 629 940 καὶ
652 880 681 941 οἱ
700 878 760 941 ἀπὸ
782 878 897 961 γένους,
920 885 954 942 et
975 878 1018 942 ab
1044 878 1155 941 eodem
1177 876 1270 939 abest
1293 896 1355 939 vox
1371 877 1499 953 βαθείας

397 986 473 1062 post
491 979 616 1058 εἰρήνης,
631 986 777 1043 vertente
795 980 907 1061 Rufino
926 1000 1063 1062 quoque,
1078 987 1104 1041 et
1125 975 1248 1040 reddito
1262 998 1341 1060 pore
1359 976 1497 1054 ecclesie.

398 1079 454 1143 Ad
470 1079 538 1142 haec
552 1080 638 1161 ἄχρις
653 1102 711 1163 pro
725 1081 813 1162 μέχρι
827 1079 957 1164 Nicepl.

444 1181 482 1242 Ρ.
495 1199 566 1259 2¹4·
582 1180 669 1260 l.14.
692 1182 709 1242 ὁ
726 1182 758 1242 lx
779 1181 860 1243 θείου
874 1185 927 1244 τοῦ
942 1178 1063 1263 Κυρίου]
1088 1179 1176 1243 Male
1191 1177 1499 1260 Christophorsonus

398 1280 467 1343 haec
482 1281 579 1343 verba
593 1280 716 1364 accepit
731 1281 822 1365 quasi
836 1283 918 1344 θείου
939 1280 1131 1365 adjectivum
1151 1286 1245 1355 esset,
1262 1285 1295 1341 et
1313 1278 1497 1341 subaudire-

398 1389 453 1444 tur
468 1381 580 1462 γένους.
614 1381 677 1444 Sed
694 1381 823 1467 Longus
838 1382 892 1466 qui
908 1381 1122 1465 Nicephorum
1139 1380 1254 1444 Latine
1269 1379 1499 1463 interpretatus

398 1491 459 1556 est,
475 1482 592 1566 optime
610 1492 762 1566 patruum
781 1482 887 1546 vertit.
933 1482 1049 1564 Clopas
1070 1482 1154 1545 enim
1176 1502 1287 1544 revera
1308 1479 1409 1543 frater
1429 1486 1499 1542 erat

400 1583 543 1667 Josephi,
559 1606 597 1647 ae
619 1585 751 1669 proinde
771 1592 907 1668 patruus
924 1582 1055 1648 Christi.
1101 1583 1207 1663 Quare
1230 1582 1368 1665 Symeon
1390 1579 1498 1665 Clopae

400 1686 490 1760 lilius,
507 1693 662 1770 cognatus
684 1694 755 1750 erat
777 1685 918 1763 Domini,
935 1694 973 1749 ut
997 1685 1114 1747 dicitur
1137 1684 1170 1746 in
1193 1684 1299 1767 eapite
1323 1682 1364 1743 xi.
1381 1703 1497 1765 supra:

398 1786 453 1849 ubi
479 1787 561 1850 male
584 1786 788 1850 consobrinum
810 1787 907 1850 vertit
934 1785 1100 1848 Musculus
1121 1792 1155 1848 et
1177 1783 1497 1868 Christophorsonus.

401 1886 565 1950 Vxnrsrus.
612 1887 661 1950 Ibi
677 1887 835 1951 Eusebius
849 1887 973 1963 scribit,
988 1886 1042 1949 τὸν
1063 1889 1120 1968 γὰρ
1140 1883 1194 1948 οὖν
1216 1889 1347 1948 Κλωπᾶν
1364 1884 1500 1963 ἀδελφὸν

400 1992 452 2050 τοῦ
474 1987 589 2068 Ἰωσὴφ
618 1988 772 2070 ὑπάρχειν,
799 1986 992 2068 Ἡγήσιππος
1022 1989 1142 2068 ἱστορεῖ.
1187 1986 1242 2048 Ad
1272 2006 1365 2069 quem
1394 1984 1499 2048 locum

400 2087 515 2151 videsis
529 2088 623 2164 infra,
639 2111 709 2172 quae
725 2089 883 2151 adnotata
897 2087 972 2150 sint.

445 2189 528 2251 Ibid.
553 2189 573 2251 l.
595 2204 643 2273 15.
670 2189 903 2267 συκοφαντηθείς
929 2188 987 2250 ὑπὸ
1012 2193 1071 2251 τῶν
1094 2187 1250 2272 αἱρέσεων]
1274 2186 1499 2252 Cerinthianos

401 2297 433 2352 et
454 2288 630 2352 Nicolaitae
650 2289 799 2373 intelligit
821 2295 934 2351 auctor
954 2288 1106 2351 Chronici
1128 2288 1348 2364 Alexandrini,
1364 2289 1413 2352 cui
1436 2311 1499 2352 non

400 2391 566 2454 assentior.
612 2390 769 2475 Intelligit
788 2391 871 2452 enim
892 2389 1096 2473 Hegesippus
1116 2398 1221 2454 sectas
1243 2390 1312 2454 illas
1332 2413 1403 2476 quae
1422 2399 1500 2455 tunc

399 2492 552 2575 temporis
576 2491 805 2575 Hierosolymis
828 2492 987 2575 vigebant,
1010 2491 1245 2554 Pharisaeorum
1268 2493 1397 2567 scilicet,
1420 2492 1500 2556 Sad-

400 2591 581 2655 ducaeorum
596 2604 630 2655 et
646 2590 735 2667 alias,
752 2593 791 2654 de
812 2592 925 2674 quibus
945 2591 1029 2653 inlra
1049 2591 1102 2653 lib.
1119 2591 1159 2654 iv.
1176 2615 1245 2675 cap.
1261 2612 1310 2655 22.
1334 2594 1499 2657 Vncesms.

400 2692 476 2757 Jcm
501 2715 598 2777 supra
620 2691 748 2755 adlatus
774 2699 823 2754 est
846 2714 919 2775 pag.
935 2708 1006 2773 207.
1024 2691 1198 2776 Hegesippi
1220 2693 1316 2756 locus.
1362 2693 1500 2757 Notavit

401 2794 574 2871 Strothius‚
591 2798 743 2876 οἱρετικῶν
758 2814 816 2878 pro
832 2793 978 2873 αἱρέσεων
995 2799 1106 2856 extare
1127 2793 1160 2855 in
1174 2793 1341 2878 Benearsii
1356 2794 1451 2857 Lectt.
1466 2801 1500 2857 et

400 2898 507 2981 Morp.
532 2896 726 2980 Eeempbzrts
748 2895 887 2978 impressi
909 2915 1002 2978 peuce
1030 2896 1129 2958 «Ιοοου.
1174 2896 1288 2958 Addcs
1313 2896 1442 2979 Nicept.
1466 2904 1500 2959 et

400 2998 507 3081 Μανρ.
523 2996 604 3059 alius
618 2997 783 3080 cujusdam
797 2995 986 3079 exemplaris
1009 2997 1150 3079 ejusdem
1168 2997 1245 3060 edit.
1262 2997 1498 3082 Stephanianae‚

400 3098 485 3181 quod
501 3097 534 3160 in
551 3097 750 3161 Bibliotheca
767 3097 942 3161 Bodleiano
962 3098 1157 3160 adservatur.
1204 3098 1287 3179 Quin
1308 3105 1341 3161 et
1359 3097 1500 3181 Scaliger

401 3199 545 3282 exemplo
574 3221 632 3262 suo
656 3200 756 3282 ejusd.
779 3200 855 3263 edit.
880 3200 964 3262 idem
988 3198 1117 3261 adlevit.
1164 3198 1269 3261 Vertit
1294 3199 1434 3281 Rufinus,
1461 3196 1499 3261 ot

400 3300 558 3363 Heretc'cclr.

444 3401 528 3465 Ibid.
543 3401 564 3463 l.
578 3403 627 3464 16.
652 3402 701 3465 ἐπὶ
723 3405 763 3487 τῷ
788 3404 865 3488 αὐτῷ
889 3404 983 3487 λόγῳ]
1016 3404 1056 3467 Id
1080 3403 1238 3486 estquod
1263 3402 1382 3467 Christi
1405 3402 1500 3464 fidem

400 3503 600 3586 praedicaret,
623 3511 660 3567 ut
686 3526 784 3587 supra
808 3504 899 3567 dixit.
927 3511 961 3567 et
984 3526 1093 3568 rursus
1116 3504 1148 3567 in
1170 3504 1224 3566 lib.
1241 3504 1283 3568 iv.
1298 3527 1367 3589 cap.
1385 3521 1436 3568 νο.
1460 3525 1500 3566 ex

403 3604 588 3688 Hegesippo
611 3609 686 3683 μετὰ
708 3605 742 3668 τὸ
763 3610 947 3686 μαρτυρῆσαι
968 3604 1115 3683 Ἰάκωβον
1135 3607 1188 3668 τὸν
1212 3606 1326 3669 δίκαιον
1350 3607 1389 3671 ὡς
1412 3606 1460 3667 καὶ
1483 3607 1499 3665 ὁ

402 3706 509 3784 Κύριος
525 3706 573 3767 ἐπὶ
588 3708 627 3788 τῷ
643 3705 720 3789 αὐτῷ
735 3707 828 3789 λόγῳ.
852 3706 1020 3768 Vanesius.
1057 3704 1141 3767 Vide
1161 3705 1253 3781 infra,
1269 3727 1341 3790 pag.
1358 3705 1500 3789 proxime

401 3810 596 3886 sequentem.
641 3804 714 3867 Hoc
737 3805 864 3887 quidem
886 3805 955 3868 loco
977 3805 1084 3889 potius
1106 3804 1238 3868 indicari
1260 3806 1405 3878 dixerim,
1429 3804 1500 3866 ideo

401 3912 585 3967 accusatum
608 3904 797 3989 Symeonem
818 3906 925 3981 fuisse,
941 3905 1027 3989 quod
1047 3903 1098 3966 ille
1121 3910 1205 3967 esset
1226 3903 1347 3967 familie
1368 3903 1501 3966 Doridis

401 4004 553 4067 oriundus
563 4028 573 4080 ;
597 4026 668 4067 cum
689 4005 784 4068 Judae
802 4006 886 4068 enim
909 4006 1078 4089 nepotibus
1099 4005 1138 4068 lit
1159 4005 1356 4088 comparatio
1367 4029 1376 4080 3
1399 4026 1500 4088 neque

401 4112 510 4168 tamen
534 4105 731 4169 excludenda
756 4106 851 4169 luerit
874 4129 971 4170 causa
995 4108 1107 4181 altera,
1131 4128 1201 4189 quse
1226 4128 1298 4169 eum
1323 4106 1384 4169 hac
1409 4106 1501 4168 simul

401 4208 605 4291 conjungitur
619 4214 687 4270 tam
708 4208 740 4269 in
759 4218 911 4292 nepotum
927 4211 950 4270 J
952 4208 1023 4271 udae
1043 4207 1186 4284 historia,
1203 4228 1298 4291 quam
1314 4228 1410 4290 supra
1428 4229 1500 4291 pag.

404 4327 474 4386 207.
519 4309 595 4371 Ἀπὸ
612 4311 723 4372 τούτων
737 4310 855 4393 (inquit
871 4310 1089 4394 Hegesippus)
1105 4313 1301 4390 κατηγοροῦσι
1314 4310 1393 4374 τινές
1408 4310 1501 4388 Συμέ-

402 4434 477 4473 evoe
490 4417 543 4473 τοῦ
560 4415 684 4484 Κλωπᾶ,
698 4411 735 4475 ὡς
750 4412 837 4476 ὄντος
852 4412 911 4472 ἀπὸ
928 4413 1029 4488 Δοβὶὸ
1049 4411 1096 4472 καὶ
1106 4414 1296 4490 Χριστιανοῦ.
1341 4409 1502 4473 caeterum

401 4510 494 4573 abest
509 4512 557 4572 ἐπὶ
572 4532 592 4573 a
604 4511 666 4573 cod.
678 4511 817 4594 Norfclc.
830 4512 1067 4596 Nicephoroqoc.
1093 4510 1133 4573 In
1144 4510 1217 4573 MS.
1228 4511 1326 4575 Scoil.
1343 4534 1397 4575 seu
1410 4513 1502 4576 Bodl.

403 4610 490 4673 αὐτοῦ
506 4632 565 4694 pro
581 4611 657 4695 αὐτῷ
672 4633 847 4695 perperam.
893 4612 947 4677 Ita
962 4620 995 4676 et
1010 4634 1093 4676 nunc
1108 4613 1264 4677 referente
1281 4616 1426 4679 Burtono
1439 4617 1502 4680 cod.

403 4711 503 4773 Paria
517 4731 545 4772 1.
555 4712 587 4773 in
600 4733 664 4795 quc
679 4713 796 4776 omissa
811 4722 861 4777 est
875 4735 937 4776 vox
948 4716 1042 4798 λόγῳ.
1067 4713 1159 4778 Inter
1173 4714 1301 4778 nomina
1316 4737 1435 4790 eorum,
1449 4716 1502 4800 qui
