3809 5650
704 682 1012 755 PRAEFATIO.
1308 707 1382 754 xxv

332 872 594 989 scriptorum,
612 879 833 988 dequibus
860 877 941 960 alio
959 877 1050 960 loco
1069 879 1259 960 dicturus
1277 907 1380 974 sum,

330 1041 569 1122 comparare
603 1011 839 1122 apographa
866 1012 970 1092 milri
1005 1010 1132 1094 licuit.
1181 1014 1247 1094 De
1278 1042 1381 1094 non-

331 1147 434 1228 dum
455 1148 550 1228 visis
570 1148 678 1228 ferre
701 1148 951 1228 sententiam
977 1174 1062 1228 non
1085 1174 1275 1256 possum3
1308 1148 1381 1228 sed

331 1280 540 1390 hodieque
558 1293 712 1377 extare,
730 1294 775 1362 et
793 1280 882 1362 fore
901 1280 1114 1388 quondam
1134 1292 1183 1360 ut
1202 1282 1381 1361 edantur

330 1414 496 1513 κειμήλια
516 1414 754 1496 nominibus
772 1426 990 1494 auctorum
1009 1442 1197 1495 meorum
1212 1414 1381 1496 meliore

325 1553 424 1657 jure
444 1550 654 1657 inscripta,
675 1578 759 1630 non
780 1561 844 1630 est
864 1548 987 1655 plane
1006 1549 1344 1657 desperanduml.

388 1685 457 1765 Ad
496 1682 620 1787 ῥήσεις
662 1685 778 1792 quod
825 1684 989 1779 attinet
1029 1683 1114 1764 sive
1156 1682 1382 1764 sententias

331 1831 552 1899 auctorum
590 1817 655 1898 vel
693 1816 898 1926 longiores
932 1815 998 1898 vel
1037 1818 1253 1914 breviores,
1286 1846 1382 1926 quae

332 1952 488 2033 indicio
520 1952 759 2034 uberiorum
795 1950 1089 2060 Catalogorum
1126 1952 1304 2032 maxime
1338 1952 1381 2031 in

333 2085 493 2166 MSStis
514 2084 685 2166 Catenis
713 2112 785 2166 seu
816 2084 1160 2194 Expositionibus
1189 2083 1228 2163 S.
1246 2081 1383 2192 Scrip-

333 2232 451 2315 turae,
470 2217 646 2328 aliisque
664 2218 709 2298 id
728 2246 860 2327 genus
875 2216 1150 2314 collectaneis
1170 2245 1382 2326 superesse

332 2353 584 2449 referuntur,
612 2379 720 2460 saepe
750 2351 822 2434 illa
851 2381 929 2462 ego
960 2365 1163 2461 excerpta,
1197 2380 1291 2460 quae
1325 2353 1383 2433 sic

332 2485 515 2566 indicata
543 2484 712 2582 fuerint,
735 2497 879 2567 extare
908 2499 1002 2596 post
1028 2485 1157 2567 didici
1186 2485 1230 2565 in
1259 2484 1383 2566 editis

332 2619 565 2728 Florilegiis
586 2618 852 2730 Catonisque.
911 2622 1002 2703 Nec
1021 2650 1144 2731 porro
1170 2621 1213 2701 in
1237 2619 1383 2701 biblio-

333 2753 548 2837 thecarum
560 2754 863 2837 Oxonieusium
876 2755 1087 2837 codicibus
1098 2755 1384 2864 scriptisquos

332 2890 472 2972 labore
500 2891 675 2988 assiduo,
704 2892 777 2973 sed
807 2892 1003 2972 mediocri
1033 2918 1130 2972 cum
1158 2892 1312 2986 fructu,
1338 2892 1382 2971 in

332 3023 410 3105 hac
437 3024 608 3132 quidem
637 3038 766 3133 parte,
794 3038 1002 3106 scrutatus
1031 3053 1134 3119 sum,
1162 3022 1298 3105 multa
1331 3024 1384 3105 ad

333 3186 420 3239 rem
455 3185 599 3239 meam·
623 3159 887 3268 pertinentia,
920 3184 1018 3268 quae
1048 3159 1236 3240 nondum
1271 3158 1384 3240 edita

333 3306 481 3388 essent,
500 3296 659 3403 assequi
692 3295 794 3376 mihi
815 3295 1003 3404 contigit.
1063 3292 1191 3375 Facili
1211 3294 1382 3402 quidem

332 3455 458 3538 opera
477 3430 572 3537 quis
586 3428 764 3511 valuerit
783 3428 907 3539 plena
926 3458 1054 3511 manu
1074 3456 1296 3537 congerere
1314 3458 1385 3510 ex-

330 3575 474 3671 cerpta
510 3575 727 3644 auctorum
767 3562 1147 3658 ecclesiasticorum,
1185 3589 1282 3671 quae
1320 3576 1384 3644 est

332 3697 517 3804 ipsorum
545 3698 672 3805 copia,
692 3707 785 3804 post
809 3696 980 3777 tertium
1011 3695 1210 3778 saeculum
1229 3696 1381 3778 floren·

333 3831 462 3925 tium;
494 3831 622 3911 immo
640 3830 755 3911 tertii
775 3857 944 3939 quoque
958 3829 1098 3912 saeculi
1120 3845 1256 3940 patres
1271 3860 1386 3939 sepa-

333 3965 456 4043 ratim
491 3962 594 4044 editi
627 3961 808 4044 multum
843 3963 942 4044 inde
976 3964 1117 4072 augeri
1157 3965 1383 4072 potuerint.

334 4096 453 4178 Facit
471 4108 613 4178 autem
633 4098 819 4207 paucitas
839 4097 1152 4190 sententiarum,
1172 4123 1268 4203 quae
1287 4124 1383 4176 mu·

332 4228 419 4311 tilis
451 4231 690 4312 auctoribus
718 4232 822 4312 meis
851 4229 915 4312 vel
952 4231 995 4310 in
1027 4230 1235 4310 veteribus
1267 4232 1385 4313 attri-

378 4470 392 4509 ¹¹
419 4471 513 4536 Nunc
538 4472 679 4551 tandem,
707 4494 757 4537 me
787 4473 969 4557 superstite,
1000 4474 1042 4538 ab
1072 4473 1215 4539 Orientis
1240 4474 1386 4559 partibus

334 4573 390 4636 lux
404 4573 516 4639 clueat.

851 4702 875 4773 d
