3809 5650
448 680 498 745 IN
520 680 663 747 EPIST⁴
688 681 905 747 VlENNEN.
930 682 988 746 ET
1012 682 1280 748 LUeDUNEN.
1345 688 1410 756 329

309 850 425 924 fuiss03
449 858 487 915 ut
509 873 548 915 ex
563 874 601 914 eo
616 852 791 936 conjicitur,
807 854 892 936 qnod
907 860 975 916 tnm
991 853 1189 917 Viennenses
1209 875 1304 938 quam
1321 856 1408 940 Lug·

310 953 477 1029 dunenses,
493 952 534 1015 ob
549 952 643 1016 fidem
659 954 778 1017 christi
794 975 814 1017 a
830 953 970 1016 Praeside
985 955 1203 1038 comprehensi
1219 962 1252 1018 et
1267 956 1410 1020 damnati

310 1076 378 1117 esse
393 1054 543 1121 dicuntur
557 1054 589 1116 in
604 1053 663 1117 bac
679 1055 822 1138 epistola.
856 1054 918 1116 Hoe
932 1055 1031 1138 igitur
1046 1077 1149 1119 causae
1165 1063 1250 1133 sunt,
1266 1078 1324 1120 cur
1338 1079 1410 1121 con-

306 1155 443 1237 junctim
467 1155 650 1238 scripserint
666 1155 859 1218 Viennenses
883 1163 916 1219 et
932 1155 1170 1241 Lugdunenses.
1218 1159 1300 1222 Nam
1326 1160 1411 1242 quod

311 1256 461 1340 suspicati
482 1264 557 1319 sunt
580 1255 718 1339 quidam,
735 1279 831 1319 unum
858 1265 934 1320 ωηο
962 1257 1057 1321 fuisse
1079 1258 1260 1343 episcopum
1275 1260 1411 1324 Viennae

310 1366 407 1441 atque
442 1356 604 1441 Lugduni,
630 1356 662 1421 id
699 1378 738 1420 ex
767 1357 827 1420 hac
857 1357 927 1442 ipsa
958 1358 1093 1442 epistola
1127 1360 1218 1423 facile
1246 1360 1410 1438 refellitur,

312 1479 382 1541 quae
412 1457 586 1520 Pothinum
617 1456 798 1541 episcopum
828 1458 976 1541 Lugduni
1006 1458 1102 1523 luisse
1131 1461 1219 1537 dicit,
1244 1483 1308 1524 non
1334 1462 1412 1525 item

313 1557 455 1620 Viennae.
514 1558 617 1619 Porro
648 1557 874 1641 Lugdunenses
903 1557 1032 1621 honoris
1061 1581 1158 1623 causa
1187 1561 1413 1624 Viennensium

311 1679 425 1720 nomen
449 1664 649 1741 praeponunt,
675 1680 745 1720 cum
769 1668 877 1722 tamen
902 1658 962 1742 ipsi
988 1660 1218 1744 Lugdunenses
1245 1662 1412 1745 epistolam

311 1758 453 1821 scribant
468 1759 508 1820 dc
524 1759 561 1821 iis
577 1781 648 1841 quae
662 1759 808 1842 Lugduni
822 1767 915 1842 gesta
930 1760 1067 1824 fuerant.
1113 1760 1274 1825 Vetustati
1287 1784 1413 1847 quoque

311 1867 345 1922 et
363 1859 521 1923 nobilitati
543 1858 683 1923 Colonia>
700 1858 929 1923 Viennensium
949 1860 983 1923 id
1003 1861 1160 1925 tributum
1175 1862 1274 1926 videri
1295 1870 1411 1946 potest.

313 1959 405 2038 Quod
421 1981 495 2023 vero
509 1961 551 2023 ad
566 1961 736 2024 secundam
752 1961 960 2044 quaestionem
974 1961 1093 2026 attinet
1105 1987 1114 2033 ;
1139 1985 1179 2025 ex
1193 1963 1264 2047 ipsa
1278 1964 1414 2048 epistole

312 2059 461 2123 discimus
474 2061 626 2145 plurimos
640 2061 736 2125 fuisse
751 2063 881 2126 Graeeos
895 2062 928 2124 in
940 2062 1071 2125 ecclesia
1083 2063 1296 2147 Lugdunensi,
1310 2065 1413 2149 cujus-

311 2162 396 2225 modi
413 2162 473 2226 fuit
489 2163 622 2227 Attalus
637 2171 670 2226 et
686 2164 869 2228 Alexander
885 2163 1039 2248 Phryges,
1057 2170 1090 2227 et
1105 2164 1289 2229 Alcibiades
1308 2165 1413 2229 oriun-

310 2264 370 2326 dus
392 2263 469 2327 item
492 2287 532 2327 ex
553 2265 704 2350 Phrygia,
720 2273 758 2330 ut
781 2265 911 2350 opinor:
946 2264 1089 2329 Irenaeus
1110 2287 1236 2349 qnoque
1262 2267 1414 2330 oriundus

311 2373 381 2428 erat
395 2387 436 2428 ox
451 2366 540 2442 Asia,
556 2374 590 2430 et
606 2367 818 2451 Polycarpum
834 2366 977 2451 Smymae
995 2367 1142 2431 audierat
1162 2389 1226 2431 una
1247 2389 1319 2432 cum
1340 2367 1413 2431 Flo

311 2467 381 2528 rino
399 2467 571 2529 admodum
591 2489 679 2551 puer,
696 2476 732 2531 ut
755 2468 821 2553 ipse
846 2474 996 2531 testatur.
1042 2467 1176 2530 Pothini
1202 2490 1326 2552 quoque
1350 2465 1414 2553 epi-

311 2567 398 2649 scopi
413 2567 461 2629 vel
479 2589 593 2630 nomen
609 2568 720 2651 ipsum,
737 2570 882 2632 Graecanr
898 2567 1052 2651 originem
1073 2567 1228 2652 designat.
1275 2570 1414 2633 Proinde

311 2688 375 2729 non
390 2667 504 2729 mirum
519 2675 577 2743 cst,
594 2668 620 2730 si
644 2668 697 2751 qui
717 2690 757 2731 ex
773 2668 855 2731 Asia
874 2668 908 2729 in
933 2667 1057 2730 Gallias
1077 2675 1240 2745 venerant,
1261 2669 1414 2732 fratribus

312 2767 376 2831 suis
391 2767 423 2830 in
440 2768 519 2832 Asia
539 2769 723 2833 constitutis
742 2770 781 2832 de
802 2768 897 2833 rebus
917 2767 982 2832 suis
1007 2768 1165 2833 scribant:
1190 2791 1211 2833 a
1234 2770 1360 2854 quibus,
1377 2778 1414 2834 ut

313 2870 461 2934 credibile
475 2878 534 2946 est,
545 2871 712 2954 epistolam
723 2871 810 2934 illam
820 2871 860 2932 de
873 2868 1026 2953 martyrio
1040 2869 1208 2955 Polycarpi
1224 2879 1257 2936 et
1268 2872 1412 2948 aliorum,

312 2973 400 3057 prius
429 2972 635 3056 accepissent.
683 2972 791 3056 Hujus
816 2978 924 3034 autem
954 2969 1096 3053 epistolae
1125 2979 1289 3036 auctorem
1317 2974 1414 3037 fuisse

312 3074 452 3138 arbitror
471 3076 648 3147 lrenaeum;
673 3073 875 3158 quiquidem
898 3092 936 3134 eo
959 3078 1103 3154 tempore
1126 3072 1266 3136 ecclesiae
1283 3073 1414 3159 Lugdu·

312 3177 417 3239 nensis
433 3184 503 3240 erat
519 3175 693 3260 presbyter.
727 3174 890 3237 Vennsrus.
925 3174 976 3235 At
990 3193 1065 3234 vero
1081 3173 1306 3237 Tillemontius
1318 3175 1413 3238 Mem.

312 3277 395 3340 Eccl.
411 3285 488 3341 tom.
504 3277 547 3339 iii.
563 3277 596 3339 in
612 3275 713 3339 Mart.
731 3275 835 3359 Lugd.
855 3280 922 3337 not.
942 3293 970 3340 2.
992 3272 1046 3357 qui
1070 3273 1210 3350 dubitat,
1232 3281 1340 3338 utrum
1363 3275 1414 3338 hee

314 3377 481 3461 provinciae
497 3376 687 3439 Viennensis
709 3384 742 3439 et
758 3373 981 3459 Lugdunensis
1002 3373 1060 3437 sub
1081 3396 1144 3438 uno
1165 3373 1316 3458 praefecto
1337 3383 1415 3439 ωηο

313 3478 440 3562 quidem
454 3485 598 3564 agerent,
613 3500 671 3541 nos
686 3478 848 3553 admonet,
865 3476 945 3539 duas
967 3474 1036 3539 illas
1055 3475 1163 3552 fuisse,
1179 3497 1249 3560 quse
1269 3476 1414 3561 proprios

313 3582 372 3644 sibi
388 3581 554 3665 praefectos
568 3580 733 3643 haberent.
771 3580 822 3641 De
831 3576 926 3641 variis
937 3584 1046 3641 antem
1059 3576 1231 3661 praesidum
1244 3578 1415 3662 generibus

314 3682 421 3745 confer
438 3682 596 3746 Valesinm
620 3682 711 3745 infra.
758 3681 909 3743 Ceterum
933 3678 994 3742 etsi
1017 3679 1119 3741 mutui
1142 3678 1260 3741 amoris
1290 3678 1414 3741 vinculo

313 3791 389 3847 tunc
405 3784 556 3868 temporis
571 3783 731 3868 conjuncti
746 3789 822 3846 sunt
837 3779 1009 3846 Christiani
1026 3779 1222 3842 Viennenses
1237 3786 1271 3842 et
1287 3779 1414 3862 Lugdu·

313 3909 434 3963 nenses,
447 3894 568 3969 quanto
579 3887 652 3950 odio
664 3908 728 3949 non
740 3885 839 3948 multo
852 3885 939 3969 prius
950 3884 982 3945 in
995 3904 1029 3946 se
1040 3882 1171 3945 invicem
1182 3880 1265 3945 cives
1277 3881 1412 3944 duarum

312 3988 445 4051 istarum
466 3987 591 4051 urbium
611 3987 839 4071 flagravissent,
856 4007 913 4048 nos
932 3983 1052 4047 nescire
1072 3983 1158 4045 haud
1178 3981 1254 4045 sinit
1275 3980 1413 4045 Tacitus

313 4089 367 4152 lib.
385 4090 413 4150 1.
428 4089 512 4151 Ilien
528 4110 597 4172 cap.
614 4090 665 4171 65.
707 4086 847 4160 Veterem,
869 4085 983 4168 inquit,
998 4085 1079 4147 inter
1093 4084 1306 4169 Lugdunenses
1326 4084 1414 4145 Vien-

312 4211 467 4274 nnnesque
492 4189 678 4252 discordium
695 4188 873 4271 procineun
895 4184 1004 4249 bellun
1025 4186 1214 4263 ascenden,
1237 4185 1341 4248 multe
1363 4186 1413 4248 in·

313 4291 406 4354 uicem
425 4289 524 4353 chades
541 4287 673 4353 crebrius
691 4288 897 4372 ireseete'ueqeu,
913 4308 1006 4371 queen
1025 4295 1059 4349 ul
1078 4294 1196 4349 tantuna
1207 4294 1335 4370 prepter
1349 4286 1415 4348 Ne·

309 4412 410 4453 rorum
425 4389 818 4475 Gallumquepupnnretur.
852 4389 897 4453 Et
913 4387 1013 4452 Gallu
1028 4388 1142 4451 reditus
1154 4387 1413 4472 Lugdunensium,

312 4493 462 4556 musione
488 4492 555 4568 ἱνα»,
578 4492 613 4554 e'n
628 4493 739 4573 stenem
761 4499 901 4567 cenent,
921 4489 1033 4553 neubus
1055 4498 1159 4553 centro
1182 4488 1217 4552 in
1239 4488 1416 4552 Viennenses

311 4593 413 4672 donor,
429 4593 508 4657 unde
524 4592 676 4656 oemuhzle'o
690 4600 716 4654 el
731 4590 863 4669 incidie,
878 4600 980 4655 etune
994 4612 1083 4655 nnuee
1097 4590 1234 4654 duernie
1253 4611 1415 4654 connenem

311 4696 425 4759 edium.
470 4695 516 4758 Et
529 4702 604 4780 post
618 4693 682 4758 vidi
698 4694 831 4758 Petrum
848 4692 897 4756 De
914 4692 1028 4757 Marce
1048 4693 1214 4757 docentem
1234 4691 1268 4755 in
1282 4692 1412 4756 Dicent.

355 4820 422 4862 von.
442 4820 463 4861 r.
837 4816 897 4858 uu
