3809 5650
402 630 446 690 24
778 627 1130 692 ANNOTATIONES

400 796 583 859 OEoumenii
607 797 824 859 Ommastorio
847 799 880 859 io
899 799 977 860 Acta
997 802 1104 882 Apost.
1130 798 1332 879 desumptum
1357 818 1432 860 mox
1455 820 1505 862 se·

399 896 518 980 quitur,
536 897 670 981 Papiam
685 897 872 981 discipulum
887 898 1023 961 loannis
1037 899 1162 982 apostati
1176 897 1325 983 appellat.

445 998 675 1062 Verumtamen
701 997 761 1061 hac
790 997 823 1059 in
852 1020 887 1061 re
909 1019 974 1060 non
1000 1020 1128 1082 possum
1154 1020 1218 1062 non
1246 998 1351 1062 locum
1375 997 1501 1074 afferre,

397 1098 455 1182 qui
475 1099 562 1183 apud
583 1099 742 1162 Ironaeum
756 1104 848 1161 extat
867 1098 900 1160 iu
919 1098 974 1162 lib.
986 1099 1027 1163 iv.
1043 1122 1070 1163 c.
1084 1118 1134 1182 27.
1150 1099 1194 1163 al.
1209 1121 1237 1163 o.
1248 1113 1302 1183 45.
1326 1098 1381 1162 ubi
1401 1097 1501 1162 verba

397 1198 507 1284 aliqua
520 1199 637 1264 veteris
652 1198 817 1283 cujusdam
833 1200 1011 1282 presbyteri
1026 1200 1174 1284 anonymi
1194 1199 1241 1264 ita
1260 1199 1447 1277 afferuntur,
1462 1209 1501 1262 ut

399 1311 475 1387 post
489 1303 606 1366 lectam
616 1302 823 1385 posteriorem
838 1308 963 1385 partem
975 1302 1127 1386 Papianae
1136 1302 1251 1383 ῥήσιος
1261 1323 1342 1386 pene
1352 1301 1501 1366 videatur

402 1404 528 1487 Papias,
544 1403 680 1466 maxime
695 1402 722 1465 si
741 1403 782 1465 ab
804 1401 942 1465 Eusebio
958 1402 1108 1465 standum
1128 1402 1181 1481 sit,
1197 1403 1239 1467 ab
1260 1404 1385 1466 Irenaeo
1404 1401 1499 1487 signi-

400 1504 499 1567 ficari.
547 1503 800 1582 Quemadmodum
819 1501 937 1578 audini,
954 1502 1056 1586 inquit
1073 1504 1224 1581 Irenaeus,
1241 1526 1262 1566 a
1275 1504 1405 1589 quodam
1412 1523 1501 1586 pres·

398 1602 510 1686 tylem,
524 1604 578 1689 qai
592 1603 734 1666 cadim
748 1601 787 1665 ab
805 1602 861 1677 tis,
876 1603 930 1685 qai
950 1603 1093 1688 apostolos
1112 1603 1262 1680 ciderunt,
1278 1613 1304 1665 et
1321 1600 1359 1666 ab
1378 1602 1426 1665 aa
1445 1603 1500 1686 qui

398 1705 596 1777 didicerant,
620 1703 653 1767 hi
668 1703 858 1788 posteriores
878 1703 1085 1787 proculdubio
1102 1711 1186 1777 sunt,
1203 1706 1232 1767 οἱ
1245 1709 1296 1766 τοῦ
1318 1704 1427 1782 Κυρίου
1441 1728 1495 1780 μο-

399 1807 496 1885 carel,
520 1804 666 1889 sepositis
685 1804 849 1888 apostolis.
895 1803 1068 1888 Presbyter
1082 1826 1156 1867 vero
1175 1804 1248 1880 iste,
1262 1803 1404 1889 quisquis
1422 1811 1497 1866 tan·

399 1908 473 1970 dem
495 1907 546 1968 ille
568 1906 638 1981 fuit,
660 1904 834 1967 existimari
855 1904 956 1987 possit
977 1904 1139 1987 apostolos
1162 1903 1249 1968 haud
1269 1904 1497 1988 frequentasse.

401 2006 466 2070 Sed
480 2014 587 2070 tamen
609 2005 752 2089 profecto
767 2005 807 2067 de
829 2005 939 2089 Papiae
961 2006 1151 2091 discipulatu
1174 2006 1251 2069 nihil
1272 2006 1352 2070 certi
1372 2027 1414 2069 ex
1435 2005 1495 2068 hoo

401 2107 517 2171 Irenaei
542 2107 621 2183 loeo,
648 2106 702 2189 qui
729 2105 863 2189 Papiam
893 2106 1079 2171 nominatim
1107 2108 1183 2171 alibi
1211 2105 1355 2185 adduxit,
1387 2112 1497 2190 potest

400 2208 510 2283 statui,
534 2227 716 2291 quanquam
741 2205 838 2270 Gavio
861 2206 894 2267 in
917 2207 1000 2270 Hist.
1016 2208 1080 2271 Lit.
1106 2216 1184 2271 tom.
1200 2209 1220 2271 i.
1244 2230 1276 2292 p.
1291 2227 1343 2290 49.
1364 2206 1497 2289 aliisque

400 2309 475 2372 viris
489 2308 601 2383 doctis,
616 2308 787 2370 admodum
808 2308 970 2389 probabile
985 2309 1118 2384 videtur,
1135 2310 1315 2393 fragmenta
1333 2307 1378 2371 ibi
1397 2313 1495 2391 atque

400 2408 476 2472 alibi
494 2407 580 2491 apud
596 2407 751 2470 Irenaeum
770 2407 869 2470 allata
888 2430 928 2470 ex
949 2410 1052 2492 Papia
1072 2411 1261 2494 deprompta
1281 2409 1386 2473 fuisse.
1431 2407 1496 2471 Sed

399 2512 469 2596 ipsa
490 2511 544 2573 illa
565 2515 638 2593 post
660 2509 728 2571 haec
749 2508 856 2571 affero.
904 2511 1034 2574 Interea
1060 2511 1112 2574 vix
1132 2512 1255 2588 dubito,
1276 2511 1350 2595 quin
1370 2510 1496 2574 adalia

400 2611 547 2695 quaedam
571 2610 668 2672 verba
691 2609 828 2694 episcopi
855 2609 1090 2694 Hierapolitani
1118 2613 1309 2695 spectaverit
1337 2610 1494 2675 Eusebius

400 2713 549 2788 scribens,
563 2710 756 2791 Ἀριστίωνος
776 2708 808 2772 δὲ
829 2712 877 2772 καὶ
895 2718 947 2774 τοῦ
967 2713 1171 2792 πρεσβυτέρου
1190 2712 1331 2776 Ἰωάννου
1351 2711 1495 2789 οὐτήκοον

401 2815 507 2878 ἑαυτὸν
521 2813 597 2895 φησὶ
611 2811 762 2893 γενέσθαι,
779 2811 839 2875 etsi
863 2818 988 2875 statuas
1003 2835 1073 2876 cum
1094 2813 1257 2894 Halloixio
1272 2814 1305 2877 in
1328 2814 1401 2877 Via.
1418 2813 1494 2877 ΡΡ.

402 2915 550 2980 Oricatol.
565 2920 642 2977 tom.
655 2913 675 2976 i.
695 2935 726 2997 p.
739 2915 811 2996 652.
829 2913 964 2996 Papiam
984 2936 1046 2976 uon
1068 2937 1108 2977 ex
1130 2916 1280 2999 professe,
1297 2917 1353 2978 sed
1367 2921 1495 2978 tantum

400 3040 440 3082 ex
455 3016 629 3090 occasione,
644 3014 772 3087 dixisse,
789 3036 822 3076 se
837 3014 971 3077 istorum
986 3014 1082 3078 fuisse
1100 3016 1290 3090 auditorem,
1306 3016 1493 3099 enepotius,

399 3126 486 3181 scaea
499 3138 535 3179 ac
553 3116 594 3178 iis
612 3114 765 3177 audiebas
778 3135 899 3196 capace
918 3116 982 3198 {osc
996 3114 1149 3198 referebat.
1189 3114 1266 3179 Mea
1277 3115 1359 3178 enim
1371 3121 1495 3179 senten-

399 3217 456 3294 tia,
470 3216 523 3279 vix
538 3221 595 3277 aut
610 3234 650 3275 ne
665 3212 719 3273 vix
735 3212 862 3295 quidem
884 3213 961 3276 illud
981 3216 1020 3278 de
1037 3215 1145 3299 Papiae
1167 3215 1256 3279 aditu
1275 3216 1317 3279 ad
1332 3214 1356 3277 J
1357 3236 1492 3279 oannem

400 3314 620 3399 presbyterum
645 3318 743 3394 atque
765 3312 962 3375 Aristionem
987 3315 1161 3399 collegisset
1188 3314 1246 3378 sibi
1272 3314 1428 3378 Eusebius
1453 3336 1494 3377 ex

399 3414 467 3480 solo
481 3416 541 3477 hoc
561 3412 695 3495 Papiani
710 3412 813 3495 operis
833 3415 997 3496 prooemio,
1013 3416 1137 3479 etiamsi
1156 3416 1279 3492 viderit,
1297 3414 1493 3499 inpraesenti

399 3523 542 3598 tempore
562 3514 623 3577 dici
645 3512 771 3592 λέγουσι
786 3514 825 3576 de
847 3514 981 3577 duorum
1003 3515 1137 3579 istorum
1159 3538 1222 3578 non
1245 3517 1285 3579 de
1306 3523 1494 3580 caeterorum

398 3615 603 3679 sermonibus.
634 3614 729 3678 Corte
743 3613 799 3690 ait,
816 3614 951 3698 Papiam
965 3637 1163 3700 saepenumero
1175 3617 1255 3679 duos
1270 3616 1364 3679 hosce
1374 3614 1494 3679 christi

400 3715 568 3799 discipulos
583 3715 615 3777 in
630 3714 756 3797 scriptis
770 3715 939 3779 adduxisse
958 3717 1032 3779 suis.
1077 3716 1216 3780 Tantum
1235 3722 1366 3800 propter
1382 3715 1494 3779 Grabii

398 3816 496 3881 verba
511 3816 585 3878 olim
600 3815 675 3877 dixi.
707 3816 801 3877 Nunc
820 3816 914 3888 addo,
932 3838 995 3899 quo
1013 3817 1131 3879 rectius
1147 3823 1326 3901 exponatur
1341 3818 1493 3890 irenaeus,

398 3940 484 4002 saepe
505 3917 665 4001 appellare
689 3937 761 3978 oum
778 3917 903 3980 nomine
924 3917 1068 4000 discipuli
1086 3918 1215 3980 Domini
1236 3916 1415 4000 apostolum
1435 3917 1458 3978 J
1461 3937 1493 3978 o·

397 4040 524 4096 annem,
541 4025 577 4081 ut
592 4017 727 4103 exempli
741 4017 847 4099 gratia
865 4017 897 4078 in
912 4015 967 4080 lib.
983 4017 1002 4080 i.
1019 4039 1088 4101 cap.
1103 4019 1134 4080 8.

442 4119 506 4182 Sed
534 4117 602 4182 haec
627 4118 800 4191 hactenus;
835 4118 920 4199 quod
945 4116 1063 4181 attinet
1092 4117 1134 4180 ad
1163 4125 1280 4181 caetera
1308 4116 1492 4181 Eusebiana

396 4218 487 4282 initio
501 4219 595 4301 hujus
609 4225 695 4282 notae
709 4219 817 4295 allata,
833 4218 1071 4281 memorandum
1086 4217 1137 4281 hic
1149 4224 1209 4293 ost,
1225 4217 1390 4281 historiam
1405 4216 1491 4279 illam

396 4319 436 4381 de
450 4317 572 4380 duobus
587 4318 759 4401 sepulchris
776 4317 799 4380 J
801 4317 912 4380 oannis
926 4318 1052 4380 nomine
1069 4317 1227 4401 insignitis
1248 4340 1268 4380 a
1282 4337 1398 4400 magno
1413 4314 1490 4378 Dio·

395 4418 485 4500 nysio
501 4417 719 4480 Alexandrino
740 4418 888 4503 episcopo
907 4425 1071 4501 acceptam
1091 4417 1199 4494 videri,
1217 4418 1269 4502 qui
1290 4418 1322 4480 in
1340 4415 1491 4500 opusculo

397 4539 455 4581 suo
470 4519 520 4581 De
531 4517 784 4602 ρυοννίεοοόυἱόυο,
800 4517 842 4582 ab
858 4517 997 4580 Eusebio
1008 4518 1061 4581 lib.
1073 4518 1123 4581 vii.
1135 4517 1216 4581 Has.
1229 4540 1258 4581 c.
1273 4534 1324 4602 25.
1340 4517 1490 4594 adducto,
