3809 5650
652 1372 1160 1471 HEGESIPPUS.

729 1642 1092 1681 ...ψ-.-

360 1823 396 1895 S.
425 1824 690 1911 Hmnouruus,
707 1824 816 1898 Libro
833 1825 896 1898 De
922 1827 1018 1898 Viris
1040 1825 1248 1909 Illrcstribus,
1278 1849 1353 1919 cap.
1372 1815 1459 1896 xxii.

852 1975 885 2044 p.
906 1958 965 2030 89.

362 2102 715 2206 HEGESIPPUS,
751 2126 885 2196 vicinus
924 2123 1215 2217 Apostolicorum
1248 2132 1460 2215 temporum,

361 2253 504 2316 *omnes
538 2269 559 2314 a
593 2249 753 2339 passione
780 2247 937 2330 Domini,
966 2249 1150 2339 usquead
1178 2270 1278 2319 suam
1306 2255 1460 2329 aetatem,

362 2369 689 2442 Ecclesiasticorum
716 2372 879 2442 Actuum
910 2382 1036 2442 texens
1066 2372 1240 2454 historias,
1276 2370 1461 2462 multaque

360 2493 404 2563 ad
421 2493 615 2565 utilitatem
641 2494 837 2589 legentium
862 2497 1077 2588 pertinentia
1101 2496 1184 2566 hinc
1210 2497 1293 2566 inde
1317 2517 1463 2588 congre-

360 2635 458 2706 gans,
488 2615 643 2707 quinque
672 2615 780 2688 libros
807 2619 1007 2709 composuit
1037 2638 1199 2687 sermone
1226 2616 1389 2710 simplici,
1420 2626 1461 2686 ut

364 2760 514 2829 quorum
539 2738 650 2809 vitam
676 2740 887 2821 sectabatur,
914 2742 1054 2811 dicendi
1081 2764 1222 2833 quoque
1248 2741 1463 2833 exprimeret

365 2860 617 2931 characterem.
668 2863 807 2933 Asserit
832 2885 869 2933 se
888 2864 1025 2933 venisse
1043 2862 1108 2933 sub
1126 2862 1280 2933 Aniceto
1299 2860 1462 2941 Romam,

364 2987 424 3075 qui
438 2982 622 3056 bdecimus
632 2995 711 3078 post
724 2986 872 3057 Petrum
885 2989 1071 3080 episcopus
1084 2986 1162 3068 fuit,
1175 2995 1212 3056 et
1224 3006 1463 3076 perseverasse

362 3131 474 3199 usque
504 3109 547 3178 ad
581 3106 816 3178 Eleutherum
846 3111 1005 3201 ejusdem
1036 3110 1131 3180 urbis
1162 3110 1376 3201 episcopum,
1403 3108 1463 3199 qui

361 3230 505 3302 Aniceti
522 3233 700 3322 quondam
717 3233 884 3303 diaconus
907 3233 1033 3303 fuerat.
1086 3231 1262 3303 Praeterea
1278 3231 1464 3300 adversum

360 3352 456 3424 idola
482 3355 677 3445 disputans,
694 3375 739 3424 ex
757 3378 828 3446 quo
845 3357 1000 3448 primum
1025 3378 1143 3426 errore
1160 3354 1363 3436 crevissent,
1383 3350 1465 3423 sub·

362 3477 456 3547 texit
482 3476 674 3558 historiam,
704 3499 749 3547 ex
777 3498 848 3567 qua
873 3476 1039 3558 ostendit,
1064 3499 1135 3567 qua
1161 3474 1319 3546 floruerit
1349 3482 1463 3544 aetate.

362 3600 429 3672 Ait
447 3602 562 3672 enim:
590 3600 736 3689 (Euseb.
753 3601 798 3671 iv.
813 3598 910 3672 His-t.
929 3625 959 3671 c.
973 3602 1023 3685 8.)
1040 3597 1205 3670 Tumutos
1222 3600 1367 3671 mortuis
1384 3608 1466 3670 tem·

361 3720 486 3819 phrquc
504 3723 690 3821 fresmont:
716 3726 806 3796 sicut
835 3749 941 3819 arque
968 3722 1070 3795 hodie
1094 3723 1269 3796 videmus:
1301 3722 1465 3818 equibus

364 3855 413 3917 cst
425 3857 456 3917 et
466 3848 643 3919 Antinous
655 3871 773 3920 annus
784 3846 970 3920 Hadriani
984 3843 1150 3928 Caesam'a
1164 3848 1221 3917 cui
1238 3857 1269 3917 et
1281 3847 1464 3944 pyraticus

364 3993 453 4066 oport
477 3982 654 4044 coercetur
679 3972 774 4067 apud
795 3973 990 4044 Antinoum
1019 3972 1200 4056 civitatem,
1231 3994 1334 4065 quom
1361 3966 1463 4058 (MS.

365 4093 591 4175 Veronensis,
618 4105 796 4167 coercetur
816 4096 1019 4177 Antio-cius,
1047 4095 1295 4187 civitatemque)
1325 4117 1369 4164 er
1393 4093 1464 4186 ejus

364 4217 501 4289 nominc
528 4218 693 4303 condidit,
718 4228 749 4290 et
774 4219 894 4290 statuit
917 4216 1105 4313 prmrhctas
1128 4219 1167 4288 io
1193 4214 1327 4312 templo.
1358 4215 1465 4289 Anti-

363 4363 473 4412 noum
506 4352 629 4414 autem
661 4346 698 4413 in
734 4342 869 4414 deliciis
909 4341 1073 4412 habuisse
1108 4341 1224 4412 Caesar
1258 4340 1463 4414 Hadrianus

364 4467 538 4538 scribitur.

406 4624 422 4657 ⁸
435 4614 590 4692 Nusquam
611 4613 702 4673 tradit
723 4612 880 4682 Eusebius,
903 4610 1105 4693 Hegesippum
1125 4610 1240 4689 plenam
1264 4612 1426 4674 Historiam
1448 4634 1466 4672 s

364 4718 473 4780 Christi
489 4719 622 4799 passione
637 4718 675 4778 sd
689 4738 741 4778 sua
755 4717 861 4796 quibus
875 4717 991 4797 scripsit
1006 4716 1211 4796 tempora,boc
1223 4728 1268 4778 est
1277 4716 1355 4778 ultra
1368 4714 1466 4776 saculi
