3809 5650
576 671 625 734 IN
656 670 903 736 HEGESIPPI
937 673 1237 738 FRAGMENTA.
1389 676 1455 738 267

353 834 523 919 discipulos
552 855 615 898 non
645 834 855 898 Marcionitas
883 835 943 898 hoo
969 835 1039 898 loco
1065 836 1247 920 designatos
1270 835 1454 909 existimat;

353 934 404 999 cui
420 935 546 1019 quidem
561 935 751 1017 conjecturae
773 935 859 998 iavet
878 934 966 998 locus
984 935 1234 999 &caietanae
1248 940 1355 1020 Aperi.
1372 937 1455 1000 infra

353 1035 521 1098 adductus.
565 1035 687 1097 Verum
702 1035 803 1118 magis
821 1035 1074 1118 amplectendam
1095 1057 1207 1099 censeo
1224 1037 1367 1099 codicum
1388 1039 1453 1099 Va·

353 1134 545 1198 lesianamm
573 1135 807 1219 Nicephorique
836 1135 1004 1198 lectionem
1030 1138 1251 1217 Μαρκιανισταὶ
1275 1137 1317 1199 ab
1342 1137 1454 1200 eodem

355 1238 472 1301 Marco
491 1237 632 1313 ductam,
646 1237 699 1321 qui
721 1228 885 1300 Marcione
903 1237 1004 1299 multo
1024 1238 1179 1301 vetustior
1198 1239 1269 1315 fuit,
1286 1247 1319 1303 et
1338 1261 1359 1303 a
1382 1239 1452 1303 SE·

355 1338 496 1402 NlOREl
511 1339 596 1422 apud
612 1338 770 1403 Irenaeum
790 1360 886 1423 supra
900 1340 1122 1416 introducitur,
1140 1341 1235 1403 Num.
1253 1341 1294 1404 xi.
1311 1364 1383 1427 pag.
1399 1363 1455 1427 59.

356 1438 410 1503 lta
425 1439 503 1502 dieti
517 1450 593 1503 sunt
607 1440 817 1502 Pauliaaistoe
832 1439 925 1502 Pauli
940 1440 1138 1504 Samosateni
1155 1441 1309 1525 discipuli.

400 1540 437 1601 P.
452 1543 525 1602 216.
545 1540 566 1602 l.
582 1542 612 1601 6.
629 1541 868 1622 Σατορνιλιανοὶ]
893 1542 1118 1619 Σατορνινιανοὶ
1132 1542 1263 1625 Nicepll.
1280 1549 1353 1626 post
1372 1543 1456 1607 hanc

356 1661 464 1702 vocem
478 1639 602 1702 addunt
618 1639 665 1701 καὶ
680 1639 775 1717 ἕτεροι
789 1641 828 1704 ὡς
838 1640 913 1703 Cod.
932 1641 1063 1702 Grateri
1071 1641 1168 1703 Loett.
1178 1649 1212 1704 at
1225 1642 1326 1705 codas
1338 1643 1456 1706 caat.

356 1741 406 1821 (et
422 1740 497 1804 Cod.
512 1739 620 1801 Paria
636 1743 679 1818 1.)
695 1739 826 1802 Sraorn.
865 1741 947 1802 Cum
963 1742 1040 1804 MS.
1053 1741 1192 1823 Norjbk.
1208 1740 1291 1804 infra
1306 1743 1457 1807 exhibeat

356 1842 397 1906 ὡς
415 1862 474 1924 pro
490 1840 607 1915 ἑτέρως,
626 1840 699 1902 ideo
719 1840 803 1903 istud
822 1841 966 1903 codicum
987 1842 1120 1904 Gruteri
1135 1849 1168 1904 et
1184 1841 1357 1906 Oastallani
1376 1850 1455 1908 nota

357 1941 539 2026 marginalis
560 1940 686 2003 videtur
703 1941 850 2024 primitus
872 1941 969 2004 luisse
989 1941 1032 2004 ad
1055 1941 1169 2021 ἑτέρως.
1214 1941 1323 2007 Habet
1344 1947 1458 2008 Satar-

356 2040 447 2101 aieui
462 2038 596 2101 Rufinus
614 2060 754 2121 quoque;
778 2047 811 2101 et
832 2040 974 2122 proxime
994 2046 1070 2102 ante
1089 2040 1121 2102 in
1139 2040 1215 2103 cod.
1226 2040 1317 2103 Bodl.
1334 2040 1456 2105 desida-

358 2145 471 2201 rantur
493 2159 584 2201 voces
609 2140 657 2200 καὶ
682 2141 895 2202 Βασιλιδιανοέ.
940 2139 1090 2203 (laterum
1120 2162 1160 2203 cx
1181 2139 1458 2217 concitationibus,

358 2262 429 2323 quae
445 2239 627 2321 Αροττοῐὶοα
641 2239 797 2316 dicuntur,
812 2239 917 2303 locum
931 2239 982 2303 hic
997 2240 1129 2304 afferam
1144 2242 1310 2326 plerasque
1321 2241 1458 2305 haercsas

358 2348 435 2404 ante
456 2339 629 2403 recensitas
646 2348 955 2404 commemorantem.
989 2341 1100 2404 Ἡνέκα
1115 2345 1148 2404 δὲ
1160 2342 1325 2422 ἐξήλθομεν
1340 2342 1458 2426 (inqui-

358 2448 418 2502 unt
437 2439 505 2502 ficti
524 2438 676 2522 apostoli)
700 2443 815 2505 ἐντοῖς
835 2441 936 2503 ἔθνεσι
957 2442 1107 2520 κηρύττειν
1127 2442 1180 2504 τὸν
1195 2446 1290 2524 λόγον
1304 2448 1355 2521 τῆς
1375 2444 1461 2520 ζωῆς,

359 2542 427 2602 τότε
450 2540 615 2619 ἐνήργησεν
635 2542 651 2602 δ
672 2539 815 2618 διάβολος
836 2544 878 2606 εῖτ
898 2541 951 2602 τὸν
971 2543 1048 2603 λαὸν
1066 2544 1245 2605 ἀποστεῖλαι
1265 2546 1361 2606 ὀπίσω
1378 2544 1462 2622 ἡμῶν

359 2642 627 2720 ψευδαποστόλους
641 2643 684 2705 εές
700 2640 879 2719 βεβήλωσιν
893 2646 945 2703 τοῦ
960 2642 1064 2721 λόγον·
1090 2642 1137 2703 καὶ
1158 2642 1367 2720 προεβάλοντο
1385 2648 1463 2706 Κλε-

359 2743 448 2819 όβιόν
468 2766 543 2817 τινα,
568 2742 616 2804 καὶ
640 2742 821 2820 παρέζευξαν
850 2746 889 2827 τῷ
921 2744 1040 2819 Σίμωνι’
1078 2743 1158 2804 οὗτοι
1182 2745 1215 2805 δέ
1240 2745 1459 2821 μαθητεύουσιν

361 2841 500 2926 Δοσιθέῳ
516 2845 583 2917 τινὶ,
601 2842 636 2905 δν
653 2844 700 2905 καὶ
715 2845 1021 2923 παρενδοκιμήσαντες
1042 2845 1190 2920 έξῶσαντο
1205 2847 1256 2920 τῆς
1270 2845 1372 2924 ἆρχῆτ·
1399 2842 1463 2906 εἶτα

360 2944 409 3005 καὶ
437 2944 531 3021 ἕτεροι
561 2943 669 3021 ἑτέρων
699 2947 843 3023 κατῆρξαν
873 2945 1005 3006 ἐκτόπων
1034 2942 1199 3024 δογμάτων,
1224 2943 1380 3022 Κήρινθον,
1411 2943 1459 3004 καὶ

362 3043 496 3122 Μάρκος,
515 3045 562 3105 καὶ
582 3043 769 3121 Μένανδρος,
790 3044 838 3106 καὶ
857 3046 1041 3121 Βασιλείδης,
1065 3045 1111 3106 καὶ
1133 3048 1324 3122 Σατορνῖλος.
1377 3042 1459 3105 Tum

359 3144 471 3207 statim
491 3151 565 3227 post
586 3144 759 3220 addunt-ur,
780 3147 809 3206 οἱ
831 3146 863 3206 δέ
884 3146 1008 3222 ἆναίδην
1025 3146 1264 3225 ἐκπορνεύουσιν,
1284 3143 1342 3205 olor
1361 3145 1390 3205 ol
1412 3147 1466 3207 νῦν

361 3246 549 3326 ψευδώνυμοι
564 3249 754 3306 Νικολαῑται.
779 3243 850 3305 Lib.
863 3244 903 3306 vi.
920 3265 989 3327 cap.
1002 3244 1031 3307 8.

407 3346 478 3409 lbid
493 3345 513 3407 l.
531 3361 558 3425 7.
583 3345 862 3430 παρεισηγάγησαν]
881 3346 1114 3428 παρεισήγαγεν.
1161 3345 1214 3409 lta
1229 3344 1366 3409 correxit
1382 3344 1463 3407 Rob.

362 3447 553 3530 Stephanus,
575 3466 645 3508 eum
666 3445 698 3507 iu
722 3446 867 3508 omnibus
889 3447 1123 3530 exemplaribus
1140 3453 1326 3511 constanter
1339 3446 1465 3530 legatur

362 3546 640 3626 παρεισηγάγησαν.
686 3546 749 3625 Qui
770 3547 985 3610 barbarismus
1003 3569 1066 3612 non
1086 3548 1207 3612 alienus
1227 3555 1278 3612 cst
1295 3547 1336 3610 ab
1357 3545 1467 3631 Hege-

362 3647 461 3729 sippo.
505 3645 543 3707 In
558 3645 665 3709 codice
680 3654 788 3709 tamen
801 3647 983 3711 Fuketiano
997 3649 1150 3733 scriptum
1166 3648 1269 3711 inveni
1285 3647 1467 3728 παρεισηγά-

364 3771 471 3826 γησαν.
517 3745 613 3830 Apud
639 3746 851 3830 Nicephorum
878 3770 952 3811 vcro
976 3748 1094 3832 legitur
1117 3748 1352 3829 παρεισήγαγον,
1379 3747 1465 3830 quod

363 3845 465 3925 magis
483 3847 593 3927 probo.
612 3846 774 3909 Vanasms.
820 3847 857 3909 ln
877 3853 1003 3910 textum
1022 3848 1142 3930 pn'mus
1162 3846 1282 3929 recepit
1302 3845 1468 3908 Strothius

363 3946 639 4027 παρειοηγέγησαν,
655 3947 814 4030 aliumque
829 3953 945 4010 testem
957 3946 1079 4009 Valesii
1094 3946 1328 4029 exemplaribus
1342 3943 1469 4008 addidit

368 4047 490 4109 Codicis
513 4048 620 4109 Veneti
640 4050 735 4111 Lectt.
783 4048 880 4109 Hunc
906 4068 965 4130 ego
989 4053 1023 4108 et
1047 4045 1121 4108 clim
1146 4052 1273 4108 secutus
1297 4065 1390 4117 sum;
1416 4044 1470 4127 qui

364 4145 398 4209 in
414 4146 534 4210 Valesii
557 4147 766 4211 adnotatione
791 4147 941 4209 mendum
966 4145 1094 4229 aliquod
1118 4167 1187 4209 esse
1211 4144 1391 4229 suspicatus
1410 4143 1468 4222 ait,

365 4254 387 4284 “
403 4247 478 4329 quid
494 4247 554 4309 sibi
567 4248 642 4310 velit
657 4248 733 4310 illud
747 4257 848 4309 tamea
862 4248 948 4330 apud
964 4246 1122 4309 Valesium
1135 4268 1170 4309 ae
1184 4244 1314 4317 nescire,
1331 4244 1391 4306 nisi
1406 4244 1471 4308 alia

365 4356 386 4385 “
403 4347 496 4410 lectio
512 4348 689 4431 reperiatur
703 4348 735 4410 in
755 4347 827 4411 cod.
842 4348 955 4410 Falcet.
971 4346 1138 4410 lectionem
1161 4345 1315 4429 Stephani
1330 4344 1469 4407 sortasse

365 4456 387 4484 “
403 4449 621 4511 confirmans.”
666 4448 758 4512 Nune
777 4456 863 4511 recte
884 4448 932 4511 ait
958 4447 1130 4524 Burtonus,
1155 4446 1374 4530 corrigendam
1396 4466 1466 4508 esse

367 4549 489 4612 Valesii
512 4558 623 4614 notam
647 4549 869 4614 substituendo
890 4570 999 4612 vocem
1024 4546 1290 4629 παρεισηγόγοσαν
1312 4546 1470 4630 inpriore

366 4658 459 4733 parta
473 4651 542 4735 ejus
554 4677 563 4725 ;
587 4658 621 4713 et
636 4649 902 4731 παρειοηγόγοσαν
915 4647 1003 4711 istud
1018 4648 1050 4710 in
1065 4647 1207 4733 pluribus
1222 4646 1349 4731 scriptis
1363 4646 1471 4710 iuven*

862 4770 888 4810 m
903 4770 936 4811 m
952 4769 971 4815 2
