3809 5650
394 677 460 738 342
758 675 1138 740 ANNOTATIONES

441 848 480 910 Ρ.
491 867 566 931 304.
583 845 604 909 l.
616 865 646 928 9.
658 870 726 909 τινα
739 846 811 924 μίαν
826 850 884 908 τῶν
899 846 1083 931 ἠρνημένων]
1100 847 1272 924 BurtonuS,
1283 869 1322 911 eo
1332 844 1417 931 quod
1433 866 1503 907 om-

398 971 455 1013 nes
469 947 535 1011 fere
546 947 670 1010 codices
682 946 791 1031 scripti
805 947 852 1009 vcl
865 973 941 1023 τινα,
964 947 1012 1011 vel
1026 949 1107 1026 μίαν,
1124 948 1299 1023 omiserint,
1315 951 1381 1011 τινὰ
1396 945 1502 1009 solum

396 1048 548 1123 retinuit;
581 1048 689 1112 malim
721 1071 791 1134 ego,
817 1071 888 1111 cum
917 1048 1004 1112 nulla
1033 1071 1222 1113 consuesse
1253 1049 1410 1124 videatur,
1442 1070 1503 1112 cur

396 1152 586 1216 alterutram
600 1173 708 1215 vocem
722 1152 856 1214 adderet
871 1150 952 1214 alius
973 1151 1043 1234 quis
1063 1158 1182 1234 praeter
1200 1152 1303 1236 ipsum
1322 1159 1501 1228 auctorem,

396 1256 468 1333 μίαν
483 1257 549 1316 τινὰ
564 1274 622 1336 pro
636 1252 723 1316 edito
739 1278 805 1316 τινα
818 1256 901 1331 μίαν,
912 1261 1038 1316 servato
1049 1255 1132 1333 μίαν,
1143 1275 1304 1338 reponere.
1340 1253 1501 1338 Displicet

397 1354 1015 1440 HeinichenoinSupplmrcutolllctarum
1025 1377 1152 1419 suarum
1162 1355 1297 1419 Burtoni
1306 1354 1500 1419 emendatio.

442 1458 525 1522 Ibid.
541 1458 562 1522 l.
582 1479 629 1521 10.
646 1464 740 1522 δοκῶν
760 1461 776 1520 ὁ
796 1458 938 1536 διάβολος
954 1457 1207 1541 καταπεπωκέναι]
1233 1458 1284 1520 Ex
1304 1459 1377 1521 MS.
1395 1457 1499 1522 Sauli.

397 1583 452 1625 eeu
468 1561 558 1625 Bodl.
578 1560 746 1625 articulum
765 1560 878 1645 recepi,
895 1560 980 1643 quod
1001 1566 1114 1643 postea
1133 1560 1209 1624 lecit
1231 1561 1393 1624 Burtonus
1413 1582 1500 1625 eom·

396 1663 578 1728 memoratis
601 1671 757 1748 praetcrea
772 1664 870 1727 MSS.
894 1662 990 1745 Ncrf.
1010 1662 1108 1724 Venet.
1132 1662 1383 1748 blcrmcimbquc.
1409 1689 1499 1727 κατα-

397 1769 582 1833 πεπτωκέναι
597 1769 640 1830 M
639 1769 672 1831 S.
687 1767 781 1850 Norf

442 1870 526 1933 Ibid.
543 1869 562 1931 l.
586 1890 631 1933 ιι.
648 1872 696 1933 διὰ
710 1869 924 1950 βλασφημίας]
942 1866 1252 1951 Christophorsonus
1267 1868 1499 1953 blasphemiam

397 1973 549 2036 adversus
559 1972 722 2037 Christum
732 1971 897 2035 intellexit.
926 1970 1109 2033 Videndum
1119 1978 1226 2035 tamen
1242 1971 1499 2055 est,nehicquo-

398 2095 459 2156 que
466 2072 663 2156 blasphemia
675 2074 825 2136 adversus
836 2071 1019 2156 religionem
1029 2071 1282 2135 Ohiistianorum
1291 2071 1498 2154 intelligatur.

398 2174 493 2240 Certe
515 2196 586 2258 quae
615 2181 791 2258 sequuntur
813 2173 908 2237 verba
933 2173 967 2237 id
993 2173 1118 2258 penitus
1142 2174 1298 2237 evincunt.
1346 2173 1499 2257 Sequitur

398 2277 480 2339 enim
496 2275 671 2356 ἀναγκάζων
687 2277 781 2338 εἰπεῖν
796 2278 833 2337 τὰ
854 2276 929 2339 ἄθεα
947 2277 1014 2356 περὶ
1033 2277 1124 2355 ἡμῶν.
1172 2276 1274 2339 Porro
1295 2276 1363 2339 haec
1385 2274 1500 2338 mulier

397 2378 431 2441 in
447 2379 520 2442 MS.
538 2378 623 2440 Μαι.
639 2398 677 2440 αα
692 2375 781 2440 Med.
797 2381 925 2456 βιβλιὰς
939 2378 1057 2442 dicitur
1072 2400 1135 2441 non
1146 2381 1260 2457 βίβλις.
1275 2377 1319 2442 sic
1335 2377 1432 2442 etiam
1445 2399 1499 2440 vo-

398 2486 491 2543 catur
510 2478 544 2541 in
560 2478 641 2541 Fuk.
657 2477 791 2541 Rufinus
811 2479 892 2542 hanc
913 2502 983 2542 cum
1000 2480 1157 2543 Blandina
1173 2480 1300 2543 videtur
1319 2479 1499 2542 confudisse

397 2580 486 2665 gravi
505 2603 620 2644 errore.
646 2580 808 2644 Vanrsrus.
854 2582 905 2645 Ex
925 2583 994 2646 cod.
1011 2582 1112 2667 Regio
1131 2585 1260 2661 βίβλιδα
1279 2589 1430 2666 posuerat
1450 2581 1497 2645 ed.

397 2683 499 2768 Stcpl.
517 2705 611 2767 quam
628 2683 755 2768 quidem
770 2683 906 2748 nominis
921 2684 1111 2768 scripturam
1131 2684 1251 2748 habent
1271 2692 1305 2748 et
1325 2682 1499 2768 Gregorius

398 2785 475 2850 Tur.
498 2786 547 2850 De
577 2787 679 2873 pbrio
700 2788 802 2852 Mart.
824 2809 853 2866 c.
875 2808 927 2870 49.
951 2793 985 2852 et
1019 2786 1240 2872 Martyrologi.
1293 2787 1389 2850 Adde
1413 2807 1498 2850 nunc

397 2890 461 2953 eod.
483 2890 579 2973 Ners.
625 2889 688 2953 Sed
713 2890 848 2954 alteram
870 2890 941 2954 lect.
960 2890 1088 2954 firmant
1103 2891 1179 2954 Ma.
1199 2890 1301 2973 steph.
1321 2891 1429 2974 Μανφ.
1450 2889 1498 2953 ed.

401 2990 510 3054 Gccec.
529 2992 686 3076 Ccdccque
699 2992 788 3055 Bodl.
808 3014 863 3055 seu
883 2992 980 3055 Sacil.
1026 2993 1098 3069 Qua
1112 3014 1186 3056 vero
1205 2992 1329 3055 ratione
1349 2991 1499 3056 inductus

397 3091 532 3156 Rufinus
553 3093 621 3157 haec
648 3093 755 3157 omnin
776 3095 818 3157 ad
838 3094 1032 3158 Blacdiuem
1053 3095 1235 3168 detorserit,
1257 3095 1371 3171 nescio,
1389 3095 1449 3158 nisi
1472 3096 1499 3159 si

396 3196 493 3259 hocce
515 3219 630 3260 nomen
652 3198 683 3260 in
707 3197 814 3261 codice
837 3220 894 3261 suo
916 3219 975 3282 pro
990 3195 1135 3261 Bibenda
1156 3197 1310 3280 scriptum
1331 3197 1497 3262 invenerit.

399 3297 476 3362 Vid.
498 3321 596 3384 supra
617 3322 649 3383 p.
668 3317 742 3384 307.
787 3300 905 3364 Omisit
927 3300 1050 3363 interea
1072 3299 1205 3362 Rufinus
1227 3301 1324 3364 verba
1345 3301 1385 3364 de
1407 3300 1499 3385 lapsu

397 3400 492 3483 hujus
510 3401 657 3473 imminue,
675 3423 755 3485 quae,
773 3410 809 3466 ut
829 3402 952 3466 monuit
972 3401 1010 3464 cl.
1028 3402 1213 3466 Olshausen.
1232 3403 1295 3466 Vct.
1310 3404 1500 3467 Monumcut.

397 3525 428 3586 p.
445 3504 497 3586 63.
513 3502 544 3565 in
560 3502 749 3566 Blandinam
765 3504 877 3568 cadere
893 3527 956 3568 non
975 3512 1133 3590 poterant.
1179 3505 1351 3569 Obscuricr
1370 3505 1500 3589 quidem

400 3603 484 3668 ratio
500 3604 687 3668 mutationis
701 3605 835 3682 videtur,
852 3608 907 3670 scd
923 3608 963 3670 de
978 3607 1134 3670 industria
1148 3608 1235 3671 lacta
1249 3617 1307 3671 cst.
1364 3688 1372 3699 ,

443 3706 526 3769 Ibid.
541 3705 561 3769 l.
582 3727 630 3791 13.
647 3710 681 3771 ἕν
703 3710 736 3787 τῇ
760 3709 963 3793 στρεβλώσει]
990 3710 1093 3773 Abest
1115 3712 1151 3795 τῇ
1172 3710 1219 3772 cd.
1241 3709 1342 3794 Stepl.
1365 3709 1500 3774 Suum.

398 3809 502 3873 Addit
518 3809 602 3873 codd.
618 3811 692 3894 lico.
709 3818 741 3875 et
757 3811 864 3874 Pcm's.
885 3831 911 3874 1.
928 3812 1099 3875 Burtonns.

442 3911 525 3974 Ibid.
542 3911 561 3973 l.
585 3914 631 3974 16.
648 3913 770 3976 ἀντεῖπε
792 3920 854 3979 τοῖς
875 3913 1082 3997 βλασφήμοις]
1107 3915 1147 3976 ln
1170 3914 1219 3977 ed.
1242 3914 1281 3975 R.
1304 3913 1415 3997 Steph.
1437 3920 1501 3982 τοῖς

395 4018 604 4090 βασανισταῖς.
640 4013 703 4076 Sed
718 4014 811 4100 longe
823 4014 994 4079 meliorest
1009 4015 1103 4080 lectio
1118 4038 1212 4100 quam
1229 4015 1331 4099 reperi
1346 4015 1378 4077 in
1390 4016 1501 4079 codice

398 4115 483 4178 Μαι.
499 4123 532 4178 ct
552 4116 638 4179 Med.
658 4115 739 4178 Fuk,
759 4126 792 4180 et
809 4119 960 4183 Sournis
979 4117 1184 4198 βλασφήμοις.
1230 4117 1282 4181 Sic
1303 4125 1457 4182 vocantur
1479 4140 1501 4183 a

397 4218 660 4304 Lugdunensibus
686 4221 840 4297 Gentiles,
862 4221 915 4304 qui
938 4221 1154 4285 Christianam
1176 4220 1358 4305 religionem
1381 4219 1501 4283 calum·

396 4321 586 4385 niabantur:
610 4323 657 4385 vol
680 4332 766 4386 certe
788 4322 879 4407 lapsi,
897 4324 950 4407 qni
974 4346 1039 4408 prae
1062 4323 1259 4387 cruciatuum
1279 4322 1431 4385 violentia
1452 4321 1501 4385 in·
1595 4323 1597 4328 ’

396 4422 561 4486 santicidia
578 4429 611 4486 et
631 4423 770 4487 incestus
791 4447 812 4488 a
834 4424 1027 4489 Christianis
1049 4426 1178 4490 admitti
1200 4425 1275 4489 fassi
1297 4431 1399 4487 erant.
1426 4423 1500 4486 Vn·

399 4546 505 4586 cauus.
553 4524 610 4587 Ait
640 4547 765 4609 quoque
791 4527 828 4590 cl.
856 4527 1044 4591 Olshausen.
1065 4529 1132 4611 jam
1158 4528 1326 4603 laudatua3
1351 4525 1502 4589 “Servos

397 4631 416 4660 “
432 4625 579 4709 intelligit
596 4626 764 4703 Eusebius,
778 4631 825 4692 vel
846 4631 943 4695 ctiam
958 4631 1074 4715 lapsos,
1091 4630 1143 4714 qui
1155 4629 1324 4694 tormentis
1340 4628 1502 4712 superatis

396 4733 418 4764 “
432 4726 630 4792 infanticidia
641 4737 739 4813 atque
751 4731 872 4795 incesta
887 4755 907 4796 a
927 4735 1133 4798 conventibus
1154 4732 1412 4797 Christianorum
1427 4752 1501 4815 per·
