3809 5650
464 678 530 741 230
840 674 1193 738 ANNOTATIONES

462 844 725 918 caerimoniae
745 845 907 919 mendose,
922 845 955 906 ni
976 844 1130 908 exciderit
1145 854 1219 928 post
1242 846 1421 906 ἀποστόλων
1436 865 1496 905 νον
1520 870 1567 907 τε-

461 945 582 1022 λευτὴν,
598 945 770 1028 quodcum
786 943 975 1028 Hieronymi
991 945 1094 1008 verbis
1110 945 1301 1008 conveniret.
1338 949 1463 1008 Contra
1475 944 1569 1008 citius

460 1047 607 1122 fortasse,
629 1068 724 1128 quam
745 1046 926 1129 oportebat,
948 1046 972 1109 J
974 1047 1073 1109 coebo
1095 1046 1313 1130 episcopatum
1337 1047 1462 1109 addixit
1484 1047 1567 1108 Pho-

460 1147 537 1224 tius,
553 1146 654 1232 quiin
669 1146 810 1231 Epistola
830 1167 899 1228 1¹7·
916 1147 1036 1223 scribit,
1052 1148 1135 1210 hune
1150 1149 1190 1211 de
1210 1169 1305 1210 manu
1321 1147 1421 1230 ipsius
1437 1147 1565 1209 Domini

462 1248 788 1332 Hiemsolymitanum
812 1249 1017 1332 praesulatum
1040 1249 1215 1332 accepisse;
1241 1249 1324 1332 qnod
1344 1271 1384 1310 ex
1406 1250 1566 1312 veteribus

461 1350 602 1413 nonnulli
627 1370 751 1432 quoque
776 1357 994 1422 narraverant,
1010 1355 1048 1412 ut
1071 1348 1271 1432 Epiphanius
1294 1351 1564 1412 Hccms.nxxv1n.

461 1452 707 1535 Chrysostomus
719 1449 831 1513 Hamil
844 1449 888 1511 xi.
898 1450 932 1511 ia
943 1449 1085 1511 Primam
1099 1450 1144 1512 ad
1156 1451 1290 1513 Corinth.
1302 1473 1370 1534 cap.
1380 1471 1408 1529 7.
1433 1451 1566 1514 Proolus

462 1553 528 1619 ΟΡ.
543 1553 635 1616 initio
651 1552 791 1637 opusculi
806 1553 855 1613 Do
876 1551 997 1614 Tradit.
1021 1553 1098 1613 Die.
1116 1553 1234 1637 Litnrp.
1252 1566 1285 1616 et
1308 1555 1449 1636 Prosper
1464 1553 1566 1636 Aqui-

462 1662 558 1718 tanas
582 1655 615 1717 in
641 1654 788 1718 Cironioo
814 1654 937 1737 Inlopro
963 1675 983 1716 a
1006 1652 1169 1716 Roncallio
1194 1676 1293 1737 nuper
1319 1654 1416 1717 edito.
1461 1655 1565 1717 Immo

461 1756 587 1819 dixerat
602 1756 700 1819 etiam
715 1753 871 1818 Eusebius
887 1753 940 1817 lib.
954 1753 1005 1817 vii.
1023 1754 1108 1817 Hm.
1125 1776 1151 1817 c.
1169 1775 1215 1836 ¹9·
1231 1755 1389 1838 accepisse
1405 1757 1428 1816 J
1430 1756 1563 1818 acobum

459 1857 678 1942 episcopatum
697 1856 739 1919 ab
760 1855 829 1940 ipso
844 1855 1014 1918 Servatore
1034 1862 1068 1917 et
1089 1855 1130 1918 ab
1152 1855 1317 1939 apostolis,
1332 1855 1385 1917 ubi
1412 1856 1504 1940 plura
1524 1856 1564 1918 <le

460 1959 521 2022 hac
535 1981 570 2021 re
584 1980 667 2020 nunc
682 1956 773 2020 video
791 1955 950 2018 Valesium
966 1955 1135 2019 notavisse.

505 2062 678 2134 Caetnrnm,
693 2066 801 2120 utrum
817 2078 858 2119 ex
879 2055 1033 2139 apostolis
1054 2056 1219 2119 duodecim
1238 2058 1343 2132 suerit,
1361 2068 1397 2121 ut
1417 2059 1564 2123 Clemens

461 2161 556 2223 Alex.
571 2167 654 2223 teste
677 2158 826 2234 Eusebio,
842 2158 962 2230 docuit,
978 2178 1086 2232 necne,
1102 2157 1154 2220 hic
1177 2157 1306 2219 Domini
1321 2157 1516 2241 propinquus
1531 2167 1563 2221 ct

463 2258 774 2342 Hierosolymitanus
789 2258 963 2342 episeopus,
979 2279 1103 2341 semper
1117 2257 1177 2321 fuit
1192 2257 1336 2339 quaestio.
1383 2259 1512 2320 Interea
1524 2282 1563 2320 ex

462 2361 495 2424 S.
508 2360 600 2423 Pauli
622 2359 675 2421 illo
695 2358 728 2420 in
747 2359 809 2442 Ep.
833 2358 878 2421 ad
898 2357 968 2421 Gal.
984 2357 1005 2421 i.
1021 2377 1070 2439 19.
1108 2357 1220 2420 Aliam
1242 2368 1339 2421 antem
1363 2359 1562 2441 apostoloram

460 2462 529 2524 viai
549 2460 707 2534 imminent,
729 2458 792 2522 ami
816 2456 963 2521 «locabam
976 2459 1114 2539 fratrom
1137 2459 1274 2535 Domini,
1298 2458 1377 2522 satis
1401 2459 1563 2523 evidenter

461 2560 522 2624 hoo
537 2557 664 2643 probari
679 2567 787 2623 censet
809 2557 1012 2621 doctissimus
1035 2558 1258 2622 Montacutius
1277 2559 1310 2621 in
1332 2559 1413 2649 libro
1429 2559 1563 2643 Anglice

459 2660 589 2744 scripto,
606 2659 751 2723 Ecclesia
771 2661 853 2723 Aeto
874 2668 903 2722 el
920 2660 1120 2723 ainamma
1135 2659 1188 2742 qui
1211 2659 1403 2723 inscribitur.
1418 2683 1487 2745 cap.
1500 2660 1562 2723 viii.

462 2765 520 2847 §.7
524 2780 554 2847 5.
571 2785 602 2848 p.
613 2780 689 2847 549.
727 2761 797 2825 vid.
814 2769 848 2827 et
863 2761 1073 2825 Pearscnium
1093 2761 1183 2823 Lecti
1199 2762 1234 2825 in
1251 2763 1333 2825 Acta
1353 2765 1461 2846 Apoat.
1476 2763 1563 2847 apud

463 2866 520 2950 Op.
533 2866 688 2941 Postume,
704 2864 744 2928 iv.
759 2886 792 2943 4.
809 2887 840 2948 p.
852 2865 905 2948 58.
943 2865 1046 2926 Porro
1061 2864 1159 2927 habet
1174 2864 1407 2927 vetustissimus
1423 2864 1563 2927 omnium

463 2966 581 3051 Papias
591 2966 623 3028 in
635 2963 831 3050 Fragmento
841 2964 1007 3029 Grabiano
1022 2987 1118 3049 supra
1130 2987 1204 3049 pag.
1219 2968 1256 3026 16
1268 2990 1275 3027 :
1287 2965 1400 3028 Maria
1414 2966 1561 3048 Cioopiica

458 3069 522 3132 aim
547 3066 664 3151 Alphei,
689 3088 774 3143 neor,
797 3088 865 3150 qna
881 3067 951 3148 san
976 3075 1073 3129 maior
1095 3063 1204 3128 Jacobi
1227 3064 1407 3148 episcopia
1428 3065 1561 3149 apostoli.

462 3170 573 3252 Neque
595 3168 720 3231 differre
741 3167 901 3231 Jacobum
923 3168 1114 3251 episcopum,
1131 3167 1186 3249 qui
1210 3168 1342 3245 ἄδελφος
1365 3168 1416 3228 τοῦ
1443 3170 1562 3247 Κυρίου,

459 3277 558 3353 atque
587 3269 759 3354 apostolus,
787 3277 824 3333 ut
848 3271 942 3332 modo
968 3267 1129 3341 annotavi,
1154 3290 1174 3330 a
1197 3266 1229 3329 S.
1248 3266 1350 3330 Paulo
1372 3268 1562 3352 appellatur,

459 3373 502 3435 ab
517 3371 663 3455 apostolo
682 3370 705 3433 J
707 3371 807 3434 aoobo
827 3370 957 3454 Alphaei
981 3370 1053 3445 filio,
1071 3368 1224 3452 quidquid
1244 3369 1467 3433 contradicant
1485 3372 1561 3434 Con·

457 3474 622 3537 dilatiorem
643 3473 738 3536 ‹liotae
760 3472 951 3556 Apostoliooe,
968 3470 1147 3554 nuperrime
1178 3470 1325 3553 exposuit
1353 3471 1563 3534 Gerbrandus

460 3573 549 3636 Elias
563 3572 690 3635 Dissort.
708 3571 819 3655 Inaup.
836 3572 870 3633 in
884 3572 987 3654 Epmt.
1001 3571 1105 3633 rado.
1124 3569 1267 3653 Traject.
1285 3569 1356 3632 Bat.
1372 3592 1424 3633 an.
1441 3573 1532 3653 1803.

504 3672 542 3735 P.
558 3676 629 3735 208.
647 3671 666 3735 l.
680 3693 710 3755 9.
726 3675 743 3734 ὁ
758 3671 892 3751 ἀδελφὸς
907 3677 959 3733 τοῦ
975 3671 1099 3755 Κυρίου]
1117 3670 1228 3733 Verba
1243 3671 1360 3733 absunt
1371 3693 1391 3734 a
1402 3672 1465 3733 cod.
1479 3673 1562 3734 Nor·

449 3774 527 3859 solo.
543 3772 668 3837 caeteris
684 3770 930 3855 refragantibus.
976 3771 1087 3834 Habet
1102 3778 1154 3834 τοῦ
1174 3777 1304 3849 Χριστοῦ
1322 3772 1466 3855 Goorpins
1483 3777 1562 3856 Spa·

458 3876 513 3940 cd.
530 3897 588 3959 pro
602 3880 654 3937 τοῦ
670 3874 780 3953 Κυρίου
793 3880 869 3936 aute
884 3874 1011 3954 χρόνων.

505 3975 586 4038 Ibid.
602 3973 623 4037 l.
637 3994 684 4037 10.
701 3976 717 4035 ὁ
733 3974 911 4050 όνομασθεὶς
928 3973 986 4036 ὑπὸ
1001 3973 1122 4035 πάντων
1137 3973 1259 4055 δίκαιον]
1287 3974 1367 4036 Post
1382 3971 1450 4035 haeo
1465 3974 1562 4037 verba

459 4078 493 4141 iu
514 4076 622 4140 oodioe
645 4074 813 4138 Mazarino
834 4098 872 4138 ao
896 4075 924 4137 F
926 4076 978 4137 uk.
1002 4073 1151 4158 apposita
1171 4083 1220 4137 est
1239 4074 1412 4138 distinctio.
1459 4075 1561 4154 Quam

458 4180 587 4263 quidem
609 4177 897 4261 interpunctionem
920 4183 1048 4240 secutus
1067 4176 1193 4239 videtur
1216 4175 1358 4239 Ilulinus.
1406 4177 1457 4240 Sic
1478 4177 1561 4240 enim

457 4280 572 4343 vertit:
588 4280 730 4364 Suscepit
742 4278 909 4342 Ecclesiam
922 4300 990 4341 cnm
1002 4278 1153 4361 Apostolis
1159 4279 1267 4359 frater
1276 4278 1406 4340 Domini
1416 4276 1559 4354 Jaooias,

454 4380 510 4464 qni
524 4377 562 4442 ab
582 4378 716 4441 omnibus
735 4380 956 4462 oopnominatas
970 4387 1011 4440 ost
1026 4378 1137 4460 ρ’ννννο,
1157 4375 1196 4439 ab
1218 4376 1292 4460 ν’ροίν
1311 4378 1439 4441 Domini
1453 4388 1561 4462 tempo

456 4479 540 4543 iiim
560 4480 737 4561 perdurans
767 4467 856 4563 sieque
880 4478 925 4541 ad
949 4499 1009 4540 ms.
1056 4476 1177 4539 Verum
1203 4477 1235 4538 in
1263 4477 1369 4540 codiee
1396 4478 1496 4561 Regio
1523 4501 1561 4541 ac

460 4581 547 4644 Med.
563 4587 597 4642 et
617 4579 701 4663 apud
724 4579 941 4662 Nicephorum
961 4578 1046 4641 nulla
1061 4585 1110 4640 est
1134 4578 1296 4661 adscripta
1311 4579 1472 4643 distinctio
1487 4588 1561 4662 post

458 4703 566 4747 vocem
589 4682 717 4753 aliana
739 4681 795 4743 sed
817 4686 906 4744 totus
928 4679 1016 4742 loeus
1039 4699 1102 4741 uno
1127 4678 1242 4762 spiritu
1268 4679 1474 4744 continuatur
1499 4679 1560 4742 hoo
