3809 5650
441 661 506 724 οοο
762 663 1214 744 nstramusncnm.

443 820 524 905 roric
549 823 670 924 ἁγίους
695 823 852 918 ἔβλεπον
878 823 1104 928 πάσχοντας,
1125 833 1197 906 τῶν
1225 835 1458 928 στρατιωτῶν
1485 830 1544 905 ἐπὶ

441 965 547 1035 τοῦτο
574 957 841 1060 παρορμώντων
869 956 1006 1055 αὐτοὺς,
1031 958 1304 1065 κατεψεύσαντο
1332 962 1433 1060 ἡμῶν
1461 965 1539 1039 θυ-

442 1093 562 1170 ἐστεια
586 1096 720 1189 δεῖπνα,
747 1097 805 1171 καὶ
836 1096 1081 1177 Οἱδιποδείους
1106 1096 1230 1201 μίξεις,
1259 1099 1318 1175 καὶ
1351 1097 1424 1175 ὅσα
1453 1095 1544 1195 μήτε

442 1234 569 1305 λαλεῖν
586 1227 674 1326 μήτε
693 1236 783 1307 νοεῖν
802 1228 901 1328 θέμις
926 1232 1021 1327 ἡμῖν,
1040 1228 1140 1307 ἀλλὰ
1161 1229 1250 1329 μηδὲ
1271 1230 1453 1310 πιστεύειν
1479 1231 1544 1310 ε’ίτι

441 1370 580 1440 τοιοῦτο
611 1361 757 1442 πώποτε
784 1362 884 1465 παρὰ
914 1364 1114 1465 ἀνθρώποις
1143 1366 1293 1466 ἐγένετο.
1336 1366 1473 1444 τούτων
1505 1364 1571 1453 δέ5

443 1494 698 1600 φημισθέντων
729 1494 859 1580 πάντες
892 1497 1193 1599 ἀπεθηριώθησαν
1222 1500 1405 1605 diffinias·
1447 1500 1543 1579 ὥστε

442 1633 501 1708 καὶ
524 1631 556 1709 εί
570 1666 660 1715 τινες
686 1631 727 1711 τὸ
751 1631 925 1735 πρότερον
950 1635 992 1710 δι’
1014 1633 1209 1733 οἰκειότητα
1233 1635 1444 1738 ἐμετρίαζον,
1462 1633 1544 1715 τότε

442 1764 610 1867 μεγάλως
628 1766 864 1869 ἐχαλέπαινον
883 1771 941 1846 καὶ
960 1771 1158 1870 διεπρίοντο
1184 1772 1261 1847 καθ’
1282 1772 1394 1869 ἡμῶν.
1426 1772 1539 1869 ἐπλη-

441 1909 549 2003 ροῦτο
577 1904 635 1981 καὶ
663 1900 705 1981 τὸ
734 1902 802 1983 ὑπὸ
835 1913 898 1982 τοῦ
933 1905 1068 2005 Κυρίου
1107 1904 1207 2002 ἡμῶν
1239 1902 1431 2005 εἰρημένον.
1479 1903 1544 1982 ‘dri

442 2035 627 2115 ἐλεύσεται
654 2035 775 2138 καιρὸς
802 2040 840 2115 ἐν
868 2034 897 2143 ᾧ
923 2045 995 2120 πᾶς
1028 2039 1048 2115 ὃ
1082 2038 1290 2119 ἀποκτείνας
1325 2040 1424 2136 ὑμᾶς,
1447 2035 1544 2144 δόξει
1557 2077 1593 2116 ιο

444 2171 614 2271 λατρείαν
631 2171 851 2274 προσφέρειν
869 2178 921 2276 τῷ
941 2177 1037 2276 Θεῷ.

500 2301 539 2381 ε’.
571 2305 750 2382 Ἐνταῦθα
770 2304 899 2384 λοιπὸν
918 2302 1080 2407 ὑπεράνω
1100 2303 1223 2404 πάσης
1242 2305 1447 2411 ἐξηγήσεως
1465 2308 1546 2386 ὑπέ-

443 2470 550 2535 μενον
568 2434 737 2522 κολάσεις
762 2443 795 2517 οἱ
821 2436 914 2540 ἅγιοι
939 2438 1127 2540 μάρτυρες·
1159 2438 1458 2544 φιλοτιμουμένου
1480 2449 1545 2519 τοῦ

445 2577 590 2650 Σατανᾶ
619 2576 677 2651 καὶ
708 2575 750 2652 δι’
771 2575 910 2653 ἐκείνων
941 2575 1095 2676 ῥηθῆναί
1122 2607 1156 2650 τι
1188 2579 1260 2652 τῶν
1292 2572 1540 2678 βλασφήμων.

442 2708 791 2810 Ὑπερβεβλημεῖιως
809 2708 847 2786 δέ
864 2709 1066 2813 ἐνέσκηψεν
1085 2709 1107 2807 ἡ
1126 2706 1217 2809 ὀργὴ
1231 2715 1336 2787 πᾶσα
1354 2712 1412 2786 καὶ
1432 2708 1544 2812 ὄχλου
1557 2744 1568 2783 ι
1574 2743 1590 2802 5

443 2847 501 2921 καὶ
521 2843 695 2944 ἡγεμόνος
712 2846 770 2923 καὶ
789 2850 1031 2946 στρατιωτῶν,
1044 2850 1091 2926 είς
1111 2840 1276 2943 Σάγκτου
1290 2841 1452 2922 διάκονον
1471 2840 1543 2922 ἀπὸ

444 2976 602 3077 Βιέννης.
634 2982 691 3057 καὶ
711 2986 759 3062 είς
774 2976 969 3081 Μάτουρον
988 2978 1231 3085 νεοφώτιστον
1248 2977 1324 3077 μὲν,
1341 2978 1442 3056 ἀλλὰ
1463 3013 1541 3081 γεν-

444 3268 475 3313 ta
506 3256 728 3313 reformidarent
760 3275 824 3331 quae
853 3266 968 3312 sanctos
1018 3253 1095 3330 quod
1117 3276 1134 3312 a
1151 3255 1278 3312 Domino
1300 3255 1472 3333 praedictum
1494 3254 1540 3311 fu-

445 3336 558 3413 perpeti
586 3336 733 3399 videbant,
762 3333 904 3392 militibus
931 3334 967 3391 ad
1018 3346 1080 3392 erat
1103 3335 1148 3391 his
1167 3335 1277 3392 verbis:
1305 3336 1401 3393 Veniet
1424 3344 1541 3412 tempus,

445 3414 499 3471 hoc
513 3415 608 3491 ipsum
619 3433 668 3470 eos
679 3413 876 3478 incitantibus,
886 3413 967 3489 Thy·
1018 3433 1079 3470 cum
1096 3418 1254 3493 quicunque
1268 3435 1316 3473 υος
1328 3415 1470 3480 occiderit,
1483 3416 1542 3473 οιιί·
1555 3440 1592 3479 20

444 3503 538 3550 eateas
551 3492 688 3568 quasdam
703 3511 788 3549 cenas
798 3502 829 3548 et
842 3492 968 3550 incestos
1019 3500 1076 3548 tum
1090 3492 1194 3571 offerre
1204 3494 1347 3552 videditur
1362 3496 1433 3553 Deo.

446 3571 548 3650 OEdipi
571 3570 753 3636 concubitus,
773 3581 803 3627 et
825 3570 881 3628 alia
902 3592 967 3647 quae
1060 3590 1088 3645 5.
1112 3572 1229 3629 Exinde
1260 3575 1433 3633 sanctissimi
1467 3594 1542 3631 mar-

445 3671 498 3712 nec
513 3650 645 3730 proloqui
666 3649 750 3707 nobis
769 3670 822 3707 nec
841 3650 968 3727 cogitare
1019 3660 1098 3728 tyres
1123 3651 1264 3726 ejusmodi
1287 3662 1432 3712 tormenta
1455 3655 1543 3712 susti.

445 3729 490 3792 fas
513 3742 567 3799 est,
590 3751 623 3788 ac
646 3750 682 3787 ne
706 3728 822 3787 credere
850 3729 967 3806 quidem
1019 3742 1156 3796 nuerunt‚
1175 3749 1239 3805 quae
1261 3729 1341 3787 nulla
1361 3751 1488 3807 unquam
1511 3756 1542 3791 ο-

445 3814 623 3874 sustinemus
646 3808 724 3889 apud
753 3809 885 3868 homiues
912 3829 967 3867 un·
1019 3810 1131 3868 ratione
1154 3809 1276 3886 exprimi
1299 3810 1427 3886 possint:
1458 3812 1590 3899 Sata-25

445 3914 531 3974 quam
546 3902 627 3970 gesta
645 3889 745 3959 fuisse,
761 3889 898 3948 adversus
916 3911 969 3948 nos
1020 3910 1057 3947 na
1070 3890 1221 3948 ambitiose
1238 3888 1432 3948 contendente
1453 3904 1487 3950 ut
1508 3897 1545 3954 ab

438 3974 578 4035 ementiti
607 3982 684 4030 sunt.
727 3971 785 4027 His
809 3970 838 4027 in
865 3970 970 4047 vulgus
1020 3969 1078 4028 illis
1097 3989 1212 4047 quoque
1233 3968 1342 4046 aliquid
1357 3970 1446 4048 impie
1466 3972 1544 4033 dice·

446 4054 560 4134 sparsis,
583 4072 683 4109 omnes
704 4051 844 4110 continuo
865 4051 894 4107 in
917 4072 970 4108 nos
1020 4061 1110 4110 retur.
1157 4050 1308 4128 Praecipue
1336 4060 1434 4108 tamen
1463 4054 1543 4131 vulgi

446 4135 517 4194 adeo
531 4133 642 4191 efferati
657 4141 736 4197 suut,
748 4141 783 4188 ut
797 4131 821 4188 si
832 4131 881 4207 qui
893 4131 970 4189 forte
1020 4151 1053 4188 ac
1082 4129 1218 4188 Praesidis
1245 4145 1275 4190 et
1303 4130 1429 4188 militum
1463 4133 1545 4191 furor

445 4213 626 4292 cognationis
639 4232 724 4269 causa
742 4209 882 4269 moderati
902 4231 970 4287 erga
1021 4210 1174 4270 universus
1194 4211 1327 4270 incubuit
1352 4212 1381 4267 in
1406 4213 1542 4271 Sanctum
1553 4241 1593 4297 30

446 4315 499 4351 uos
526 4295 666 4350 hactenus
687 4291 876 4359 exstitissent,
898 4301 970 4349 tuuc
1022 4289 1184 4348 Diaconum
1219 4293 1423 4361 Viennensem,
1452 4303 1482 4352 et
1513 4294 1544 4350 in

446 4373 628 4432 acerbissima
658 4370 857 4447 indignatione
891 4391 969 4428 com·
1023 4370 1171 4428 Maturum
1209 4372 1387 4450 neophytum
1426 4371 1543 4449 quidem

447 4452 517 4508 moti
540 4450 677 4509 adversus
697 4460 811 4508 nostros
832 4450 967 4508 infreme·
1020 4448 1115 4515 illum,
1143 4449 1193 4508 sed
1218 4451 1469 4528 generosissimum
1498 4451 1543 4508 ni·

446 4543 521 4588 rent.
577 4529 786 4607 Complcbatur
813 4531 911 4607 itaque
940 4530 970 4588 id
1021 4528 1178 4588 hilomimrs
1206 4531 1336 4609 pugilem
1360 4531 1484 4589 Christi:
1512 4529 1541 4586 in

904 4724 989 4771 ῐθοιιιι.
1003 4725 1051 4770 xvi.
1064 4740 1086 4772 ι.
