3809 5650
577 698 627 761 IN
651 696 898 761 HEGESlPPl
924 697 1233 763 FRAGMENTA.
1391 698 1458 765 268

360 865 565 940 Gensvensis,
587 867 778 950 scripturam
801 874 909 930 tamon
939 867 1059 932 rodim
1076 869 1167 954 Reyis‘
1187 879 1261 954 post
1282 869 1459 934 Strothinm

359 964 434 1027 olim
448 966 571 1029 admisi.
610 967 654 1030 cl.
675 989 800 1051 quoqne
817 968 961 1031 Burtono
974 969 1074 1032 visum
1088 978 1138 1033 est
1153 971 1240 1034 istud
1252 973 1294 1034 ὧν
1308 970 1458 1056 recipere,

358 1067 415 1130 sed
427 1067 592 1130 verbotuo
606 1074 665 1131 τῶν
681 1071 756 1131 ἑπτὰ
770 1069 916 1149 αἱρέσεων
927 1069 1119 1154 oonjnngere
1131 1092 1202 1134 oum
1214 1070 1310 1155 paulo
1324 1082 1398 1156 post
1412 1094 1460 1137 se·

359 1169 530 1250 quentibus
545 1171 1034 1250 ἔκαστομ--παρεισήγαγεσ
1060 1171 1318 1236 Zimmermanno
1333 1175 1461 1258 quidem

361 1269 535 1332 Eusebium
557 1270 663 1333 edenti
687 1271 730 1333 ὢν
752 1271 883 1355 placuit,
904 1272 1100 1355 eandemque
1121 1273 1269 1356 probavit
1290 1274 1460 1341 leotionem

359 1369 398 1433 cl.
431 1369 618 1433 Heiniohen.
666 1370 757 1433 Nunc
772 1394 831 1454 ego
847 1370 1061 1455 Nicephorum
1076 1381 1204 1436 seautus
1218 1375 1309 1438 omisi
1330 1376 1372 1440 ὢν
1386 1386 1460 1460 post

359 1467 515 1548 αἱρέσεων,
532 1468 579 1531 ita
594 1490 717 1553 quoqne
733 1479 875 1533 vertente
892 1471 990 1533 veteri
1004 1471 1180 1555 interprete
1195 1472 1319 1547 Rufino,
1330 1475 1384 1558 qai
1394 1483 1461 1538 orat

364 1568 841 1655 wsmoemlurosibnsiapopulo
850 1572 1024 1634 maltum.
1051 1573 1098 1635 At
1109 1574 1290 1657 nuperrime
1301 1574 1339 1638 ol.
1350 1575 1460 1639 Selml-

359 1671 458 1736 thess
475 1671 579 1733 locum
598 1670 643 1733 sio
663 1671 804 1742 refinxit,
821 1672 880 1734 ἀπὸ
900 1677 960 1734 τῶν
974 1673 1121 1752 αἱρέσεων
1135 1674 1178 1737 ὢν
1199 1677 1247 1737 καὶ
1261 1676 1350 1742 atros
1369 1678 1403 1740 ἐν
1417 1681 1459 1761 τῷ

359 1774 434 1857 λαῷ,
453 1770 505 1852 ἀφ’
521 1768 566 1847 οὔ,
578 1779 733 1855 tanquam
748 1772 775 1834 si
791 1772 993 1856 Hegesippus
1003 1772 1097 1849 viros,
1108 1773 1162 1858 qui
1177 1785 1363 1858 sequuntur,
1377 1777 1459 1840 The-

359 1873 459 1938 buthe
482 1872 674 1957 posteriores
696 1873 835 1948 fecisset,
857 1871 987 1956 Synaos
1012 1895 1042 1957 p.
1063 1891 1114 1955 74.
1170 1874 1312 1950 Praeivit,
1336 1886 1374 1940 ut
1398 1877 1459 1941 hoe

358 1974 494 2058 denique
509 1983 628 2049 notem,
646 1974 830 2058 Hegesippo
845 1972 877 2035 in
891 1973 956 2045 illo,
972 1979 1031 2036 τῶν
1045 1974 1193 2055 αἱρέσεων
1206 1980 1267 2039 τῶν
1282 1979 1316 2040 ἐν
1330 1980 1371 2062 τῷ
1382 1978 1460 2061 λαῷ,

359 2075 393 2139 S.
415 2075 533 2138 Petrus
552 2074 586 2136 in
605 2075 749 2158 Epistola
768 2075 941 2160 posteriore,
958 2075 1099 2155 ἐγένοντο
1114 2078 1147 2138 δὲ
1161 2081 1411 2159 ψευδοπροφῆται
1425 2079 1461 2142 ἓν

359 2178 478 2262 veihnai
494 2175 643 2239 scribens.

404 2278 442 2340 P.
455 2281 529 2340 216.
548 2278 569 2339 l.
583 2297 610 2341 ι.
633 2279 662 2340 ol
677 2277 871 2363 Σιροσισνοί]
896 2276 998 2341 Deest
1017 2277 1171 2340 artioulns
1190 2281 1219 2341 ol
1237 2277 1271 2340 in
1289 2277 1338 2341 od.
1353 2278 1460 2363 Stqu.

360 2378 498 2443 samm.
538 2378 633 2440 Adde
647 2378 720 2441 MS.
736 2377 875 2461 Norsole.
891 2387 925 2442 et
939 2399 1023 2441 nune
1039 2378 1198 2442 referente
1212 2378 1359 2444 Burtono
1372 2380 1459 2445 codd.

358 2482 432 2566 1209.
447 2489 481 2543 ot
496 2479 604 2542 Puris.

405 2580 486 2644 Ibid.
521 2582 680 2659 Κλεόβιος,
710 2581 782 2643 ὅθεν
811 2577 1010 2663 Κλεοβιηνοί]
1043 2578 1194 2644 Cleobius
1228 2579 1349 2645 Simoni
1382 2602 1457 2665 syn·

359 2682 496 2744 ohronus
528 2681 598 2765 ipso
636 2680 764 2765 Ignatio
798 2681 947 2763 Martyre
980 2680 1144 2763 antiquior
1176 2681 1248 2745 fuit.
1312 2681 1459 2745 Eundem

358 2781 454 2845 luisse
475 2802 547 2845 oum
569 2780 720 2847 Cleobule
742 2781 837 2844 docet
859 2779 1057 2863 Epiphanius
1079 2779 1190 2843 heresi
1212 2779 1244 2843 li.
1265 2788 1302 2844 ut
1323 2780 1459 2845 eundem

360 2881 557 2945 Haereticnm
568 2882 621 2946 alii
633 2882 829 2945 Saturnilum
838 2881 891 2944 alii
903 2881 1110 2944 Saturninum
1119 2881 1286 2945 vooabant.
1301 2881 1459 2944 Βιροικσ.

359 3004 399 3045 ex
421 2983 585 3046 Pearsonii
608 2984 728 3046 Vindio.
744 2984 848 3067 [aaut.
864 2983 969 3066 Epsst
990 2982 1030 3044 P.
1045 2980 1077 3045 ii.
1092 3004 1119 3044 e.
1134 2981 1167 3044 ii.
1183 3003 1257 3065 pag.
1273 2999 1322 3061 17.
1360 2979 1460 3046 Ὅθεν

361 3083 408 3145 καὶ
424 3084 611 3161 Κλεοβιηνοὶ
626 3082 672 3146 ed.
687 3082 788 3167 steph.
835 3081 945 3145 laertio
962 3088 1091 3165 recepta
1111 3082 1296 3160 Κλεοβιονοὶ
1315 3088 1407 3145 extat
1426 3080 1460 3144 in

359 3184 488 3267 Nicepl.
500 3184 631 3245 Srnorn.
663 3184 845 3260 Κλεοβιηυοὶ
855 3184 931 3246 MS.
944 3203 1071 3266 qnoque
1084 3181 1184 3245 Saoil.
1199 3203 1255 3245 seu
1268 3181 1360 3244 Bodl.
1373 3181 1459 3265 quod

360 3284 434 3346 olim
449 3305 508 3369 ego
522 3284 675 3347 rsvooavi.
720 3283 852 3346 Habent
867 3283 953 3347 istud
971 3282 1158 3345 Heiniohen.
1175 3291 1209 3345 et
1225 3282 1398 3359 Burtonns,
1413 3281 1459 3345 fa·

359 3385 506 3447 ventibus
526 3384 653 3468 quidem
672 3384 792 3448 Graeois
815 3383 955 3459 MSStis,
982 3385 1039 3446 sed
1057 3389 1233 3467 praestsnte
1254 3382 1372 3445 Rufino
1394 3390 1459 3447 vet.

359 3485 534 3569 interprete
546 3484 713 3549 Cloeliam.
750 3484 859 3547 Alium
870 3506 996 3568 quoque
1011 3483 1181 3547 Cleobulum
1191 3483 1343 3547 Arohelsi
1353 3505 1460 3567 aeqna·

360 3586 422 3649 lem
436 3592 592 3649 memorat
606 3606 646 3647 ex
661 3584 811 3647 Arohelai
826 3593 861 3648 et
878 3584 1019 3648 Manetis
1030 3583 1245 3668 Disputationes
1260 3584 1462 3669 Epiphanius

360 3686 477 3750 Hoeres.
493 3685 566 3748 lxvi.
582 3707 607 3749 e.
631 3706 676 3748 ιο.
695 3685 796 3747 sanuel
812 3685 939 3748 Gruter-i
952 3688 1048 3749 Leon.
1063 3686 1105 3747 nd
1121 3706 1210 3747 oram
1225 3686 1275 3748 ed.
1292 3685 1414 3749 Gener.

405 3786 485 3850 lbid.
498 3787 518 3849 l.
532 3805 561 3849 ο.
574 3787 622 3848 καὶ
637 3786 794 3858 Δοσίθεος,
810 3787 881 3848 ὅθεν
892 3785 1081 3868 Δοσιθιανοὶ]
1095 3785 1179 3849 Sunt
1192 3793 1301 3848 tamen
1317 3784 1371 3868 qui
1386 3785 1462 3849 suri·

360 3888 440 3951 bant
448 3888 531 3951 hune
541 3888 730 3951 Dositheum
738 3887 838 3949 multo
849 3886 1060 3969 antiquiorem
1071 3884 1178 3948 luisse.
1199 3883 1295 3948 Oerts
1305 3885 1331 3947 si
1341 3885 1462 3949 Drusis

360 3990 518 4052 oredimus
539 3989 573 4051 in
596 3987 800 4072 responsione
821 3988 863 4049 ad
889 3987 1049 4049 Minervsl
1072 3984 1190 4048 Serarii
1215 4006 1286 4068 sap.
1308 4002 1357 4047 10.
1380 3986 1461 4050 vixit

360 4091 411 4154 hio
430 4089 604 4153 Dositheus
623 4089 707 4152 eirea
728 4099 873 4169 tempora
893 4086 1120 4149 Sennacheribi
1141 4086 1225 4169 regis
1245 4086 1460 4169 Assyriorum.

362 4190 576 4274 Hieronymus
595 4190 626 4252 in
643 4188 768 4270 dialogo
790 4187 942 4250 adversus
958 4186 1186 4250 Luoiserianos.
1236 4186 1329 4249 Taceo
1347 4186 1385 4249 ds
1401 4188 1460 4250 Ju-

360 4291 474 4353 da'ismi
497 4291 654 4364 laminis,
679 4289 733 4373 qui
757 4298 828 4351 msto
852 4288 1014 4350 adventum
1041 4287 1167 4365 olent,
1192 4287 1282 4372 lenem
1310 4286 1462 4350 traditam

359 4391 571 4474 dissiparunt.-
594 4391 675 4474 qaod
690 4389 847 4452 Dositleus
864 4388 1130 4451 Sarnamtanomm
1142 4387 1289 4471 prinecps
1298 4387 1463 4471 prophetes

359 4493 554 4576 repediavit.-
577 4492 658 4575 qnod
671 4492 836 4554 Sadduaoei
854 4514 890 4554 aa
908 4491 995 4555 illins
1013 4492 1119 4555 iudice
1136 4500 1297 4566 nascentes,
1311 4491 1404 4554 otiam
1417 4511 1463 4555 re

358 4593 570 4656 erraneum
593 4592 696 4655 camis
720 4601 913 4676 amaverant.
958 4592 1101 4676 Sosliger
1124 4600 1234 4654 tamen
1258 4590 1293 4653 in
1319 4590 1462 4656 Elenoho

360 4691 527 4759 trdraeresii
542 4713 612 4777 sap.
628 4712 641 4755 ι
645 4708 677 4776 5.
721 4690 912 4756 Dosithenm
930 4690 1059 4757 (lhaisto
1075 4688 1286 4756 reosntiorsm
1300 4710 1371 4755 ssse
1387 4711 1462 4756 eon·
