3809 5650
678 684 727 748 IN
750 684 909 748 PAPIAE
933 685 1231 751 FRAGMENTA.
1461 690 1503 754 27

402 854 627 924 memoratum,
645 849 716 913 du'ae
731 848 802 912 istae
816 851 918 931 ῥήσεις
933 850 1037 914 verbis
1052 851 1208 914 nonnullis
1222 851 1345 915 omissis
1360 852 1393 915 iu
1407 874 1504 917 unam

403 948 588 1025 maluerint,
600 950 685 1033 quod
700 950 827 1034 quidem
841 951 962 1015 santum
977 958 1062 1015 esset
1070 973 1111 1015 ex
1121 951 1312 1035 repetitione
1320 974 1442 1028 vocum,
1454 955 1503 1018 ἐπὶ

403 1054 551 1113 τοσοῦτον
571 1049 626 1127 τὴν
648 1049 754 1130 σάρκα,
777 1053 856 1114 ὥστε
881 1051 937 1115 he.
983 1051 1112 1116 Etenim
1135 1075 1206 1137 quae
1229 1053 1373 1117 existunt
1394 1074 1504 1117 narra·

403 1150 507 1214 tiones
522 1173 624 1235 neque
635 1150 719 1215 inter
727 1174 761 1215 se
776 1174 915 1236 unquam
929 1153 1077 1236 primitus
1088 1154 1216 1217 luerunt
1227 1176 1389 1230 connexae,
1400 1175 1503 1238 neque

403 1252 446 1316 ab
458 1250 657 1336 Apollinario
672 1253 774 1316 ambae
788 1253 939 1337 profectae
950 1260 1045 1328 sunt3
1065 1253 1125 1317 hoe
1139 1255 1288 1338 prohibet
1300 1277 1363 1317 non
1374 1261 1503 1319 tantum
1637 1250 1640 1257 ’

404 1354 577 1417 eorundem
605 1354 774 1418 verborum
803 1353 945 1432 iteratio,
973 1377 1029 1419 seu
1058 1377 1147 1419 mera
1173 1359 1364 1437 ταυτολογία,
1394 1377 1502 1419 verum

403 1454 502 1519 etiam
516 1454 658 1540 ipsorum
678 1457 895 1537 ἑναυτιολογία,
917 1456 1183 1541 quandoquidem,
1200 1456 1225 1519 si
1243 1478 1315 1520 eum
1335 1456 1504 1541 posteriori

403 1554 489 1636 ῥήσει
502 1555 613 1633 sanias,
626 1556 792 1619 deseratur
806 1556 884 1620 illud
893 1557 932 1620 de
947 1559 971 1620 J
973 1559 1037 1622 uda
1050 1579 1108 1642 per
1119 1557 1296 1621 vehiculum
1309 1558 1352 1621 ad
1367 1565 1503 1621 mortem

404 1677 513 1740 presso
534 1657 600 1721 sere
622 1679 748 1722 neeesse
769 1664 829 1722 est.
873 1657 1005 1722 Reetius
1026 1681 1102 1744 ergo
1117 1680 1213 1742 quam
1234 1658 1276 1722 ab
1298 1658 1369 1722 aliis
1390 1666 1503 1743 postea

403 1758 525 1823 laetum
545 1765 607 1835 est,
621 1759 809 1823 absurdiora
830 1757 895 1823 ista
915 1760 958 1823 ab
981 1759 1144 1823 Halloixio
1164 1758 1348 1844 Grabioque
1370 1781 1440 1822 oum
1463 1759 1503 1823 si·

403 1858 502 1924 lentio
524 1860 712 1927 transmissa
731 1868 816 1933 sunt,
839 1860 980 1945 alioquin
1000 1860 1111 1945 Papiae
1134 1866 1249 1925 nomen
1272 1867 1370 1946 atque
1391 1860 1500 1924 existi·

404 1960 578 2026 mationem
591 1963 733 2048 graviter
745 1984 902 2047 pressura.
982 1967 983 1970 ’
1237 1966 1240 1974 ’

448 2064 505 2126 Ad
524 2062 593 2128 haee
610 2063 681 2150 jam
695 2063 770 2126 olim
789 2085 923 2148 magnus
943 2063 995 2127 ille
1010 2063 1217 2129 Oasaubonus
1236 2086 1257 2127 a
1273 2063 1376 2149 Papia
1390 2064 1502 2128 eadem

401 2162 597 2247 abjudicavit
609 2190 619 2238 ς
644 2164 692 2229 ita
702 2164 787 2229 enim
802 2165 834 2228 in
848 2165 985 2230 Euareia
998 2187 1064 2227 xvr.
1079 2164 1151 2228 ado.
1163 2166 1345 2243 Barbatum,
1361 2171 1438 2228 seet.
1449 2167 1502 2248 69.

403 2265 524 2341 seribit,
541 2274 563 2305 “
579 2267 672 2348 Quod
686 2274 780 2332 voeat
795 2267 951 2332 Batonius
965 2268 999 2331 in
1013 2266 1173 2345 dubium?
1182 2268 1240 2347 (so.
1251 2267 1293 2330 ad
1306 2267 1369 2330 An.
1382 2265 1502 2332 (lhristi

403 2388 456 2453 34„
472 2391 503 2452 p.
520 2372 589 2453 196.
605 2369 654 2434 ed.
671 2369 850 2453 Antwerp.)
869 2376 891 2407 ‘⁴
901 2375 944 2434 an
962 2368 1026 2433 sint
1040 2368 1108 2432 haee
1128 2390 1149 2432 a
1170 2368 1272 2453 Papia
1286 2367 1502 2433 vetustissimo

406 2467 753 2555 t‘seriptoreproseeta,
764 2471 863 2534 facilis
874 2470 1039 2556 responsio
1046 2478 1110 2546 est;
1126 2469 1214 2555 prior
1223 2470 1365 2534 narratio
1373 2470 1501 2548 fabulae,

403 2577 424 2608 ‘⁶
440 2577 476 2634 ut
490 2578 604 2635 auetor
617 2577 667 2637 est
685 2572 906 2650 OEoumenius,
923 2573 1057 2657 Papiam
1073 2579 1236 2636 auctorem
1255 2572 1377 2650 habuit,
1394 2576 1499 2657 postess

403 2677 424 2710 “
439 2671 505 2736 rior
520 2672 589 2756 pari
602 2672 730 2738 lieentia
745 2681 856 2758 postea
875 2682 925 2738 est
940 2671 1151 2759 excogitata.''
1188 2673 1270 2738 Haeo
1285 2674 1500 2739 Oasaubonus.

403 2773 590 2839 Gallaudius
611 2796 685 2840 vero
707 2774 945 2861 Prolegomenis
966 2776 999 2840 in
1022 2775 1166 2840 Bibliotl.
1182 2776 1257 2840 PP.
1274 2797 1384 2861 eapx.
1405 2799 1435 2861 p.
1446 2780 1499 2859 67.

403 2875 490 2940 nulla
504 2876 591 2941 laeta
609 2876 787 2941 istiusmodi
802 2879 1004 2942 distinetione
1021 2900 1092 2942 eum
1116 2877 1317 2942 Tillemontio
1334 2877 1383 2941 ait
1397 2900 1431 2941 se
1446 2878 1504 2941 du·

402 2975 517 3056 bitere,
539 3001 582 3042 au
605 3001 745 3064 unquam
767 2979 821 3044 illa
848 2981 888 3043 de
908 2979 1005 3043 Judae
1027 2984 1131 3043 morte
1153 2977 1416 3061 Hierapolitunus
1438 2978 1504 3063 epi-

403 3099 517 3162 seopus
534 3079 635 3143 literis
654 3080 858 3164 consignarit.
904 3078 988 3142 Mihi
1002 3079 1138 3163 quidem,
1154 3080 1196 3143 ad
1217 3081 1396 3160 γνησιότησσ
1416 3080 1501 3163 quod

402 3179 522 3243 attinet
541 3179 734 3244 narrationis
756 3179 880 3265 prioris,
901 3181 1052 3244 standum
1073 3179 1199 3243 videtur
1221 3179 1283 3242 fide
1306 3178 1501 3263 Apollinaris

403 3300 501 3364 supra
522 3278 630 3355 allati3
655 3301 730 3345 nam
750 3303 848 3366 usque
869 3281 913 3345 ad
935 3281 1003 3367 ejus
1018 3287 1051 3345 et
1074 3279 1263 3364 Hieronymi
1278 3301 1400 3365 quoque
1419 3287 1501 3343 tem·

403 3398 483 3465 pora
503 3381 590 3466 ipsos
612 3381 803 3467 superfuisse
821 3383 920 3447 libros
935 3382 1058 3467 Papiae,
1072 3404 1169 3467 supra
1190 3382 1232 3445 ed
1253 3380 1441 3465 Hieronymi
1461 3382 1501 3445 de

403 3481 508 3567 Papia
521 3484 738 3549 narrationem
752 3483 888 3548 ostendi.
925 3484 1085 3549 (laeterum
1101 3490 1296 3549 memoratur
1311 3483 1449 3567 quidem,
1465 3488 1504 3547 ut

402 3582 463 3648 hoe
485 3583 555 3650 loeo
576 3584 609 3648 id
630 3593 750 3662 notem,
771 3584 804 3648 in
825 3584 970 3669 Ceteloyo
991 3583 1183 3649 Bibh'otleooe
1203 3585 1307 3670 laced.
1330 3586 1404 3648 Bat.
1430 3605 1503 3668 pag.

402 3704 477 3765 400.
522 3687 716 3770 Apollinaris
737 3687 774 3752 de
794 3687 953 3772 suspendio
970 3687 1073 3764 Judoe,
1090 3688 1145 3751 sed
1161 3686 1295 3751 forsitan
1317 3685 1396 3749 nihil
1416 3685 1503 3750 aliud

403 3808 500 3870 qsram
513 3786 585 3874 ipsa
598 3787 702 3852 brevis
716 3791 802 3870 ῥῆσις
816 3797 875 3864 est,
891 3810 988 3873 quam
1002 3787 1054 3851 hio
1063 3788 1233 3854 afferimus.

446 3886 486 3951 P.
500 3908 530 3971 9.
552 3886 571 3952 l.
580 3908 612 3971 3.
634 3889 776 3970 πρησθεὶς
800 3889 873 3975 dre]
898 3888 1012 3952 Varias
1038 3890 1235 3952 eruditorum
1258 3887 1433 3952 sententias
1460 3887 1500 3950 ds'

401 3987 533 4052 interitu
547 3988 644 4054 Judae
655 3989 834 4074 proditoris,
847 4008 926 4073 quas
936 3989 971 4052 in
982 3990 1224 4055 Commentariis
1238 3989 1393 4053 ad‘Matt.
1403 3986 1498 4051 xxvii.

401 4095 435 4157 et
450 4093 527 4154 Aet.
544 4090 563 4153 i.
588 4091 798 4175 protulerunt,
813 4090 978 4175 ipsamque
999 4092 1108 4175 Papiae
1130 4081 1336 4156 traditionem
1356 4111 1376 4153 a
1396 4088 1500 4151 Theo·

401 4190 551 4276 phylaoto
571 4199 604 4255 et
620 4190 794 4275 Euthymio
809 4191 842 4254 iu
856 4214 925 4276 eap.
938 4208 988 4275 27.
1016 4191 1168 4256 Matthaei
1187 4191 1399 4276 approbatam
1413 4190 1500 4253 haud

401 4293 599 4358 examinabo.
646 4292 687 4356 Id
706 4293 808 4356 solum
826 4300 982 4357 annotare
1004 4292 1121 4376 placet,
1137 4300 1285 4357 auetores
1305 4290 1462 4377 opinionis
1481 4312 1502 4354 a

401 4395 505 4479 Papia
526 4394 655 4459 tradite
677 4393 790 4457 Actor.
805 4393 825 4456 i.
846 4416 874 4457 v.
894 4395 943 4456 18.
967 4393 1031 4478 (καὶ
1052 4394 1163 4473 πρηνὴς
1185 4397 1346 4475 γενόμενος
1358 4392 1500 4470 ’ἑλάκησε

398 4496 503 4576 μέσος,
519 4496 568 4558 καὶ
582 4493 708 4576 ἐξεχύθη
722 4493 867 4557 πάντατὰ
881 4492 1046 4575 σπλάγχνα
1057 4493 1171 4573 αὐτοῦ.)
1183 4493 1281 4557 videri
1296 4491 1372 4556 mihi
1386 4492 1500 4576 legisse

399 4596 544 4676 σρησθιὶι
557 4616 615 4680 pro
630 4594 749 4675 πρηνὴς,
759 4593 807 4658 uti
817 4592 921 4657 Graeei
936 4593 1067 4657 (lodioos
1080 4600 1113 4656 et
1130 4596 1329 4677 Interpretes
1344 4593 1501 4657 haetenus

400 4696 522 4779 vulgati
547 4712 656 4765 omnes
679 4694 808 4759 habent.
843 4696 992 4759 Gaserus.
1038 4694 1170 4774 Dubito,
1197 4717 1239 4762 an
1262 4702 1350 4761 reete
1376 4692 1504 4755 dieatur

929 4828 986 4873 ΕΖ
