3809 5650
538 704 586 767 IN
610 704 875 769 FRAGMENT.
900 706 1082 771 INGERTI
1108 709 1380 775 SCRIPTORIS.
1444 716 1508 783 419

398 884 420 912 “
436 874 478 937 ab
499 874 634 958 epistola
651 876 693 938 ad
715 874 879 959 Ephesios,
895 898 959 938 non
980 877 1040 939 nisi
1061 877 1156 941 titulo
1176 877 1383 964 discrepasse,
1398 888 1508 946 tamen

398 985 419 1015 “
436 999 476 1038 ex
497 976 670 1060 Epiphauii
691 976 884 1053 testimonio,
901 986 934 1040 et
952 979 1037 1061 quod
1054 978 1231 1042 Marcionis
1251 990 1423 1066 perpetuus
1440 984 1508 1048 fere

400 1084 422 1113 “
436 1098 505 1140 mos
530 1077 637 1150 fuerit,
658 1076 797 1160 genuina
821 1077 1049 1161 Apostolorum
1075 1081 1194 1163 scripta
1218 1103 1430 1166 corrumpere,
1455 1084 1509 1148 vix

398 1178 576 1240 “dubitari
600 1179 729 1260 poterit,
747 1179 922 1242 Marcionis
938 1180 1023 1243 illam
1046 1181 1087 1243 ad
1109 1181 1317 1259 Laodicenos,
1331 1205 1353 1247 a
1371 1184 1509 1269 genuina

400 1278 528 1341 “Pauli
551 1279 592 1341 ad
610 1279 766 1361 Ephesios
788 1280 923 1363 epistola
943 1282 1138 1356 dissensisse,
1162 1304 1295 1367 eamque
1317 1285 1359 1347 ab
1382 1289 1509 1349 Autore

400 1388 421 1417 “
438 1380 618 1464 fragmenti,
635 1379 768 1443 intendi.
805 1381 828 1442 J
831 1382 964 1465 ungitur
978 1382 1050 1444 huic
1067 1382 1220 1465 Epistolae
1234 1385 1276 1446 ad
1294 1386 1506 1463 Laodicenos,

400 1490 420 1524 ‘-‘
435 1481 497 1544 alia
513 1481 604 1543 Pauli
624 1482 666 1544 ad
681 1481 927 1559 Alexandrinos,
944 1484 1043 1567 cujus,
1059 1482 1163 1566 inquit
1182 1484 1277 1547 celeb.
1297 1485 1506 1564 Muratorius,

399 1589 420 1619 “
434 1583 540 1654 aecio,
556 1603 598 1644 aa
617 1582 777 1666 qussqcmm
791 1583 873 1646 abias
896 1584 1075 1648 meminerit.
1120 1585 1230 1667 Neque
1246 1607 1305 1669 ego
1328 1587 1424 1650 ullam
1439 1589 1509 1671 ejus

401 1682 521 1766 “apud
542 1690 666 1745 veteres
689 1683 882 1746 mentionem
904 1684 1043 1766 reperire
1069 1685 1168 1768 potui.
1213 1686 1320 1769 Igitur
1343 1688 1391 1751 vel
1413 1688 1508 1772 plane

401 1791 422 1821 “
437 1782 541 1867 periit,
558 1783 605 1846 vel
620 1783 704 1846 forte
725 1785 783 1846 sub
804 1784 868 1848 alio
888 1785 983 1847 titulo
1002 1786 1169 1849 veteribus
1185 1796 1433 1852 commemorata
1448 1795 1509 1865 est,

402 1894 423 1934 ‘-‘
439 1907 511 1947 eum
526 1893 648 1948 certum
663 1885 706 1947 sit
726 1886 832 1968 plures
846 1906 931 1968 saepe
954 1885 1007 1947 uni
1028 1886 1191 1970 eidemque
1213 1887 1294 1952 libro
1312 1888 1508 1972 apocrypho,

402 1995 420 2022 “
437 1986 531 2048 datos
545 1985 641 2048 fuisse
657 1984 787 2057 titulos;
811 1985 873 2048 vid.
890 1984 986 2049 celeb.
1007 1987 1193 2050 Beausobrii
1208 1988 1345 2051 Dissert.
1364 1990 1403 2051 de
1418 1988 1509 2051 libris

403 2095 422 2122 “
439 2084 642 2168 Apocryphis
667 2086 708 2147 N.
732 2085 769 2148 T.
795 2088 825 2167 ξ.
846 2108 877 2147 x.
909 2086 958 2148 vel
989 2087 1093 2148 adhuc
1123 2087 1238 2150 alicubi
1268 2087 1388 2151 inedita
1417 2088 1508 2151 latet.

402 2193 424 2222 “
440 2184 537 2247 Certe
567 2185 749 2248 Kirstenius
778 2193 929 2261 testatur,
963 2186 1094 2269 reperiri
1123 2188 1209 2270 apud
1245 2188 1373 2250 Arabes
1402 2187 1510 2270 plures

402 2294 421 2321 “
439 2286 531 2348 Pauli
546 2285 707 2369 epistolas,
723 2285 814 2349 nobis
829 2287 933 2350 adhuc
947 2286 1136 2370 incognitas.
1169 2287 1239 2350 Vid.
1255 2287 1421 2351 Fabricius
1433 2287 1508 2351 cod.

401 2395 422 2424 “
439 2391 552 2470 Apoer.
578 2387 661 2449 Nori
688 2387 877 2461 Testamenti,
900 2395 985 2469 part.
999 2387 1030 2448 ii.
1053 2409 1082 2470 p.
1094 2388 1188 2468 920.''
1226 2390 1307 2451 Haee
1333 2387 1508 2452 Stoschius.

402 2487 462 2550 Ait
478 2488 695 2571 Hieronymus
710 2488 772 2549 fine
787 2508 856 2569 cap.
868 2510 897 2550 v.
913 2489 967 2549 lib.
986 2490 1036 2551 De
1060 2490 1144 2552 Viris
1156 2490 1211 2552 Ill.
1222 2490 1255 2551 in
1267 2490 1376 2553 Paula
1393 2491 1511 2572 Lapara

402 2590 528 2673 quidam
548 2599 575 2651 et
595 2589 639 2650 ad
658 2588 865 2662 Laodicenos,
881 2587 936 2650 sed
957 2587 995 2650 ab
1015 2588 1151 2651 omuibus
1170 2589 1350 2671 ecploditar.
1399 2590 1511 2653 Habet

403 2710 477 2750 vero
491 2690 531 2751 de
551 2688 612 2750 hac
631 2687 767 2770 epistola
790 2686 991 2762 Philostrius‚
1008 2710 1079 2770 quae
1094 2688 1191 2772 digna
1206 2697 1290 2764 sunt,
1307 2698 1344 2750 ut
1363 2689 1424 2750 huc
1439 2688 1508 2773 qui-

403 2791 475 2853 dem
489 2791 674 2865 afferantur,
690 2789 723 2852 in
738 2788 860 2852 Hoeresi
873 2810 932 2852 sua
946 2788 1185 2852 lxxxix.—Alii
1199 2798 1297 2852 uatem
1314 2790 1409 2851 Lucre
1420 2810 1510 2852 eoae.

400 2892 513 2976 peltata
534 2893 623 2954 aiunt
646 2892 703 2973 (sc.
726 2891 884 2976 epistolam
905 2891 950 2953 ad
970 2890 1154 2969 Hebraeos„
1175 2890 1329 2973 mutatam
1351 2889 1442 2951 etiam
1467 2889 1513 2951 ad

404 2994 598 3056 Laodiceam
611 2993 765 3075 scriptam.
810 2992 856 3055 Et
872 2992 946 3074 quia
961 2992 1153 3054 addiderunt
1174 2990 1206 3052 in
1222 3011 1260 3053 ea
1281 2990 1426 3073 quaedam
1447 3010 1511 3052 non

404 3095 484 3158 bene
499 3094 681 3168 sentientes,
698 3094 771 3155 inde
786 3115 848 3154 non
864 3092 982 3176 legitur
996 3093 1027 3153 in
1044 3090 1187 3167 ecclesia,
1202 3090 1262 3153 etsi
1277 3090 1394 3173 legitur
1407 3112 1428 3153 a
1443 3091 1511 3174 qui·

405 3197 549 3270 busdam,
564 3216 622 3256 noo
643 3203 741 3255 tamea
759 3194 794 3254 io
814 3192 934 3255 eccesia
949 3193 1062 3275 lapitas·
1078 3191 1200 3275 pqrula
1216 3191 1279 3254 uisi
1293 3190 1433 3253 tredecim
1450 3190 1512 3274 φὶ-

404 3297 487 3359 stoloe
508 3296 605 3378 ipsim
629 3292 763 3372 (Pauli),
785 3301 812 3355 ct
833 3292 877 3354 ad
897 3291 1039 3354 Hebraeos
1061 3291 1224 3354 interdum.
1247 3313 1278 3374 p.
1295 3295 1363 3373 169.
1379 3290 1428 3352 ed.
1446 3290 1510 3353 Fa·

405 3396 504 3459 bricii.
540 3397 670 3456 Interea
684 3392 841 3476 singulare
857 3392 888 3454 id
905 3400 963 3468 est,
980 3393 1064 3476 quod
1081 3392 1172 3455 nobis
1187 3392 1325 3454 occurrit
1336 3390 1368 3452 in
1380 3389 1510 3453 AElfrici

407 3496 547 3559 Abbatis
562 3495 611 3556 De
634 3494 668 3556 V.
689 3503 716 3555 et
735 3494 781 3555 N.
805 3494 987 3555 Testamenta
1014 3494 1169 3570 Tractare,
1193 3492 1247 3576 qui
1269 3490 1409 3575 AEdgari
1429 3490 1512 3574 regis

406 3598 532 3682 Angliae
547 3596 744 3680 temporibus
764 3596 957 3678 compositus
971 3603 1040 3669 est;
1066 3617 1137 3658 eum
1154 3595 1239 3657 enim
1259 3594 1344 3657 idem
1359 3592 1512 3656 AElfricus

405 3721 515 3762 omnes
537 3707 570 3762 et
589 3696 728 3781 singulos
750 3696 833 3759 Novi
857 3695 1061 3759 Testamenti
1083 3695 1181 3757 libros
1203 3694 1236 3755 in
1258 3714 1378 3757 canone
1404 3691 1511 3775 Scrip-

405 3808 488 3864 turae
507 3798 711 3882 reposuisset,
726 3796 828 3859 solum
848 3794 899 3857 his
920 3794 1008 3857 libris
1027 3794 1152 3857 addidit
1173 3792 1265 3856 Pauli
1285 3791 1452 3875 epistolam
1469 3791 1513 3854 ad

409 3899 612 3961 Laodicenos.
628 3895 690 3959 vid.
705 3918 737 3979 p.
753 3898 804 3962 28.
820 3894 896 3958 edit.
914 3893 1013 3967 Lide,
1035 3896 1125 3976 1623.
1172 3890 1283 3975 Neque
1301 3889 1365 3952 alia
1385 3889 1512 3951 videtur
1530 3945 1533 3950 .

405 3999 542 4081 epistola
563 3998 606 4059 ad
629 3996 829 4059 Laodicenos
851 3994 947 4070 dicta,
972 4013 1042 4074 quae
1064 4011 1084 4053 a
1108 3989 1256 4053 Fabricio
1280 3990 1313 4051 iu
1335 3988 1404 4051 cod.
1426 3993 1510 4071 Apo-

406 4098 510 4182 crypt.
532 4099 577 4160 N.
598 4097 632 4158 Τ.
653 4118 683 4179 p.
702 4095 774 4179 873.
796 4114 908 4155 recusa
932 4099 994 4166 est,
1015 4088 1206 4165 brevissima,
1229 4096 1263 4152 et
1288 4110 1328 4151 ex
1352 4086 1512 4172 germanis

409 4198 500 4262 Pauli
521 4196 663 4281 epistolis
681 4201 841 4269 contexta,
857 4213 878 4255 a
892 4189 992 4255 veteri
1010 4187 1291 4252 Marcionistarum
1311 4187 1431 4270 scripto
1446 4208 1512 4248 om·
1620 4227 1624 4253 ,

407 4298 483 4360 uino
506 4297 697 4379 discrepans.
762 4293 886 4355 Extare
911 4311 1034 4375 quoque
1060 4288 1176 4351 dicitur
1200 4288 1268 4350 haec
1291 4285 1426 4370 epistola
1448 4282 1512 4347 fine

407 4397 520 4460 codicis
549 4397 630 4459 MS.
657 4392 864 4457 Boemertaai
889 4390 1007 4454 XIII.
1037 4388 1250 4473 prtolaram
1276 4384 1387 4461 Pauli,
1418 4403 1513 4467 quem

408 4497 441 4559 in
468 4496 636 4559 Britannia
665 4492 818 4576 scriptum
842 4490 938 4554 fuisse
965 4511 1006 4553 ex
1035 4487 1152 4552 litteris
1178 4487 1365 4571 quibusdam
1392 4483 1512 4567 Angla·

410 4597 575 4661 Saxonieis
596 4594 775 4679 suspicatus
795 4599 846 4655 est
868 4591 905 4654 cl.
931 4590 1100 4653 Kusterus.
1148 4587 1224 4651 Vid.
1251 4608 1322 4670 pag.
1343 4604 1412 4649 100.
1451 4584 1512 4647 Re

409 4697 473 4761 fert
501 4697 630 4780 insuper
658 4696 691 4757 in
722 4692 892 4755 Iatrodaot.
918 4689 965 4752 «ud
990 4690 1067 4753 Post.
1095 4689 1186 4752 Neo.>
1206 4709 1276 4772 cap.
1295 4686 1356 4749 xiv.
1392 4685 1421 4766 ξ.
1441 4702 1512 4747 111.

917 4808 1012 4873 3112
