3809 5650
773 650 1079 723 PRAEFATIO.
1325 656 1448 728 xxxvii

401 875 496 929 cum
517 875 681 954 operam
703 847 848 929 sedulo
868 849 1021 943 darem,
1037 876 1089 928 ne
1109 847 1307 945 homines,
1323 877 1447 961 quem

402 980 553 1089 legant,
573 996 715 1061 utrum
741 1010 884 1066 mean
911 980 1052 1077 alium,
1071 983 1323 1067 dubitarent.
1380 984 1449 1065 Ad

401 1115 565 1224 singula
593 1129 729 1198 autem
762 1119 913 1226 scripta
939 1145 991 1197 ex
1019 1117 1200 1199 Eusebio
1229 1117 1449 1231 desumpta

401 1269 520 1331 notas
535 1250 715 1359 integras
736 1251 1063 1360 praestantissimi
1079 1251 1192 1333 illius
1208 1251 1362 1337 Valesii
1377 1254 1449 1339 ad-

396 1385 502 1494 jeci3
533 1413 668 1494 neque
697 1386 808 1466 enim
838 1385 1186 1470 committendum
1215 1389 1370 1495 putavi,
1400 1403 1448 1468 ut

401 1521 539 1604 minus
573 1521 706 1605 ornati
741 1548 867 1632 quam
906 1534 1030 1604 antea
1062 1520 1197 1628 quivis
1230 1534 1448 1603 auctorum

401 1684 587 1737 meorum
614 1657 722 1740 foras
750 1658 893 1751 exiret,
914 1655 977 1737 vel
1008 1657 1113 1738 scitu
1144 1657 1245 1764 quid
1272 1657 1448 1764 dignum

399 1807 474 1874 aut
493 1791 621 1874 lector
645 1794 863 1901 ignoraret,
883 1805 958 1874 aut
980 1806 1098 1874 extra
1119 1820 1306 1901 quaerere
1325 1821 1444 1902 coge-

400 1941 529 2010 retur.
572 1928 690 2013 Idem
709 1930 795 2010 fere
815 1956 977 2037 semper
992 1928 1055 2036 egi
1072 1927 1322 2036 Scaligerum
1341 1957 1447 2038 erga,

401 2063 614 2170 Vigerum‚
633 2063 937 2158 Constantium,
959 2061 1264 2171 Baluziumque
1284 2063 1327 2149 in
1347 2062 1445 2145 reli·

400 2198 493 2307 quis
513 2201 726 2308 excerptis.
775 2200 981 2306 Denique,
1001 2211 1050 2280 ut
1070 2201 1112 2279 in
1131 2202 1253 2280 rebus
1272 2198 1448 2309 alicujus

400 2334 600 2419 momenti
616 2342 778 2442 egomet
797 2333 962 2446 longius
976 2361 1247 2430 excurrerem,
1262 2363 1365 2443 opus
1384 2336 1446 2416 in-

400 2468 567 2553 terdum
587 2468 679 2554 fuit.

455 2604 536 2685 Sed
563 2632 685 2712 opere
711 2632 839 2712 prope
863 2607 950 2713 jam
981 2602 1181 2700 absoluto,
1201 2616 1275 2685 aut
1300 2603 1446 2688 saltem

400 2752 617 2852 postquam
639 2737 745 2821 illud
764 2741 817 2822 ad
837 2739 965 2820 finem
986 2738 1125 2825 saeculi
1146 2739 1258 2819 tertii
1279 2740 1447 2834 deduxi,

399 2876 452 2956 ad
466 2903 612 2956 manus
624 2904 734 2959 meas
746 2905 797 2957 ex
813 2874 935 2959 ltalia
950 2877 1121 2958 advecta
1135 2877 1249 2956 venit
1264 2876 1446 2958 Andreae

399 3007 610 3093 Gallandii
640 3012 887 3093 Bibliotheca
920 3014 1100 3091 Putrum
1135 3025 1227 3118 post
1261 3012 1446 3092 medium

400 3144 597 3226 saeculum
635 3145 759 3226 modo
799 3146 1058 3253 praeteritum
1099 3145 1286 3230 Venetiis
1324 3147 1447 3244 edita,

401 3280 605 3389 tomisque
621 3280 937 3389 quatuordecim
954 3279 997 3364 in
1015 3278 1125 3376 folio,
1141 3293 1189 3361 ut
1203 3280 1447 3390 loquuntur,

399 3417 706 3525 comprehensa.
753 3416 911 3497 Verum
932 3417 975 3497 in
991 3444 1114 3525 opere
1135 3445 1200 3499 me
1221 3445 1314 3498 meo
1333 3417 1447 3500 haud

399 3567 537 3635 actum
558 3553 687 3660 egisse
707 3551 841 3634 multa
860 3555 1174 3663 persuadebant.
1226 3553 1317 3634 Etsi
1334 3555 1447 3635 enim

400 3689 442 3768 in
464 3689 623 3796 ingenti
648 3686 824 3769 aliorum
844 3690 1093 3797 scriptorum
1121 3689 1231 3771 mole
1251 3688 1447 3799 reliquias

399 3836 627 3920 auctorum,
646 3851 749 3931 quos
769 3839 928 3921 vocant,
948 3826 1260 3934 deperditorum
1281 3825 1448 3935 collegit

400 3957 486 4065 ipse
498 3958 621 4039 etiam
636 3957 893 4055 Gallandius
900 3958 1092 4041 nonnulli
1106 3973 1246 4041 tamen
1258 3972 1448 4041 auctores

400 4093 443 4172 in
471 4121 592 4201 opere
619 4096 708 4201 ejus
734 4122 818 4174 non
840 4106 1091 4203 comparent,
1112 4095 1266 4174 nedum
1293 4106 1384 4174 acta
1404 4108 1448 4176 et

398 4255 575 4308 canones
600 4226 892 4324 conciliorum,
919 4257 1023 4337 quos
1051 4228 1221 4336 quidem
1251 4241 1446 4336 praestare

398 4391 422 4444 a
439 4390 551 4443 more
563 4376 627 4444 est
641 4374 685 4443 et
697 4362 890 4444 instituto
905 4362 1257 4447 Bibliothecarum
1272 4365 1445 4448 Patrum

396 4494 595 4585 alienum.
655 4497 820 4585 Deinde
854 4494 988 4584 multo
1021 4497 1214 4609 pauciora
1241 4527 1293 4582 ex
1323 4499 1446 4588 editis
