<?xml version="1.0" encoding="UTF-8"?>
<!DOCTYPE html PUBLIC "-//W3C//DTD XHTML 1.0 Transitional//EN"
    "http://www.w3.org/TR/xhtml1/DTD/xhtml1-transitional.dtd">
<html xmlns="http://www.w3.org/1999/xhtml" xml:lang="en" lang="en">
 <head>
  <title>
</title>
<meta http-equiv="Content-Type" content="text/html;charset=utf-8" />
  <meta name='ocr-system' content='tesseract 3.04.00' />
  <meta name='ocr-capabilities' content='ocr_page ocr_carea ocr_par ocr_line ocrx_word'/>
</head>
<body>
  <div class='ocr_page' id='page_1' title='image "./reliquiaesacrae07routgoog_0263.png"; bbox 0 0 3809 5650; ppageno 0'>
   <div class='ocr_carea' id='block_1_1' title="bbox 779 720 1481 787">
    <p class='ocr_par' dir='ltr' id='par_1_1' title="bbox 779 720 1481 787">
     <span class='ocr_line' id='line_1_1' title="bbox 779 720 1481 787; baseline 0.006 -5"><span class='ocrx_word' id='word_1_1' title='bbox 779 720 1082 786; x_wconf 80' lang='lat' dir='ltr'><strong>HEGESIPPUS.</strong></span> <span class='ocrx_word' id='word_1_2' title='bbox 1417 725 1481 787; x_wconf 71' lang='lat'>215</span> 
     </span>
    </p>
   </div>
   <div class='ocr_carea' id='block_1_2' title="bbox 355 878 1485 1800">
    <p class='ocr_par' dir='ltr' id='par_1_2' title="bbox 355 878 1485 1800">
     <span class='ocr_line' id='line_1_2' title="bbox 380 878 1481 982; baseline 0.005 -26"><span class='ocrx_word' id='word_1_3' title='bbox 380 878 545 980; x_wconf 80' lang='grc' dir='ltr'>τόρησεν·</span> <span class='ocrx_word' id='word_1_4' title='bbox 585 881 632 961; x_wconf 85' lang='grc' dir='ltr'>ὡς</span> <span class='ocrx_word' id='word_1_5' title='bbox 659 878 797 961; x_wconf 81' lang='grc' dir='ltr'>πάντας</span> <span class='ocrx_word' id='word_1_6' title='bbox 825 881 1111 982; x_wconf 80' lang='grc' dir='ltr'>ὑπερθαυμόζειν,</span> <span class='ocrx_word' id='word_1_7' title='bbox 1130 883 1188 960; x_wconf 79' lang='grc' dir='ltr'>καὶ</span> <span class='ocrx_word' id='word_1_8' title='bbox 1213 879 1277 959; x_wconf 81' lang='grc' dir='ltr'>τὸν</span> <span class='ocrx_word' id='word_1_9' title='bbox 1302 881 1481 977; x_wconf 75' lang='grc' dir='ltr'>ὑπατικὸν,</span> 
     </span>
     <span class='ocr_line' id='line_1_3' title="bbox 380 1012 1478 1116; baseline 0.002 -25"><span class='ocrx_word' id='word_1_10' title='bbox 380 1019 457 1093; x_wconf 81' lang='grc' dir='ltr'>πῶς</span> <span class='ocrx_word' id='word_1_11' title='bbox 484 1012 610 1091; x_wconf 82' lang='grc' dir='ltr'>ἑκατὸν</span> <span class='ocrx_word' id='word_1_12' title='bbox 637 1012 748 1090; x_wconf 87' lang='grc' dir='ltr'>είκοσι</span> <span class='ocrx_word' id='word_1_13' title='bbox 773 1012 962 1116; x_wconf 66' lang='grc' dir='ltr'>ηκγχάνων</span> <span class='ocrx_word' id='word_1_14' title='bbox 992 1017 1091 1110; x_wconf 85' lang='grc' dir='ltr'>ε’τῶν,</span> <span class='ocrx_word' id='word_1_15' title='bbox 1110 1015 1283 1112; x_wconf 71' lang='grc' dir='ltr'>ὑπέμεινε·</span> <span class='ocrx_word' id='word_1_16' title='bbox 1316 1017 1374 1092; x_wconf 74' lang='grc' dir='ltr'>καὶ</span> <span class='ocrx_word' id='word_1_17' title='bbox 1403 1017 1478 1093; x_wconf 86' lang='grc' dir='ltr'>ε’κε-</span> 
     </span>
     <span class='ocr_line' id='line_1_4' title="bbox 381 1144 1480 1249; baseline 0.005 -25"><span class='ocrx_word' id='word_1_18' title='bbox 381 1144 520 1244; x_wconf 76' lang='grc' dir='ltr'>λεθσθη</span> <span class='ocrx_word' id='word_1_19' title='bbox 538 1151 800 1247; x_wconf 76' lang='grc' dir='ltr'>σταυρωθῆναι.</span> <span class='ocrx_word' id='word_1_20' title='bbox 846 1166 895 1227; x_wconf 84' lang='grc' dir='ltr'>ἐπὶ</span> <span class='ocrx_word' id='word_1_21' title='bbox 910 1166 1024 1229; x_wconf 75' lang='grc' dir='ltr'>τούτοις</span> <span class='ocrx_word' id='word_1_22' title='bbox 1039 1165 1056 1225; x_wconf 85' lang='grc' dir='ltr'>ό</span> <span class='ocrx_word' id='word_1_23' title='bbox 1071 1161 1154 1227; x_wconf 75' lang='grc' dir='ltr'>αὐτὸς</span> <span class='ocrx_word' id='word_1_24' title='bbox 1172 1161 1247 1242; x_wconf 71' lang='grc' dir='ltr'>ἀνὴρ</span> <span class='ocrx_word' id='word_1_25' title='bbox 1263 1170 1480 1249; x_wconf 80' lang='lat' dir='ltr'>(Hegesippus)</span> 
     </span>
     <span class='ocr_line' id='line_1_5' title="bbox 383 1278 1483 1362; baseline 0.004 -23"><span class='ocrx_word' id='word_1_26' title='bbox 383 1279 573 1358; x_wconf 75' lang='grc' dir='ltr'>διηγούμενος</span> <span class='ocrx_word' id='word_1_27' title='bbox 588 1282 625 1342; x_wconf 76' lang='grc' dir='ltr'>τὰ</span> <span class='ocrx_word' id='word_1_28' title='bbox 640 1283 715 1343; x_wconf 76' lang='grc' dir='ltr'>κατὰ</span> <span class='ocrx_word' id='word_1_29' title='bbox 729 1281 795 1346; x_wconf 84' lang='grc' dir='ltr'>τοὺς</span> <span class='ocrx_word' id='word_1_30' title='bbox 814 1281 1021 1360; x_wconf 81' lang='grc' dir='ltr'>δηλουμένους,</span> <span class='ocrx_word' id='word_1_31' title='bbox 1038 1278 1171 1360; x_wconf 74' lang='grc' dir='ltr'>ἐπιλέγει</span> <span class='ocrx_word' id='word_1_32' title='bbox 1186 1280 1224 1345; x_wconf 82' lang='grc' dir='ltr'>ὡς</span> <span class='ocrx_word' id='word_1_33' title='bbox 1242 1280 1300 1359; x_wconf 77' lang='grc' dir='ltr'>ἄρα</span> <span class='ocrx_word' id='word_1_34' title='bbox 1318 1278 1407 1362; x_wconf 84' lang='grc' dir='ltr'>μέχρι</span> <span class='ocrx_word' id='word_1_35' title='bbox 1424 1285 1483 1343; x_wconf 71' lang='grc' dir='ltr'>τόν</span> 
     </span>
     <span class='ocr_line' id='line_1_6' title="bbox 355 1387 1482 1470; baseline 0.004 -23"><span class='ocrx_word' id='word_1_36' title='bbox 355 1387 449 1461; x_wconf 82' lang='grc' dir='ltr'>5τότε</span> <span class='ocrx_word' id='word_1_37' title='bbox 463 1389 582 1469; x_wconf 82' lang='grc' dir='ltr'>χρόνων</span> <span class='ocrx_word' id='word_1_38' title='bbox 596 1388 743 1469; x_wconf 75' lang='grc' dir='ltr'>παρθένος</span> <span class='ocrx_word' id='word_1_39' title='bbox 758 1393 872 1470; x_wconf 75' lang='grc' dir='ltr'>καθαρὰ</span> <span class='ocrx_word' id='word_1_40' title='bbox 886 1391 934 1453; x_wconf 78' lang='grc' dir='ltr'>καὶ</span> <span class='ocrx_word' id='word_1_41' title='bbox 949 1388 1129 1469; x_wconf 70' lang='grc' dir='ltr'>ἀδιάφθορος</span> <span class='ocrx_word' id='word_1_42' title='bbox 1156 1387 1272 1466; x_wconf 86' lang='grc' dir='ltr'>έμεινεν</span> <span class='ocrx_word' id='word_1_43' title='bbox 1290 1390 1308 1467; x_wconf 82' lang='grc' dir='ltr'>ἡ</span> <span class='ocrx_word' id='word_1_44' title='bbox 1329 1390 1482 1469; x_wconf 75' lang='grc' dir='ltr'>ἐκκλησία,</span> 
     </span>
     <span class='ocr_line' id='line_1_7' title="bbox 383 1495 1485 1581; baseline 0.005 -23"><span class='ocrx_word' id='word_1_45' title='bbox 383 1498 417 1559; x_wconf 86' lang='grc' dir='ltr'>έν</span> <span class='ocrx_word' id='word_1_46' title='bbox 436 1497 536 1581; x_wconf 80' lang='grc' dir='ltr'>θόήλῳ</span> <span class='ocrx_word' id='word_1_47' title='bbox 562 1523 616 1560; x_wconf 89' lang='grc' dir='ltr'>που</span> <span class='ocrx_word' id='word_1_48' title='bbox 638 1499 740 1560; x_wconf 87' lang='grc' dir='ltr'>σκότει</span> <span class='ocrx_word' id='word_1_49' title='bbox 762 1500 962 1579; x_wconf 74' lang='grc' dir='ltr'>φωλευόντων</span> <span class='ocrx_word' id='word_1_50' title='bbox 986 1495 1078 1560; x_wconf 80' lang='grc' dir='ltr'>εἰσέτι</span> <span class='ocrx_word' id='word_1_51' title='bbox 1102 1497 1179 1568; x_wconf 87' lang='grc' dir='ltr'>τότε,</span> <span class='ocrx_word' id='word_1_52' title='bbox 1196 1501 1265 1568; x_wconf 82' lang='grc' dir='ltr'>τῶν,</span> <span class='ocrx_word' id='word_1_53' title='bbox 1283 1498 1310 1558; x_wconf 78' lang='grc' dir='ltr'>εἰ</span> <span class='ocrx_word' id='word_1_54' title='bbox 1335 1497 1386 1558; x_wconf 87' lang='grc' dir='ltr'>καί</span> <span class='ocrx_word' id='word_1_55' title='bbox 1406 1520 1485 1563; x_wconf 81' lang='grc' dir='ltr'>τινες</span> 
     </span>
     <span class='ocr_line' id='line_1_8' title="bbox 381 1605 1483 1689; baseline -0.003 -20"><span class='ocrx_word' id='word_1_56' title='bbox 381 1608 525 1688; x_wconf 77' lang='grc' dir='ltr'>ὑπῆρχον,</span> <span class='ocrx_word' id='word_1_57' title='bbox 540 1609 755 1687; x_wconf 88' lang='grc' dir='ltr'>παραφθείρειν</span> <span class='ocrx_word' id='word_1_58' title='bbox 776 1607 1004 1689; x_wconf 74' lang='grc' dir='ltr'>ἐπιχειρούντων</span> <span class='ocrx_word' id='word_1_59' title='bbox 1024 1605 1078 1667; x_wconf 85' lang='grc' dir='ltr'>τὸν</span> <span class='ocrx_word' id='word_1_60' title='bbox 1098 1606 1166 1685; x_wconf 77' lang='grc' dir='ltr'>ὑγιῆ</span> <span class='ocrx_word' id='word_1_61' title='bbox 1189 1606 1301 1668; x_wconf 85' lang='grc' dir='ltr'>κανόνα</span> <span class='ocrx_word' id='word_1_62' title='bbox 1322 1610 1375 1667; x_wconf 85' lang='grc' dir='ltr'>τοῦ</span> <span class='ocrx_word' id='word_1_63' title='bbox 1390 1630 1483 1683; x_wconf 87' lang='grc' dir='ltr'>σωτη-</span> 
     </span>
     <span class='ocr_line' id='line_1_9' title="bbox 382 1714 1287 1800; baseline 0.003 -21"><span class='ocrx_word' id='word_1_64' title='bbox 382 1715 447 1792; x_wconf 83' lang='grc' dir='ltr'>ρίου</span> <span class='ocrx_word' id='word_1_65' title='bbox 462 1714 653 1793; x_wconf 76' lang='grc' dir='ltr'>κηρύγματος.</span> <span class='ocrx_word' id='word_1_66' title='bbox 691 1730 789 1784; x_wconf 80' lang='lat' dir='ltr'><strong>Attulit</strong></span> <span class='ocrx_word' id='word_1_67' title='bbox 801 1731 858 1785; x_wconf 80' lang='lat' dir='ltr'>haec</span> <span class='ocrx_word' id='word_1_68' title='bbox 872 1730 1005 1785; x_wconf 74' lang='lat' dir='ltr'>Eusebius</span> <span class='ocrx_word' id='word_1_69' title='bbox 1018 1746 1075 1798; x_wconf 80' lang='lat' dir='ltr'><strong>cap.</strong></span> <span class='ocrx_word' id='word_1_70' title='bbox 1086 1744 1130 1799; x_wconf 76' lang='lat'>32.</span> <span class='ocrx_word' id='word_1_71' title='bbox 1143 1728 1228 1800; x_wconf 86' lang='lat' dir='ltr'>ejusd.</span> <span class='ocrx_word' id='word_1_72' title='bbox 1241 1727 1287 1782; x_wconf 88' lang='lat' dir='ltr'>lib.</span> 
     </span>
    </p>
   </div>
   <div class='ocr_carea' id='block_1_3' title="bbox 339 1914 1484 2360">
    <p class='ocr_par' dir='ltr' id='par_1_3' title="bbox 339 1914 1484 2069">
     <span class='ocr_line' id='line_1_10' title="bbox 383 1914 1483 2037; baseline -0.013 -66"><span class='ocrx_word' id='word_1_73' title='bbox 383 1914 459 1972; x_wconf 85' lang='lat' dir='ltr'>ferre</span> <span class='ocrx_word' id='word_1_74' title='bbox 488 1914 638 1992; x_wconf 86' lang='lat' dir='ltr'>potuisset.</span> <span class='ocrx_word' id='word_1_75' title='bbox 681 1915 811 1973; x_wconf 79' lang='lat' dir='ltr'>Tandem</span> <span class='ocrx_word' id='word_1_76' title='bbox 840 1936 909 1974; x_wconf 82' lang='lat' dir='ltr'>vero</span> <span class='ocrx_word' id='word_1_77' title='bbox 959 1932 1035 1995; x_wconf 70' lang='lat' dir='ltr'>gram</span> <span class='ocrx_word' id='word_1_78' title='bbox 1059 1922 1137 2037; x_wconf 48' lang='lat' dir='ltr'>sarge</span> <span class='ocrx_word' id='word_1_79' title='bbox 1155 1915 1337 1996; x_wconf 75' lang='lat' dir='ltr'>ineorruptam</span> <span class='ocrx_word' id='word_1_80' title='bbox 1361 1930 1483 1984; x_wconf 68' lang='lat' dir='ltr'>perman.</span> 
     </span>
     <span class='ocr_line' id='line_1_11' title="bbox 339 1984 1484 2069; baseline -0.013 -17"><span class='ocrx_word' id='word_1_81' title='bbox 339 2002 374 2039; x_wconf 89' lang='lat'>10</span> <span class='ocrx_word' id='word_1_82' title='bbox 384 1994 528 2052; x_wconf 82' lang='lat' dir='ltr'>sententio</span> <span class='ocrx_word' id='word_1_83' title='bbox 551 1994 659 2069; x_wconf 85' lang='lat' dir='ltr'>judicis</span> <span class='ocrx_word' id='word_1_84' title='bbox 684 1995 761 2052; x_wconf 84' lang='lat' dir='ltr'>cruci</span> <span class='ocrx_word' id='word_1_85' title='bbox 787 1997 908 2053; x_wconf 83' lang='lat' dir='ltr'>suffixus</span> <span class='ocrx_word' id='word_1_86' title='bbox 960 2001 1046 2064; x_wconf 53' lang='lat' dir='ltr'>fisso:</span> <span class='ocrx_word' id='word_1_87' title='bbox 1114 2002 1160 2064; x_wconf 35' lang='lat' dir='ltr'>‚uc</span> <span class='ocrx_word' id='word_1_88' title='bbox 1184 2002 1213 2037; x_wconf 88' lang='lat' dir='ltr'>m</span> <span class='ocrx_word' id='word_1_89' title='bbox 1236 1984 1353 2065; x_wconf 83' lang='lat' dir='ltr'>obscuro</span> <span class='ocrx_word' id='word_1_90' title='bbox 1377 2000 1484 2038; x_wconf 79' lang='lat' dir='ltr'>recessu</span> 
     </span>
    </p>

    <p class='ocr_par' dir='ltr' id='par_1_4' title="bbox 383 2052 1484 2150">
     <span class='ocr_line' id='line_1_12' title="bbox 383 2052 1484 2150; baseline -0.029 -14"><span class='ocrx_word' id='word_1_91' title='bbox 383 2084 436 2130; x_wconf 62' lang='grc' dir='ltr'>κοῒ.</span> <span class='ocrx_word' id='word_1_92' title='bbox 474 2080 539 2133; x_wconf 91' lang='lat' dir='ltr'>Post</span> <span class='ocrx_word' id='word_1_93' title='bbox 559 2080 617 2135; x_wconf 78' lang='lat' dir='ltr'>haec</span> <span class='ocrx_word' id='word_1_94' title='bbox 638 2080 710 2135; x_wconf 84' lang='lat' dir='ltr'>idem</span> <span class='ocrx_word' id='word_1_95' title='bbox 733 2081 845 2150; x_wconf 75' lang='lat' dir='ltr'>scriptor</span> <span class='ocrx_word' id='word_1_96' title='bbox 865 2099 908 2136; x_wconf 79' lang='lat' dir='ltr'>res</span> <span class='ocrx_word' id='word_1_97' title='bbox 960 2052 1183 2135; x_wconf 53' lang='grc' dir='ltr'>ἀθθῑῆὓθθῐῑῒῴῡῠ,</span> <span class='ocrx_word' id='word_1_98' title='bbox 1207 2071 1360 2134; x_wconf 65' lang='lat' dir='ltr'>qmcuuque</span> <span class='ocrx_word' id='word_1_99' title='bbox 1384 2062 1484 2107; x_wconf 73' lang='lat' dir='ltr'>rectum</span> 
     </span>
    </p>

    <p class='ocr_par' dir='ltr' id='par_1_5' title="bbox 382 2122 1484 2247">
     <span class='ocr_line' id='line_1_13' title="bbox 382 2122 1484 2247; baseline -0.017 -44"><span class='ocrx_word' id='word_1_100' title='bbox 382 2151 515 2204; x_wconf 83' lang='lat' dir='ltr'>illaaetate</span> <span class='ocrx_word' id='word_1_101' title='bbox 526 2159 615 2219; x_wconf 75' lang='lat' dir='ltr'>gestas</span> <span class='ocrx_word' id='word_1_102' title='bbox 627 2167 847 2213; x_wconf 84' lang='lat' dir='ltr'>commemorans,</span> <span class='ocrx_word' id='word_1_103' title='bbox 860 2151 907 2211; x_wconf 82' lang='lat' dir='ltr'>ad·</span> <span class='ocrx_word' id='word_1_104' title='bbox 959 2122 1153 2247; x_wconf 54' lang='lat' dir='ltr'>3¹⁸¹*me</span> <span class='ocrx_word' id='word_1_105' title='bbox 1176 2123 1344 2193; x_wconf 62' lang='lat' dir='ltr'>Evfflssellcae</span> <span class='ocrx_word' id='word_1_106' title='bbox 1364 2123 1484 2194; x_wconf 54' lang='lat' dir='ltr'>wilm</span> 
     </span>
    </p>

    <p class='ocr_par' dir='ltr' id='par_1_6' title="bbox 382 2201 1269 2290">
     <span class='ocr_line' id='line_1_14' title="bbox 382 2201 1269 2290; baseline -0.025 -16"><span class='ocrx_word' id='word_1_107' title='bbox 382 2220 422 2273; x_wconf 93' lang='lat' dir='ltr'>dit</span> <span class='ocrx_word' id='word_1_108' title='bbox 441 2220 587 2273; x_wconf 74' lang='lat' dir='ltr'>Ecclesiam</span> <span class='ocrx_word' id='word_1_109' title='bbox 607 2219 642 2273; x_wconf 88' lang='lat' dir='ltr'>ad</span> <span class='ocrx_word' id='word_1_110' title='bbox 660 2219 718 2272; x_wconf 86' lang='lat' dir='ltr'>haec</span> <span class='ocrx_word' id='word_1_111' title='bbox 737 2237 822 2290; x_wconf 87' lang='lat' dir='ltr'>usque</span> <span class='ocrx_word' id='word_1_112' title='bbox 841 2230 908 2274; x_wconf 81' lang='lat' dir='ltr'>tem.</span> <span class='ocrx_word' id='word_1_113' title='bbox 978 2210 1102 2263; x_wconf 62' lang='lat' dir='ltr'>fipfflmss</span> <span class='ocrx_word' id='word_1_114' title='bbox 1113 2201 1269 2249; x_wconf 61' lang='lat' dir='ltr'>merentur·</span> 
     </span>
    </p>

    <p class='ocr_par' dir='ltr' id='par_1_7' title="bbox 383 2288 907 2360">
     <span class='ocr_line' id='line_1_15' title="bbox 383 2288 907 2360; baseline -0.023 -15"><span class='ocrx_word' id='word_1_115' title='bbox 383 2307 448 2358; x_wconf 84' lang='lat' dir='ltr'>pora</span> <span class='ocrx_word' id='word_1_116' title='bbox 459 2290 543 2343; x_wconf 81' lang='lat' dir='ltr'>instar</span> <span class='ocrx_word' id='word_1_117' title='bbox 557 2288 696 2360; x_wconf 88' lang='lat' dir='ltr'>cujusdam</span> <span class='ocrx_word' id='word_1_118' title='bbox 708 2289 827 2358; x_wconf 73' lang='lat' dir='ltr'>virginis,</span> <span class='ocrx_word' id='word_1_119' title='bbox 840 2290 907 2344; x_wconf 73' lang='lat' dir='ltr'>inte.</span> 
     </span>
    </p>
   </div>
   <div class='ocr_carea' id='block_1_4' title="bbox 754 2484 1112 2530">
    <p class='ocr_par' dir='ltr' id='par_1_8' title="bbox 754 2484 1112 2530">
     <span class='ocr_line' id='line_1_16' title="bbox 754 2484 1112 2530; baseline -0.014 -18"><span class='ocrx_word' id='word_1_120' title='bbox 754 2484 1112 2530; x_wconf 47' lang='lat' dir='ltr'>*a</span> 
     </span>
    </p>
   </div>
   <div class='ocr_carea' id='block_1_5' title="bbox 340 2652 1204 2741">
    <p class='ocr_par' dir='ltr' id='par_1_9' title="bbox 340 2652 1204 2741">
     <span class='ocr_line' id='line_1_17' title="bbox 340 2652 1204 2741; baseline 0.002 -26"><span class='ocrx_word' id='word_1_121' title='bbox 340 2665 373 2721; x_wconf 83' lang='lat'>15</span> <span class='ocrx_word' id='word_1_122' title='bbox 663 2653 715 2716; x_wconf 78' lang='grc' dir='ltr'>Εο</span> <span class='ocrx_word' id='word_1_123' title='bbox 728 2653 838 2716; x_wconf 74' lang='lat' dir='ltr'>iooerto</span> <span class='ocrx_word' id='word_1_124' title='bbox 852 2652 928 2716; x_wconf 70' lang='lat' dir='ltr'>libro</span> <span class='ocrx_word' id='word_1_125' title='bbox 942 2655 1072 2739; x_wconf 55' lang='lat' dir='ltr'>oudam</span> <span class='ocrx_word' id='word_1_126' title='bbox 1089 2657 1204 2741; x_wconf 58' lang='lat' dir='ltr'>oporto.</span> 
     </span>
    </p>
   </div>
   <div class='ocr_carea' id='block_1_6' title="bbox 442 2802 1484 2908">
    <p class='ocr_par' dir='ltr' id='par_1_10' title="bbox 442 2802 1484 2908">
     <span class='ocr_line' id='line_1_18' title="bbox 442 2802 1484 2908; baseline 0.003 -26"><span class='ocrx_word' id='word_1_127' title='bbox 442 2807 516 2882; x_wconf 83' lang='grc' dir='ltr'>Καὶ</span> <span class='ocrx_word' id='word_1_128' title='bbox 533 2802 624 2901; x_wconf 76' lang='grc' dir='ltr'>μετὰ</span> <span class='ocrx_word' id='word_1_129' title='bbox 641 2803 683 2884; x_wconf 83' lang='grc' dir='ltr'>τὸ</span> <span class='ocrx_word' id='word_1_130' title='bbox 701 2809 929 2908; x_wconf 79' lang='grc' dir='ltr'>μαρτυρῆσαι</span> <span class='ocrx_word' id='word_1_131' title='bbox 941 2804 1116 2902; x_wconf 78' lang='grc' dir='ltr'>Ἰάκωβον</span> <span class='ocrx_word' id='word_1_132' title='bbox 1133 2805 1197 2886; x_wconf 83' lang='grc' dir='ltr'>τὸν</span> <span class='ocrx_word' id='word_1_133' title='bbox 1215 2808 1350 2886; x_wconf 89' lang='grc' dir='ltr'>δίκαιον</span> <span class='ocrx_word' id='word_1_134' title='bbox 1361 2810 1408 2888; x_wconf 87' lang='grc' dir='ltr'>ὡς</span> <span class='ocrx_word' id='word_1_135' title='bbox 1427 2809 1484 2885; x_wconf 84' lang='grc' dir='ltr'>καὶ</span> 
     </span>
    </p>
   </div>
   <div class='ocr_carea' id='block_1_7' title="bbox 339 2936 1486 3846">
    <p class='ocr_par' dir='ltr' id='par_1_11' title="bbox 339 2936 1486 3846">
     <span class='ocr_line' id='line_1_19' title="bbox 385 2936 1485 3045; baseline 0.005 -30"><span class='ocrx_word' id='word_1_136' title='bbox 385 2938 405 3015; x_wconf 86' lang='grc' dir='ltr'><strong>ὁ</strong></span> <span class='ocrx_word' id='word_1_137' title='bbox 425 2936 558 3039; x_wconf 77' lang='grc' dir='ltr'>Κύριος</span> <span class='ocrx_word' id='word_1_138' title='bbox 585 2940 642 3017; x_wconf 79' lang='grc' dir='ltr'>ἐπὶ</span> <span class='ocrx_word' id='word_1_139' title='bbox 669 2942 721 3044; x_wconf 74' lang='grc' dir='ltr'>τῷ</span> <span class='ocrx_word' id='word_1_140' title='bbox 744 2939 840 3044; x_wconf 79' lang='grc' dir='ltr'>αι’πῴ</span> <span class='ocrx_word' id='word_1_141' title='bbox 868 2939 981 3045; x_wconf 75' lang='grc' dir='ltr'>λόγῳ,</span> <span class='ocrx_word' id='word_1_142' title='bbox 1000 2937 1113 3018; x_wconf 82' lang='grc' dir='ltr'>πάλιν</span> <span class='ocrx_word' id='word_1_143' title='bbox 1140 2941 1160 3018; x_wconf 84' lang='grc' dir='ltr'>ὁ</span> <span class='ocrx_word' id='word_1_144' title='bbox 1188 2942 1227 3018; x_wconf 82' lang='grc' dir='ltr'>ἐκ</span> <span class='ocrx_word' id='word_1_145' title='bbox 1255 2942 1351 3019; x_wconf 89' lang='grc' dir='ltr'>θείου</span> <span class='ocrx_word' id='word_1_146' title='bbox 1376 2941 1485 3020; x_wconf 84' lang='grc' dir='ltr'>αι’ποῦ</span> 
     </span>
     <span class='ocr_line' id='line_1_20' title="bbox 386 3069 1482 3176; baseline 0.003 -27"><span class='ocrx_word' id='word_1_147' title='bbox 386 3069 533 3171; x_wconf 75' lang='grc' dir='ltr'>Συμεὼν</span> <span class='ocrx_word' id='word_1_148' title='bbox 552 3073 572 3149; x_wconf 87' lang='grc' dir='ltr'>ὁ</span> <span class='ocrx_word' id='word_1_149' title='bbox 592 3081 655 3150; x_wconf 83' lang='grc' dir='ltr'>τοῦ</span> <span class='ocrx_word' id='word_1_150' title='bbox 675 3077 820 3151; x_wconf 82' lang='grc' dir='ltr'>Κλωπᾶ</span> <span class='ocrx_word' id='word_1_151' title='bbox 839 3074 1052 3151; x_wconf 87' lang='grc' dir='ltr'>καθίσταται</span> <span class='ocrx_word' id='word_1_152' title='bbox 1074 3074 1281 3156; x_wconf 78' lang='grc' dir='ltr'>ἐπίσκοπος·</span> <span class='ocrx_word' id='word_1_153' title='bbox 1313 3071 1354 3152; x_wconf 74' lang='grc' dir='ltr'>ὃν</span> <span class='ocrx_word' id='word_1_154' title='bbox 1372 3073 1482 3176; x_wconf 87' lang='grc' dir='ltr'>προέ-</span> 
     </span>
     <span class='ocr_line' id='line_1_21' title="bbox 385 3201 1481 3309; baseline 0.002 -27"><span class='ocrx_word' id='word_1_155' title='bbox 385 3209 487 3283; x_wconf 89' lang='grc' dir='ltr'>θεντο</span> <span class='ocrx_word' id='word_1_156' title='bbox 510 3201 640 3287; x_wconf 78' lang='grc' dir='ltr'>πάντες</span> <span class='ocrx_word' id='word_1_157' title='bbox 667 3203 754 3283; x_wconf 87' lang='grc' dir='ltr'>ὅντα</span> <span class='ocrx_word' id='word_1_158' title='bbox 780 3202 930 3309; x_wconf 73' lang='grc' dir='ltr'>ἀνεψιὸν</span> <span class='ocrx_word' id='word_1_159' title='bbox 950 3213 1015 3283; x_wconf 86' lang='grc' dir='ltr'>τοῦ</span> <span class='ocrx_word' id='word_1_160' title='bbox 1039 3205 1175 3306; x_wconf 86' lang='grc' dir='ltr'>Κυρίου</span> <span class='ocrx_word' id='word_1_161' title='bbox 1197 3204 1371 3308; x_wconf 71' lang='grc' dir='ltr'>δεύτερον.</span> <span class='ocrx_word' id='word_1_162' title='bbox 1403 3210 1481 3284; x_wconf 86' lang='grc' dir='ltr'>δια·</span> 
     </span>
     <span class='ocr_line' id='line_1_22' title="bbox 339 3334 1483 3444; baseline 0.007 -34"><span class='ocrx_word' id='word_1_163' title='bbox 339 3346 490 3416; x_wconf 76' lang='grc' dir='ltr'>οοτοῦτο</span> <span class='ocrx_word' id='word_1_164' title='bbox 527 3334 678 3416; x_wconf 82' lang='grc' dir='ltr'>ἐκάλουν</span> <span class='ocrx_word' id='word_1_165' title='bbox 710 3336 775 3435; x_wconf 75' lang='grc' dir='ltr'>τὴν</span> <span class='ocrx_word' id='word_1_166' title='bbox 812 3341 1008 3437; x_wconf 85' lang='grc' dir='ltr'>ἐκκλησίαν</span> <span class='ocrx_word' id='word_1_167' title='bbox 1044 3338 1231 3444; x_wconf 85' lang='grc' dir='ltr'>παρθένον·</span> <span class='ocrx_word' id='word_1_168' title='bbox 1276 3342 1373 3420; x_wconf 76' lang='grc' dir='ltr'>οὔπω</span> <span class='ocrx_word' id='word_1_169' title='bbox 1410 3339 1483 3442; x_wconf 81' lang='grc' dir='ltr'>γὰρ</span> 
     </span>
     <span class='ocr_line' id='line_1_23' title="bbox 385 3470 1484 3577; baseline 0.003 -28"><span class='ocrx_word' id='word_1_170' title='bbox 385 3470 544 3576; x_wconf 82' lang='grc' dir='ltr'>έφθαρτο</span> <span class='ocrx_word' id='word_1_171' title='bbox 563 3473 685 3551; x_wconf 84' lang='grc' dir='ltr'>ἀκοαῖς</span> <span class='ocrx_word' id='word_1_172' title='bbox 702 3472 877 3569; x_wconf 88' lang='grc' dir='ltr'>ματαίαις.</span> <span class='ocrx_word' id='word_1_173' title='bbox 920 3472 1065 3577; x_wconf 77' lang='grc' dir='ltr'>ἄρχεται</span> <span class='ocrx_word' id='word_1_174' title='bbox 1084 3475 1113 3552; x_wconf 82' lang='grc' dir='ltr'>δ’</span> <span class='ocrx_word' id='word_1_175' title='bbox 1135 3474 1347 3567; x_wconf 85' lang='grc' dir='ltr'>ὁθέβουθις</span> <span class='ocrx_word' id='word_1_176' title='bbox 1366 3470 1484 3552; x_wconf 77' lang='grc' dir='ltr'>διὰτὸ</span> 
     </span>
     <span class='ocr_line' id='line_1_24' title="bbox 384 3601 1486 3714; baseline 0.005 -35"><span class='ocrx_word' id='word_1_177' title='bbox 384 3602 434 3703; x_wconf 87' lang='grc' dir='ltr'>μὴ</span> <span class='ocrx_word' id='word_1_178' title='bbox 453 3601 621 3702; x_wconf 84' lang='grc' dir='ltr'>γενέσθαι</span> <span class='ocrx_word' id='word_1_179' title='bbox 646 3603 753 3682; x_wconf 78' lang='grc' dir='ltr'>αὐτὸν</span> <span class='ocrx_word' id='word_1_180' title='bbox 772 3605 985 3701; x_wconf 81' lang='grc' dir='ltr'>ἐπίσκοπον,</span> <span class='ocrx_word' id='word_1_181' title='bbox 1000 3607 1251 3714; x_wconf 59' lang='grc' dir='ltr'>,ὑποφθείρεια</span> <span class='ocrx_word' id='word_1_182' title='bbox 1288 3606 1384 3686; x_wconf 84' lang='grc' dir='ltr'>Ἀπὸ</span> <span class='ocrx_word' id='word_1_183' title='bbox 1412 3614 1486 3685; x_wconf 84' lang='grc' dir='ltr'>τῶν</span> 
     </span>
     <span class='ocr_line' id='line_1_25' title="bbox 385 3736 1484 3846; baseline 0.005 -31"><span class='ocrx_word' id='word_1_184' title='bbox 385 3736 475 3817; x_wconf 82' lang='grc' dir='ltr'>ἑπτὰ</span> <span class='ocrx_word' id='word_1_185' title='bbox 517 3736 688 3839; x_wconf 77' lang='grc' dir='ltr'>αἱρέσεων</span> <span class='ocrx_word' id='word_1_186' title='bbox 728 3743 785 3818; x_wconf 82' lang='grc' dir='ltr'>καὶ</span> <span class='ocrx_word' id='word_1_187' title='bbox 823 3738 928 3823; x_wconf 78' lang='grc' dir='ltr'>αὐτὸς</span> <span class='ocrx_word' id='word_1_188' title='bbox 965 3738 1010 3838; x_wconf 83' lang='grc' dir='ltr'>ἦν</span> <span class='ocrx_word' id='word_1_189' title='bbox 1044 3743 1081 3819; x_wconf 85' lang='grc' dir='ltr'>ἐν</span> <span class='ocrx_word' id='word_1_190' title='bbox 1117 3746 1169 3844; x_wconf 72' lang='grc' dir='ltr'>τῷ</span> <span class='ocrx_word' id='word_1_191' title='bbox 1201 3747 1292 3846; x_wconf 74' lang='grc' dir='ltr'>λαῷ·</span> <span class='ocrx_word' id='word_1_192' title='bbox 1334 3744 1395 3845; x_wconf 81' lang='grc' dir='ltr'>ἀφ’</span> <span class='ocrx_word' id='word_1_193' title='bbox 1432 3737 1484 3820; x_wconf 77' lang='grc' dir='ltr'>ὧν</span> 
     </span>
    </p>
   </div>
   <div class='ocr_carea' id='block_1_8' title="bbox 335 4019 1487 4812">
    <p class='ocr_par' dir='ltr' id='par_1_12' title="bbox 433 4019 1485 4096">
     <span class='ocr_line' id='line_1_26' title="bbox 433 4019 1485 4096; baseline 0.002 -20"><span class='ocrx_word' id='word_1_194' title='bbox 433 4020 591 4095; x_wconf 70' lang='lat' dir='ltr'>Postquam</span> <span class='ocrx_word' id='word_1_195' title='bbox 634 4020 762 4078; x_wconf 79' lang='lat' dir='ltr'>Jacobus</span> <span class='ocrx_word' id='word_1_196' title='bbox 803 4040 908 4096; x_wconf 80' lang='lat' dir='ltr'>cogno·</span> <span class='ocrx_word' id='word_1_197' title='bbox 962 4019 1004 4076; x_wconf 86' lang='lat' dir='ltr'>Et</span> <span class='ocrx_word' id='word_1_198' title='bbox 1030 4019 1178 4078; x_wconf 82' lang='lat' dir='ltr'>ecclesiam</span> <span class='ocrx_word' id='word_1_199' title='bbox 1204 4019 1321 4095; x_wconf 89' lang='lat' dir='ltr'>quidem</span> <span class='ocrx_word' id='word_1_200' title='bbox 1347 4020 1485 4078; x_wconf 82' lang='lat' dir='ltr'>hactenus</span> 
     </span>
    </p>

    <p class='ocr_par' dir='ltr' id='par_1_13' title="bbox 335 4099 1487 4812">
     <span class='ocr_line' id='line_1_27' title="bbox 338 4099 1486 4181; baseline 0.003 -26"><span class='ocrx_word' id='word_1_201' title='bbox 338 4121 372 4181; x_wconf 84' lang='lat'>25</span> <span class='ocrx_word' id='word_1_202' title='bbox 385 4111 483 4157; x_wconf 86' lang='lat' dir='ltr'>mento</span> <span class='ocrx_word' id='word_1_203' title='bbox 511 4099 617 4157; x_wconf 85' lang='lat' dir='ltr'>Justus</span> <span class='ocrx_word' id='word_1_204' title='bbox 644 4099 814 4177; x_wconf 84' lang='lat' dir='ltr'>martyrium</span> <span class='ocrx_word' id='word_1_205' title='bbox 843 4120 909 4178; x_wconf 86' lang='lat' dir='ltr'>per·</span> <span class='ocrx_word' id='word_1_206' title='bbox 962 4099 1102 4176; x_wconf 85' lang='lat' dir='ltr'>virginem</span> <span class='ocrx_word' id='word_1_207' title='bbox 1145 4100 1293 4165; x_wconf 80' lang='lat' dir='ltr'>vocabant,</span> <span class='ocrx_word' id='word_1_208' title='bbox 1332 4111 1486 4178; x_wconf 75' lang='lat' dir='ltr'>propterea</span> 
     </span>
     <span class='ocr_line' id='line_1_28' title="bbox 385 4171 1485 4255; baseline 0.001 -19"><span class='ocrx_word' id='word_1_209' title='bbox 385 4180 452 4236; x_wconf 90' lang='lat' dir='ltr'>inde</span> <span class='ocrx_word' id='word_1_210' title='bbox 479 4199 512 4236; x_wconf 80' lang='lat' dir='ltr'>se</span> <span class='ocrx_word' id='word_1_211' title='bbox 540 4171 688 4236; x_wconf 76' lang='lat' dir='ltr'>Dominus</span> <span class='ocrx_word' id='word_1_212' title='bbox 713 4176 845 4255; x_wconf 89' lang='lat' dir='ltr'>pertulit,</span> <span class='ocrx_word' id='word_1_213' title='bbox 872 4180 910 4237; x_wconf 89' lang='lat' dir='ltr'>ob</span> <span class='ocrx_word' id='word_1_214' title='bbox 960 4177 1037 4253; x_wconf 91' lang='lat' dir='ltr'>quod</span> <span class='ocrx_word' id='word_1_215' title='bbox 1053 4178 1134 4235; x_wconf 81' lang='lat' dir='ltr'>vonis</span> <span class='ocrx_word' id='word_1_216' title='bbox 1156 4178 1337 4235; x_wconf 81' lang='lat' dir='ltr'>sermonibus</span> <span class='ocrx_word' id='word_1_217' title='bbox 1356 4178 1485 4236; x_wconf 88' lang='lat' dir='ltr'>nondum</span> 
     </span>
     <span class='ocr_line' id='line_1_29' title="bbox 385 4256 1485 4336; baseline 0.001 -21"><span class='ocrx_word' id='word_1_218' title='bbox 385 4258 514 4334; x_wconf 87' lang='lat' dir='ltr'>ejusdem</span> <span class='ocrx_word' id='word_1_219' title='bbox 553 4256 691 4315; x_wconf 85' lang='lat' dir='ltr'>doctriuae</span> <span class='ocrx_word' id='word_1_220' title='bbox 728 4257 908 4336; x_wconf 77' lang='lat' dir='ltr'>prudieatio·</span> <span class='ocrx_word' id='word_1_221' title='bbox 960 4268 1096 4334; x_wconf 77' lang='lat' dir='ltr'>corrupta</span> <span class='ocrx_word' id='word_1_222' title='bbox 1120 4258 1225 4315; x_wconf 80' lang='lat' dir='ltr'>fuerat.</span> <span class='ocrx_word' id='word_1_223' title='bbox 1268 4258 1381 4314; x_wconf 83' lang='lat' dir='ltr'>Primus</span> <span class='ocrx_word' id='word_1_224' title='bbox 1406 4257 1485 4316; x_wconf 74' lang='lat' dir='ltr'>Tho-</span> 
     </span>
     <span class='ocr_line' id='line_1_30' title="bbox 384 4332 1485 4414; baseline 0.001 -20"><span class='ocrx_word' id='word_1_225' title='bbox 384 4358 475 4404; x_wconf 86' lang='lat' dir='ltr'>nem;</span> <span class='ocrx_word' id='word_1_226' title='bbox 511 4356 611 4395; x_wconf 85' lang='lat' dir='ltr'>rursus</span> <span class='ocrx_word' id='word_1_227' title='bbox 645 4337 736 4393; x_wconf 82' lang='lat' dir='ltr'>frater</span> <span class='ocrx_word' id='word_1_228' title='bbox 770 4337 909 4414; x_wconf 83' lang='lat' dir='ltr'>patruelis</span> <span class='ocrx_word' id='word_1_229' title='bbox 961 4332 1069 4404; x_wconf 87' lang='lat' dir='ltr'>buthis,</span> <span class='ocrx_word' id='word_1_230' title='bbox 1085 4337 1203 4413; x_wconf 82' lang='lat' dir='ltr'>indigne</span> <span class='ocrx_word' id='word_1_231' title='bbox 1220 4338 1316 4394; x_wconf 83' lang='lat' dir='ltr'>ferens</span> <span class='ocrx_word' id='word_1_232' title='bbox 1333 4335 1411 4412; x_wconf 90' lang='lat' dir='ltr'>quod</span> <span class='ocrx_word' id='word_1_233' title='bbox 1431 4338 1485 4395; x_wconf 90' lang='lat' dir='ltr'>mi·</span> 
     </span>
     <span class='ocr_line' id='line_1_31' title="bbox 385 4414 1485 4498; baseline 0.003 -25"><span class='ocrx_word' id='word_1_234' title='bbox 385 4416 504 4473; x_wconf 89' lang='lat' dir='ltr'>Domini</span> <span class='ocrx_word' id='word_1_235' title='bbox 528 4417 656 4494; x_wconf 82' lang='lat' dir='ltr'>Symeon</span> <span class='ocrx_word' id='word_1_236' title='bbox 682 4414 797 4493; x_wconf 82' lang='lat' dir='ltr'>Cleopae</span> <span class='ocrx_word' id='word_1_237' title='bbox 821 4417 908 4481; x_wconf 87' lang='lat' dir='ltr'>filius,</span> <span class='ocrx_word' id='word_1_238' title='bbox 961 4416 1039 4472; x_wconf 85' lang='lat' dir='ltr'>nime</span> <span class='ocrx_word' id='word_1_239' title='bbox 1069 4427 1183 4474; x_wconf 78' lang='lat' dir='ltr'>creatus</span> <span class='ocrx_word' id='word_1_240' title='bbox 1215 4427 1290 4474; x_wconf 83' lang='lat' dir='ltr'>esset</span> <span class='ocrx_word' id='word_1_241' title='bbox 1321 4417 1485 4498; x_wconf 84' lang='lat' dir='ltr'>episcopus,</span> 
     </span>
     <span class='ocr_line' id='line_1_32' title="bbox 335 4494 1487 4578; baseline 0.003 -25"><span class='ocrx_word' id='word_1_242' title='bbox 335 4522 375 4578; x_wconf 86' lang='lat'>30</span> <span class='ocrx_word' id='word_1_243' title='bbox 385 4497 537 4574; x_wconf 85' lang='lat' dir='ltr'>episcopus</span> <span class='ocrx_word' id='word_1_244' title='bbox 559 4496 766 4552; x_wconf 83' lang='lat' dir='ltr'>constituitur:</span> <span class='ocrx_word' id='word_1_245' title='bbox 798 4497 910 4555; x_wconf 83' lang='lat' dir='ltr'>cunctis</span> <span class='ocrx_word' id='word_1_246' title='bbox 961 4515 1022 4552; x_wconf 84' lang='lat' dir='ltr'>eam</span> <span class='ocrx_word' id='word_1_247' title='bbox 1036 4494 1148 4554; x_wconf 82' lang='lat' dir='ltr'>occulte</span> <span class='ocrx_word' id='word_1_248' title='bbox 1158 4496 1259 4554; x_wconf 78' lang='lat' dir='ltr'>vitiare</span> <span class='ocrx_word' id='word_1_249' title='bbox 1270 4508 1314 4554; x_wconf 86' lang='lat' dir='ltr'>est</span> <span class='ocrx_word' id='word_1_250' title='bbox 1325 4517 1487 4574; x_wconf 79' lang='lat' dir='ltr'>aggressus.</span> 
     </span>
     <span class='ocr_line' id='line_1_33' title="bbox 385 4574 1486 4652; baseline 0.003 -20"><span class='ocrx_word' id='word_1_251' title='bbox 385 4595 445 4632; x_wconf 93' lang='lat' dir='ltr'>uno</span> <span class='ocrx_word' id='word_1_252' title='bbox 473 4595 613 4633; x_wconf 85' lang='lat' dir='ltr'>consensu</span> <span class='ocrx_word' id='word_1_253' title='bbox 642 4574 800 4632; x_wconf 88' lang='lat' dir='ltr'>secundum</span> <span class='ocrx_word' id='word_1_254' title='bbox 835 4576 909 4633; x_wconf 83' lang='lat' dir='ltr'>anti·</span> <span class='ocrx_word' id='word_1_255' title='bbox 963 4574 1035 4633; x_wconf 85' lang='lat' dir='ltr'>Fuit</span> <span class='ocrx_word' id='word_1_256' title='bbox 1053 4576 1101 4634; x_wconf 90' lang='lat' dir='ltr'>hic</span> <span class='ocrx_word' id='word_1_257' title='bbox 1118 4596 1135 4633; x_wconf 86' lang='lat' dir='ltr'>e</span> <span class='ocrx_word' id='word_1_258' title='bbox 1154 4587 1264 4652; x_wconf 84' lang='lat' dir='ltr'>septem</span> <span class='ocrx_word' id='word_1_259' title='bbox 1278 4575 1337 4635; x_wconf 89' lang='lat' dir='ltr'>illis</span> <span class='ocrx_word' id='word_1_260' title='bbox 1350 4576 1437 4636; x_wconf 83' lang='lat' dir='ltr'>sectis</span> <span class='ocrx_word' id='word_1_261' title='bbox 1455 4578 1486 4635; x_wconf 92' lang='lat' dir='ltr'>in</span> 
     </span>
     <span class='ocr_line' id='line_1_34' title="bbox 385 4654 1485 4735; baseline 0.002 -20"><span class='ocrx_word' id='word_1_262' title='bbox 385 4655 483 4715; x_wconf 71' lang='lat' dir='ltr'>etitem</span> <span class='ocrx_word' id='word_1_263' title='bbox 506 4654 588 4712; x_wconf 90' lang='lat' dir='ltr'>illum</span> <span class='ocrx_word' id='word_1_264' title='bbox 610 4654 856 4725; x_wconf 77' lang='lat' dir='ltr'>renuntiantibus,</span> <span class='ocrx_word' id='word_1_265' title='bbox 875 4675 910 4714; x_wconf 89' lang='lat' dir='ltr'>eo</span> <span class='ocrx_word' id='word_1_266' title='bbox 961 4654 1087 4713; x_wconf 80' lang='lat' dir='ltr'>Juda‘ioo</span> <span class='ocrx_word' id='word_1_267' title='bbox 1123 4655 1232 4734; x_wconf 86' lang='lat' dir='ltr'>populo</span> <span class='ocrx_word' id='word_1_268' title='bbox 1273 4657 1485 4735; x_wconf 83' lang='lat' dir='ltr'>proseminatis.</span> 
     </span>
     <span class='ocr_line' id='line_1_35' title="bbox 385 4733 1487 4812; baseline 0.001 -19"><span class='ocrx_word' id='word_1_269' title='bbox 385 4733 464 4811; x_wconf 88' lang='lat' dir='ltr'>quod</span> <span class='ocrx_word' id='word_1_270' title='bbox 498 4744 638 4812; x_wconf 77' lang='lat' dir='ltr'>cognatus</span> <span class='ocrx_word' id='word_1_271' title='bbox 672 4734 788 4790; x_wconf 89' lang='lat' dir='ltr'>Domini</span> <span class='ocrx_word' id='word_1_272' title='bbox 824 4746 909 4806; x_wconf 77' lang='lat' dir='ltr'>esset.</span> <span class='ocrx_word' id='word_1_273' title='bbox 963 4734 1011 4792; x_wconf 82' lang='lat' dir='ltr'>Ex</span> <span class='ocrx_word' id='word_1_274' title='bbox 1029 4736 1134 4811; x_wconf 87' lang='lat' dir='ltr'>quibus</span> <span class='ocrx_word' id='word_1_275' title='bbox 1153 4735 1212 4796; x_wconf 85' lang='lat' dir='ltr'>fuit</span> <span class='ocrx_word' id='word_1_276' title='bbox 1232 4736 1321 4794; x_wconf 81' lang='lat' dir='ltr'>etium</span> <span class='ocrx_word' id='word_1_277' title='bbox 1342 4736 1487 4803; x_wconf 78' lang='lat' dir='ltr'>Simon,s</span> 
     </span>
    </p>
   </div>
   <div class='ocr_carea' id='block_1_9' title="bbox 0 0 1918 5650">
    <p class='ocr_par' dir='ltr' id='par_1_14' title="bbox 0 0 1918 5650">
     <span class='ocr_line' id='line_1_36' title="bbox 0 0 1918 5650; baseline 0 0"><span class='ocrx_word' id='word_1_278' title='bbox 0 0 1918 5650; x_wconf 95' lang='lat' dir='ltr'> </span> 
     </span>
    </p>
   </div>
  </div>
 </body>
</html>
