3809 5650
489 743 491 747 ,
547 691 595 756 ΙΝ
619 691 762 756 EPIST.
786 690 1003 756 VIENNEN.
1028 693 1085 756 ET
1110 691 1375 758 LUGDUNEN.
1445 696 1509 757 855

402 848 531 913 ledae.
550 859 578 913 et
592 849 741 926 mooe,
756 849 974 936 Anglicusque
996 850 1124 935 insuper
1146 852 1311 936 interpres.
1357 853 1432 917 Hoc
1453 853 1507 917 de·

403 951 498 1034 nique
524 973 606 1015 nunc
626 952 711 1015 eddo
737 974 777 1015 ex
799 951 949 1037 Lumperi
976 953 1120 1017 Historia
1146 954 1380 1019 Placet-On'ticc
1401 955 1461 1019 vol.
1477 978 1509 1019 x.

402 1074 433 1137 p.
444 1056 519 1137 566.
543 1055 628 1138 quod
654 1053 774 1138 optime
799 1055 923 1119 monuit
948 1054 997 1118 vel
1021 1055 1148 1118 Florius
1172 1055 1206 1118 iu
1230 1057 1361 1121 Dissert.
1388 1059 1428 1122 de
1460 1057 1510 1121 his

403 1153 615 1238 Martyribus‚
631 1155 678 1218 vel
694 1156 832 1241 Zoberg.
851 1156 884 1218 in
900 1159 1063 1220 Commoot.
1081 1157 1244 1222 Dolichos
1264 1159 1509 1224 Christianorum

401 1265 471 1318 crde
502 1258 743 1336 Coretcntincm,
774 1258 893 1323 scilicet
921 1259 1006 1321 haud
1041 1258 1120 1322 satis
1150 1259 1234 1323 inter
1263 1281 1297 1322 se
1326 1261 1367 1324 cb
1397 1262 1509 1325 eodem

404 1355 562 1440 Lumpcrc
583 1358 736 1436 distincti,
753 1361 965 1424 “Auctorem
980 1360 1122 1444 epistolae
1141 1383 1204 1423 nou
1222 1383 1280 1447 pro
1300 1383 1358 1424 suo
1382 1362 1509 1448 ingenio

402 1465 421 1494 “
437 1459 505 1522 haeo
524 1468 737 1524 commentum
757 1483 834 1538 esse,
851 1462 906 1524 sed
927 1484 994 1525 rem
1009 1470 1121 1539 totam,
1138 1463 1185 1526 uti
1206 1463 1394 1548 contigeret,
1411 1487 1509 1550 quen·

403 1567 422 1595 “
438 1583 534 1643 quam
556 1570 674 1645 praeter
694 1562 779 1647 leges
801 1570 834 1626 et
856 1584 961 1627 mores
979 1563 1046 1654 sine
1061 1565 1133 1628 fuco
1157 1573 1190 1628 et
1215 1565 1346 1630 fallaciis
1370 1567 1508 1652 descrip-

401 1668 421 1699 “
438 1662 548 1725 sisse.”
594 1665 745 1727 Ceterum
768 1672 861 1728 notet
885 1666 1056 1742 Strothius‚
1075 1668 1242 1752 crecope
1267 1676 1341 1752 post
1364 1670 1431 1735 τοὺς
1452 1672 1509 1749 μὲν

400 1764 519 1827 addere
539 1767 770 1845 ὁμολογοῦντας,
785 1765 850 1828 tcle
865 1766 941 1850 quid
962 1767 1045 1830 enim
1065 1769 1173 1832 deesse
1188 1792 1228 1833 ex
1246 1770 1362 1833 Rufino
1382 1793 1507 1855 quoque

401 1874 523 1950 petere,
533 1867 587 1950 qui
596 1867 695 1930 hebet
699 1868 896 1951 perridentes.
913 1872 995 1932 Cum
1005 1892 1079 1933 vero
1090 1871 1149 1934 hoc
1160 1871 1330 1955 recepisset
1340 1872 1372 1935 iu
1382 1880 1506 1936 textum

401 1968 686 2046 Zimmermennus,
701 1969 788 2032 houd
809 1970 856 2033 ita
873 1971 1085 2036 necessarium
1106 1973 1189 2036 idem
1204 1972 1305 2036 visum
1324 1981 1374 2038 est
1395 1973 1506 2037 Heini-

400 2070 501 2134 cheno
518 2071 689 2134 Eusebium
705 2079 817 2155 postea
831 2073 947 2136 edenti.

446 2172 483 2235 P.
499 2192 573 2255 313.
597 2173 618 2234 l.
631 2195 662 2253 4.
689 2176 716 2236 εἰ
737 2174 771 2237 δέ
790 2200 868 2241 τινες
887 2178 1035 2255 ἆρνοῖντο,
1057 2178 1176 2243 τούτους
1197 2177 1395 2259 ᾰπολυθῆναι]
1420 2176 1507 2241 Mira

401 2274 485 2337 ratio
503 2274 623 2357 judicii,
643 2275 669 2338 si
692 2275 745 2339 isti
767 2286 925 2360 epostctae
950 2300 1061 2362 reapse
1086 2279 1251 2342 homicidae
1273 2285 1370 2362 atque
1393 2278 1505 2342 incesti

402 2375 544 2439 fuissent.
591 2377 722 2440 luteres
739 2400 834 2461 quem
855 2379 1010 2443 obnoxius
1032 2381 1136 2457 luerit,
1159 2381 1212 2463 qui
1232 2388 1309 2444 tunc
1327 2380 1506 2464 imperabat

401 2476 534 2540 Murcus
558 2476 707 2540 Aurelius
735 2480 973 2543 accusatoribus
999 2481 1262 2556 Christianorum,
1287 2481 1364 2544 illud
1390 2482 1506 2546 indicio

402 2587 462 2655 est,
489 2580 573 2662 quod
599 2579 776 2642 orationem
804 2587 917 2643 contre.
943 2581 1144 2644 Christianos
1173 2583 1299 2665 scripsit
1327 2590 1506 2666 praeceptor

400 2681 469 2764 ejus
492 2687 525 2743 et
547 2679 725 2764 praecipuus
747 2681 867 2744 amicus
888 2682 1050 2745 Cornelius
1076 2683 1208 2757 Fronto,
1230 2683 1262 2744 in
1283 2703 1346 2765 qun
1366 2683 1505 2766 quidem,

401 2782 557 2846 referente
572 2782 716 2847 Minucio
732 2783 841 2857 Felici,
857 2783 967 2848 extitit
986 2783 1094 2847 fabule
1113 2780 1314 2867 spurcissime
1331 2780 1385 2844 ille
1405 2783 1505 2845 eversi

401 2893 499 2971 utque
520 2886 654 2950 extincti
676 2886 802 2950 luminis
823 2888 909 2971 spud
929 2886 1049 2950 Christi
1071 2885 1217 2950 cultores.
1266 2882 1350 2946 Vide
1373 2883 1505 2947 Minucii

402 2987 517 3052 Felicis
535 2989 693 3052 Octavium
708 3012 799 3072 capp.
814 2988 844 3050 8.
860 2996 894 3051 et
907 3007 961 3072 31.

446 3091 530 3154 Ibid.
546 3091 565 3153 l.
578 3111 609 3175 5.
637 3096 687 3168 τῆς
710 3090 817 3153 ἐνθάδε
838 3087 1044 3173 πανηγύρεως]
1071 3087 1213 3152 Celebris
1235 3108 1275 3149 cx
1296 3087 1381 3148 omni
1400 3086 1505 3151 Gallia

401 3201 575 3256 conventus
596 3192 742 3255 ludomm
766 3213 862 3255 cause
883 3189 982 3255 fiebat
1006 3190 1161 3277 Lugduni,
1185 3191 1227 3253 ed
1248 3208 1337 3251 erem
1353 3190 1505 3272 Augusto

402 3303 571 3360 secretum.
617 3295 735 3358 Dicatu
759 3302 868 3357 eutem
891 3293 997 3356 irreret
1023 3293 1090 3356 hoec
1116 3314 1175 3356 oro
1199 3290 1276 3354 Julo
1302 3290 1446 3353 Antonio
1470 3299 1504 3355 et

403 3398 505 3462 Fabio
529 3397 683 3460 Africano
704 3397 792 3460 Coss.
810 3395 957 3461 Calendis
978 3394 1130 3480 Augusti,
1145 3402 1182 3457 ut
1202 3392 1312 3458 scribit
1333 3391 1504 3457 Suetonius

402 3499 434 3561 iu
465 3499 609 3562 Claudio.
643 3497 723 3577 (scil.
756 3496 896 3580 Augusti
928 3496 1008 3560 Oaes.
1038 3495 1260 3579 temporibus.)
1311 3495 1376 3558 Eos
1411 3495 1503 3559 ludos

400 3602 505 3664 adhuc
519 3623 577 3664 sua
591 3608 689 3664 aetete
704 3599 857 3663 mansisse
871 3597 982 3662 scribit
996 3597 1068 3661 Dic.
1115 3597 1166 3660 Ex
1180 3598 1230 3661 his
1245 3596 1403 3681 colligitur
1417 3618 1501 3661 mur·

400 3709 488 3787 tyrcs
505 3703 732 3787 Lugdunenses
745 3723 853 3765 mense
869 3702 1018 3785 Augusto
1032 3721 1143 3783 pessos
1157 3721 1235 3762 esse.
1283 3699 1376 3779 Quod
1394 3706 1502 3762 autem

401 3802 535 3867 Hieron.
564 3805 649 3881 Ado,
677 3805 854 3879 Ususrdus,
883 3802 986 3880 Beda,
1013 3801 1197 3865 Nothkerus
1220 3800 1335 3882 uliique
1361 3799 1501 3862 natalem

401 3905 662 3989 Lugdunensium
676 3914 853 3990 martyrum
873 3904 1040 3968 conferunt
1059 3903 1090 3964 in
1106 3902 1191 3965 diem
1205 3924 1250 3964 ιν.
1275 3901 1384 3964 Nonus
1399 3899 1422 3961 J
1423 3900 1499 3977 unii,

399 4007 476 4070 nihil
492 4028 542 4069 me
559 4014 674 4071 movet.
719 4007 783 4069 Diu
803 4007 887 4069 enim
906 4010 980 4089 post
1000 4004 1124 4066 illorum
1144 4023 1262 4075 necem,
1279 4022 1351 4064 cum
1374 4001 1499 4065 illorum

399 4108 539 4191 reliquiae
555 4108 690 4171 inventae
705 4107 848 4180 fuissent,
865 4108 915 4170 hio
931 4106 999 4169 dies
1014 4104 1213 4188 potissimum
1228 4102 1347 4166 electus
1363 4108 1423 4176 est,
1437 4123 1501 4185 quc

399 4209 539 4272 omnium
561 4209 653 4272 simul
676 4208 827 4272 memoria
849 4207 1083 4280 celebraretur;
1120 4227 1192 4270 cum
1215 4214 1325 4269 temen
1350 4225 1414 4265 non
1438 4224 1502 4267 uuo

398 4310 644 4393 eodemquedie
666 4331 775 4372 omnes
796 4309 881 4393 pessi
903 4308 978 4385 sint,
1002 4316 1039 4372 ut
1061 4330 1100 4370 ex
1124 4306 1183 4370 hac
1207 4304 1341 4390 epistole
1364 4312 1499 4369 constet.

399 4412 560 4474 Vnursms.
601 4411 736 4494 (Confer
750 4419 816 4474 not.
832 4411 874 4473 ad
891 4411 921 4491 ξ.
938 4429 987 4488 14.
999 4409 1055 4472 sed
1071 4408 1246 4472 Ruinertus
1257 4413 1376 4482 censet,
1388 4406 1421 4468 id
1436 4405 1500 4469 fao-

398 4520 468 4576 tum
483 4513 594 4576 eodem
615 4512 666 4575 die
681 4511 777 4575 fuisse
788 4511 881 4587 forte,
898 4511 983 4595 quod
999 4510 1033 4586 ii,
1048 4509 1102 4596 qui
1118 4531 1158 4572 ex
1177 4509 1227 4573 his
1242 4507 1360 4571 sanctis
1380 4514 1499 4591 mnrty·

398 4615 485 4679 ribus
508 4615 628 4700 priores
650 4611 767 4677 mortui
792 4619 878 4688 sunt,
900 4611 948 4674 vel
975 4612 1134 4676 Pothinus
1160 4611 1334 4695 episcopus,
1361 4608 1421 4672 hoc
1447 4607 1499 4671 die

398 4718 513 4782 obiisse
541 4716 757 4802 putarentur.)
804 4715 855 4777 Ex
884 4713 934 4778 his
963 4716 1067 4779 verbis
1092 4714 1231 4799 Loydius
1260 4719 1293 4777 et
1316 4711 1497 4775 Dodwellus

895 4839 914 4878 z
928 4836 945 4877 Ζ
961 4836 980 4883 2
