3809 5650
576 675 625 740 IN
656 673 904 739 HEGESIPPI
937 676 1237 741 FRAGMENTA.
1389 676 1455 741 267

353 839 523 924 discipulos
552 860 615 902 non
645 838 854 902 Marcionitas
883 839 944 902 hoc
969 837 1039 901 loco
1064 839 1247 923 designatos
1270 837 1453 910 existimats

353 939 405 1004 cai
420 940 547 1024 quidem
562 938 751 1022 conjecturae
773 938 859 1002 favet
878 938 966 1001 locus
984 938 1234 1002 Constitutionmn
1247 942 1355 1022 Apost.
1372 939 1456 1003 infra

354 1041 521 1103 adductus.
565 1038 686 1101 Verum
702 1039 803 1122 magis
821 1037 1075 1121 amplectendam
1094 1059 1207 1101 censeo
1224 1038 1367 1101 codicum
1389 1039 1453 1100 Va·

353 1139 544 1203 losianarum
573 1139 807 1223 Nicephorique
837 1138 1005 1201 lectionem
1030 1140 1250 1219 Μοριιιανισταὶ
1275 1139 1317 1201 ab
1343 1139 1455 1201 codem

356 1243 472 1305 Marco
491 1243 632 1317 ductam,
647 1241 700 1324 qui
722 1240 886 1304 Marcione
904 1240 1004 1302 multo
1024 1241 1179 1326 vetustior
1199 1241 1269 1316 luit,
1286 1248 1319 1304 et
1338 1263 1360 1304 a
1382 1240 1452 1304 SE·

355 1343 496 1408 NlORE
511 1344 596 1427 apud
613 1343 771 1406 Irenaeum
790 1365 887 1427 supra
901 1343 1123 1418 introducitur,
1140 1342 1236 1405 Num.
1253 1343 1295 1406 xi.
1311 1365 1384 1428 pag.
1399 1364 1455 1428 59.

357 1445 411 1508 lta
425 1445 502 1508 dicti
518 1454 593 1507 sunt
608 1444 817 1506 Pauliauistae
833 1443 925 1506 Pauli
941 1443 1140 1506 samosateni
1155 1443 1310 1527 discipuli.

401 1544 438 1606 P.
453 1548 525 1608 216.
546 1544 567 1607 l.
583 1546 612 1606 6.
629 1542 868 1627 Σατορνιλιανοὶ]
894 1545 1119 1622 Σατορνινιανοὶ
1133 1544 1264 1627 Nicepls.
1280 1551 1353 1627 post
1372 1544 1456 1610 banc

356 1664 464 1708 vocem
479 1645 603 1707 addunt
618 1644 666 1705 καὶ
681 1643 776 1722 ἕτεροι
790 1645 829 1709 ὥς
839 1643 914 1707 cod.
933 1643 1064 1705 (ἔπαινοι
1072 1643 1169 1706 Lecti.
1180 1649 1213 1705 et
1226 1644 1326 1706 Codea
1338 1644 1457 1708 Castal.

357 1747 407 1826 (et
424 1745 498 1808 Cod.
513 1745 621 1806 Paris.
636 1748 680 1823 1.)
696 1743 827 1805 Sraorn.
865 1745 948 1806 Cum
964 1745 1041 1807 MS.
1054 1744 1194 1827 Norsole.
1209 1743 1292 1806 infra
1307 1745 1458 1808 exhibeat

357 1847 398 1911 ὡς
416 1867 474 1930 pro
491 1845 608 1920 ἑτέρως,
627 1845 699 1907 idco
720 1844 804 1906 istud
823 1844 967 1908 codicum
988 1845 1121 1907 Gruteri
1137 1852 1169 1908 et
1185 1844 1358 1908 Oastallani
1377 1852 1456 1908 nota

358 1946 541 2030 marginalis
562 1945 687 2008 videtur
705 1945 852 2029 primitus
873 1945 969 2007 fuisse
991 1945 1032 2006 ad
1056 1944 1170 2025 ἑτέρως.
1216 1944 1324 2008 Habet
1345 1948 1460 2009 Sutur-

357 2045 449 2107 aioni
464 2043 597 2105 Rufinus
615 2064 756 2126 quoque;
779 2049 812 2105 et
833 2043 975 2126 proxime
995 2049 1071 2105 ante
1091 2042 1122 2105 in
1141 2042 1319 2106 coelicet.
1335 2042 1458 2106 deside·

358 2151 472 2206 rantur
495 2164 585 2205 voces
610 2145 658 2204 καὶ
684 2145 896 2205 Βασιλιδιανοί.
942 2142 1091 2205 Ceterum
1121 2165 1161 2205 ex
1182 2140 1460 2218 constitutionibus,

359 2267 431 2328 quae
447 2244 628 2326 Apostolicoe
642 2243 799 2320 dicuntur,
814 2243 918 2306 locum
933 2242 984 2305 hic
999 2242 1131 2306 afferam
1146 2244 1311 2327 plerasque
1322 2243 1459 2306 haereses

359 2354 436 2409 ante
458 2344 630 2408 recensitas
647 2352 957 2408 commemorantem.
991 2343 1102 2407 Ἡνίκο
1117 2347 1150 2406 δὲ
1162 2344 1327 2423 ἐβήλθομεν
1341 2344 1459 2428 (inqui-

360 2453 421 2508 unt
439 2444 507 2506 ficti
526 2443 677 2527 apostoli)
702 2447 736 2506 ἐν
755 2450 817 2510 τοῖς
836 2445 938 2507 ἔθνεσι
958 2445 1109 2523 κηρύττειν
1129 2445 1182 2506 τὸν
1197 2447 1291 2524 λόγον
1305 2449 1357 2523 τῆς
1377 2445 1463 2521 ζωῆς,

360 2546 428 2607 τότε
452 2546 616 2624 ἐνήργησεν
636 2547 653 2606 ὁ
673 2544 816 2622 διάβολος
838 2548 880 2610 εἰς
900 2545 952 2606 τὸν
972 2546 1050 2607 λαὸν
1068 2543 1247 2608 ἀποστεῖλαι
1266 2547 1362 2608 ὀπίσω
1380 2546 1463 2624 ήμῶν

360 2646 628 2726 ψευδαποσπόλους
643 2648 685 2710 εἰς
702 2645 880 2723 βεβήλωσιν
894 2650 947 2707 τοῦ
961 2646 1066 2724 λόγου·
1092 2646 1139 2707 καὶ
1160 2644 1369 2724 προεβάλοντο
1386 2650 1465 2708 Κλε-

360 2748 450 2826 όβιόν
470 2772 544 2822 τινα,
570 2748 618 2808 καὶ
641 2746 822 2827 παρέζευξαν
852 2751 891 2831 τῷ
922 2748 1042 2823 Σίμωνι·
1080 2747 1160 2808 οὗτοι
1184 2749 1217 2808 δὲ
1243 2748 1461 2825 μοθηπεύουσιν

363 2847 502 2931 Δοσιθέῳ
518 2850 585 2923 τινὶ,
603 2847 638 2910 ὃν
654 2849 702 2910 καὶ
717 2849 1023 2927 παρευδοκιμήσαντες
1044 2849 1193 2924 ἐξώσαντο
1207 2851 1258 2923 τῆς
1272 2846 1374 2927 ἀρχῆς·
1401 2846 1465 2909 εἶτα

362 2950 411 3010 καὶ
438 2949 533 3027 ἕτεροι
563 2948 671 3027 ἑτέρων
701 2952 845 3027 κατῆρξαν
875 2950 1007 3010 ἐκτόπων
1036 2946 1201 3027 δογμάτων,
1227 2947 1381 3026 Κήρινθος,
1413 2947 1461 3009 καὶ

364 3048 497 3129 Μάρκος,
517 3049 564 3110 καὶ
585 3048 771 3127 Μένανδρος,
792 3050 840 3111 καὶ
859 3051 1044 3126 Βασιλείδης,
1066 3049 1114 3110 καὶ
1135 3053 1326 3127 Σαπορνῖλος.
1378 3045 1461 3109 Tum

361 3148 473 3212 statim
494 3156 567 3232 post
588 3149 761 3225 adduntur,
782 3151 811 3211 ol
832 3150 866 3210 δὲ
886 3150 1010 3228 ducebar
1027 3150 1266 3229 ἐκπορνεύουσιν,
1286 3147 1344 3209 οἶοι
1363 3148 1393 3209 ol
1414 3150 1468 3210 νῦν

363 3251 552 3331 ψευδώνυμοι
566 3254 756 3311 Νικολοῐποι.
782 3248 852 3310 Iaib.
864 3248 905 3311 vi.
922 3270 991 3331 cap.
1004 3249 1033 3311 8.

409 3352 480 3414 lbid
495 3352 515 3412 l.
533 3368 561 3431 7.
585 3350 864 3435 παρεισηγάγησον]
883 3351 1117 3432 παρεισήγαγεν.
1163 3350 1216 3414 lta
1231 3348 1368 3412 correxit
1384 3347 1465 3411 Rcb.

364 3452 555 3535 Stephanus,
577 3450 700 3512 cumin
724 3450 869 3513 omnibus
891 3451 1125 3534 exemplaribus
1143 3457 1328 3514 constanter
1341 3449 1468 3533 legatur

364 3551 642 3631 παρεισηγάγησαν.
688 3550 751 3629 Qui
771 3551 988 3614 barbarismus
1004 3573 1068 3615 non
1089 3553 1210 3615 alienus
1230 3558 1280 3615 est
1297 3550 1339 3614 ab
1360 3549 1470 3634 Hege-

365 3652 463 3734 sippo.
507 3651 544 3712 ln
560 3650 667 3713 codice
682 3658 791 3714 tamen
804 3652 985 3715 Fuketiano
999 3652 1154 3737 scriptum
1168 3652 1272 3715 inveni
1287 3650 1470 3731 παρεισηγλ-

366 3777 473 3831 γηοον.
519 3751 615 3834 Apud
641 3750 854 3835 Nicephorum
880 3773 955 3815 vero
979 3751 1097 3837 legitur
1120 3752 1354 3832 παρεισήγαγον,
1381 3751 1468 3834 quod

365 3850 467 3931 magis
485 3852 595 3934 probo.
615 3852 777 3914 Vsnmrm.
822 3852 860 3913 ln
880 3858 1005 3914 textum
1025 3852 1145 3934 primus
1165 3850 1285 3934 recepit
1305 3849 1471 3912 Strothius

366 3952 642 4032 παρεισηγᾶγησαν,
658 3952 816 4035 aliumque
831 3958 947 4014 testem
960 3950 1081 4013 Valesii
1097 3949 1330 4033 exemplaribus
1345 3948 1471 4011 addidit

370 4052 493 4114 Codicis
516 4054 623 4115 Veneti
643 4053 738 4115 lectt.
786 4053 883 4113 Hunc
909 4072 967 4133 ego
992 4057 1025 4112 et
1050 4050 1123 4112 olim
1149 4057 1276 4112 secutus
1300 4068 1393 4121 sam;
1418 4048 1473 4131 qui

366 4151 399 4215 in
415 4151 536 4215 Valesii
560 4153 768 4216 adnotatione
794 4152 943 4214 mendum
968 4149 1097 4233 aliquod
1121 4171 1189 4212 esse
1213 4148 1394 4233 suspicatus
1413 4146 1471 4225 ait,

368 4260 390 4289 “
406 4253 481 4335 quid
497 4254 556 4316 sibi
570 4253 645 4316 velit
659 4253 735 4315 illud
750 4262 850 4314 tamea
865 4252 950 4334 apud
967 4250 1125 4313 Valesium
1138 4271 1172 4313 sc
1187 4249 1317 4321 nescire,
1334 4248 1393 4309 nisi
1409 4247 1474 4311 alia

367 4361 388 4391 “
405 4353 499 4417 lectio
514 4354 692 4437 reperiatur
705 4354 738 4415 in
757 4352 830 4415 Ood.
845 4352 958 4414 Fulcct.
974 4350 1141 4413 lectionem
1164 4348 1318 4433 Stephani
1333 4347 1471 4410 fortasse

367 4462 389 4490 “
405 4455 624 4517 confirmans.”
668 4454 761 4517 Nunc
779 4459 866 4516 reete
887 4453 935 4515 ait
961 4452 1133 4527 Burtonus‚
1157 4449 1376 4533 corrigendam
1399 4469 1469 4511 csse

369 4554 492 4618 Valesii
515 4564 625 4619 notam
650 4554 873 4619 substituendo
893 4573 1001 4615 vocem
1026 4550 1292 4632 παρεισηγόγοσαν
1315 4549 1473 4634 inpriore

368 4665 462 4738 parte
477 4657 545 4740 ejus
557 4682 566 4729 ς
590 4663 624 4719 et
638 4654 905 4736 πορεισηγάγοσον
918 4651 1005 4715 istud
1020 4652 1053 4713 in
1068 4651 1210 4736 pluribus
1225 4650 1352 4737 scriptis
1367 4649 1474 4712 invon-

865 4774 890 4816 M
907 4774 939 4815 m
956 4773 974 4820 2
