3809 5650
516 681 740 747 EPISTOLA
764 681 1091 750 VIENNENSIUM
1114 684 1172 750 ET
1196 683 1334 750 LUGD.
1412 684 1475 748 811

375 841 525 923 καὶτοῖς
549 839 680 944 ἔξωθεν
704 842 907 946 ὀφθαλμοῖς
932 841 991 922 δαὶ
1015 850 1080 943 τῆς
1108 847 1280 951 ἀδελφῆς,
1299 842 1363 923 τὸν
1389 841 1479 945 ὑπὲρ

376 974 492 1052 αὐτῶν
525 974 803 1076 ἐσταυρωμένον,
833 976 891 1055 ἵνα
919 978 1030 1082 πείσῃ
1057 977 1140 1062 τοὺς
1166 976 1400 1060 πιστεύοντας
1427 981 1476 1060 είς

376 1104 494 1203 αὐτὸν,
514 1107 568 1186 ὅτι
587 1114 658 1190 πᾶς
684 1110 704 1186 ὃ
727 1107 816 1212 ὑπὲρ
840 1115 905 1209 τῆς
932 1116 1098 1214 Χριστοῦ
1124 1112 1232 1218 δόξης
1256 1109 1393 1208 παθὼν,
1410 1109 1478 1210 τήν

376 1243 560 1320 κοινωνίαν
578 1245 631 1320 ἀεὶ
656 1242 727 1346 ἔχει
751 1243 842 1341 μετά
867 1253 931 1324 τοῦ
957 1244 1086 1348 ζῶντος
1109 1251 1215 1326 θεοῦ.
1247 1247 1305 1324 καὶ
1331 1241 1480 1343 μηδενὸς

350 1375 564 1480 5ἁφαμένου
582 1375 662 1455 τότε
680 1382 752 1455 τῶν
770 1378 903 1478 θηρίων
921 1380 1040 1478 αὐτῆς,
1054 1384 1305 1482 καθαιρεθεῖσα
1323 1375 1395 1458 ἀπὸ
1413 1385 1478 1456 τοῦ

377 1508 501 1613 ξύλου,
531 1509 719 1614 ἀνελήφθη
756 1509 869 1590 πάλιν
904 1518 953 1596 εἱς
989 1512 1055 1613 τὴν
1092 1513 1242 1615 εἱρκτὴν,
1272 1518 1321 1597 εἷς
1358 1512 1480 1591 ἀλλον

377 1644 500 1742 ἀγῶνα
518 1643 724 1743 τηρουμένη·
749 1644 807 1722 ἵνα
825 1645 884 1724 διά
901 1644 1081 1773 πλειόνων
1098 1644 1368 1749 γυμνασμάτων
1383 1643 1480 1745 νική-

378 1808 492 1874 σασα,
519 1782 571 1882 τφ
598 1775 663 1875 μὲν
690 1786 830 1886 σκολιῷ
857 1779 939 1886 ὄφει
968 1783 1210 1885 ἀπαραίτητον
1241 1780 1378 1886 ποιήσῃ
1412 1778 1479 1878 τὴν

378 1910 581 2008 καταδίκην·
612 1913 860 2018 προτρεφηται
879 1912 917 1993 δὲ
935 1913 1017 1999 τοὺς
1035 1914 1214 2021 ἀδελφοὺς
1237 1915 1260 2013 ἡ
1285 1911 1395 2016 μικρά
1419 1914 1480 1992 καὶ

333 2082 369 2121 10
378 2040 532 2142 ἀσθενής
550 2045 608 2122 καὶ
623 2044 941 2150 εὐκαταφρόνητος,
960 2048 1076 2150 με’γαν
1100 2051 1159 2127 καὶ
1184 2046 1480 2149 ἀκαταγῶνιστον

378 2177 540 2277 ἀθλητήν
557 2177 723 2281 Χριστὸν
740 2181 961 2281 ἐνδεδυμένη·
990 2182 1049 2262 διά
1070 2190 1222 2263 πολλῶν
1247 2180 1392 2284 κλήρων
1415 2183 1475 2260 ε’κ-

377 2312 546 2405 βιάσασα
582 2312 646 2394 τὸν
682 2317 931 2415 ἀντικείμενον·
971 2320 1030 2397 καὶ
1063 2320 1105 2396 δι’
1140 2320 1277 2420 ἀγῶνος
1313 2315 1377 2395 τὸν
1415 2321 1481 2416 τῆς

378 2449 586 2551 ἀφθαρσίας
596 2451 809 2554 στεφαμεή
828 2449 1024 2555 στέφανον.
1047 2453 1067 2530 ὁ
1086 2449 1124 2530 δὲ
1136 2448 1322 2534 Ἀτταλος
1341 2452 1399 2528 καὶ
1417 2450 1481 2528 αὗ-

378 2581 439 2665 τδς
456 2581 623 2683 μεγάλως
640 2583 835 2688 ἐξαιτηθεὶς
854 2582 923 2665 ὑπὸ
941 2593 1006 2664 τοῦ
1024 2583 1147 2688 ὄχλου,
1162 2587 1221 2662 καὶ
1239 2582 1311 2685 γάρ
1330 2581 1375 2681 ἦν
1393 2584 1477 2663 ὀνο-

335 2759 346 2797 1
352 2712 529 2816 ημαστὸς,
559 2716 697 2815 ἕτοιμος
729 2723 897 2818 εἰσῆλθεν
930 2715 1134 2819 ἀγωνιστὴς
1161 2715 1221 2795 διά
1247 2715 1290 2796 τὸ
1317 2718 1476 2797 εὐσυνεί-

379 2853 497 2949 δητον,
515 2850 633 2951 ἐπειδὴ
660 2852 818 2954 γνησίως
845 2855 883 2932 ε’ν
910 2858 955 2957 τῇ
982 2857 1187 2956 Χριστιαιςή
1214 2848 1386 2957 συντάξει
1413 2885 1475 2953 γε·

379 2983 629 3085 γυμνασμένος
651 2981 706 3082 ἦν,
725 2987 784 3064 καὶ
808 2988 861 3064 ἀεὶ
886 2984 1022 3088 μάρτυς
1047 2982 1202 3087 ε’γεγόνει
1226 2986 1309 3087 παρ’
1332 2984 1407 3083 (for.
1429 2993 1481 3070 τῆς

379 3127 463 3222 παρ’)
487 3120 572 3218 ἡμῖν
599 3119 778 3217 ἀληθείας.
809 3122 868 3198 καὶ
892 3121 1094 3223 περιαχθεὶς
1122 3116 1243 3225 κύκλιρ
1270 3124 1334 3195 τοῦ
1361 3117 1476 3221 ἀμφι·

380 3409 486 3468 sororis
504 3429 627 3487 persona
647 3409 793 3487 corporeis
810 3409 902 3469 oculis
952 3410 1017 3469 silla
1046 3409 1218 3486 infimoque
1243 3419 1274 3467 et
1301 3416 1478 3484 contempta,

334 3488 636 3556 aocernerentillum,
648 3489 763 3566 quipro
775 3490 903 3567 ipsorum
953 3490 1064 3549 Christi
1084 3500 1192 3557 tamen,
1213 3488 1310 3566 magni
1332 3487 1412 3546 illius
1433 3487 1479 3545 in-

380 3569 474 3627 salute
488 3567 644 3627 crucifixus
663 3569 729 3627 ideo
748 3569 854 3636 fuerat,
869 3580 903 3628 ut
953 3571 1083 3648 victique
1101 3568 1229 3639 athlete,
1244 3568 1346 3627 robore
1366 3566 1480 3633 induta,

380 3648 565 3707 credentibus
583 3649 614 3706 in
633 3649 727 3724 ipsum
748 3650 903 3723 persuade-
953 3662 984 3708 et
993 3650 1188 3709 adversarium
1200 3647 1480 3706 multisvicibussu·

380 3739 435 3794 ret,
450 3728 616 3805 quicunque
626 3749 680 3807 pro
691 3729 800 3787 Christi
812 3730 904 3805 gloria
954 3740 1093 3808 potasset,
1116 3739 1146 3788 et
1174 3726 1300 3805 glorioso
1325 3725 1482 3785 certamine

380 3818 538 3882 pateretur,
574 3809 652 3867 hunc
687 3808 745 3867 Dei
779 3809 905 3867 viventis
955 3829 1089 3867 coronam
1098 3806 1325 3866 immortalitatis
1336 3815 1482 3883 reportas·

334 3908 349 3946 2
354 3897 543 3965 5consortem
570 3888 716 3946 futurum.
771 3890 904 3964 Cumque
954 3900 1008 3947 set.
1051 3886 1171 3945 Attalus
1191 3904 1308 3962 quoque
1325 3884 1481 3942 vehemen-

382 3965 462 4023 nulla
486 3977 558 4025 tuac
580 3968 673 4025 bestia
697 3986 802 4045 corpus
826 3966 906 4024 illius
956 3978 1001 4025 ter
1016 3966 1155 4045 apopulo
1172 3963 1336 4043 postulatus
1355 3962 1391 4020 ad
1411 3981 1481 4040 sup·

380 4045 537 4122 attigisset,
560 4045 692 4124 deposita
722 4066 759 4104 ex
793 4046 905 4123 stipite,
956 4046 1086 4124 plicium‚
1101 4054 1205 4122 utpote
1227 4042 1273 4099 rir
1294 4041 1379 4100 valde
1404 4040 1481 4100 cele·

381 4144 481 4182 rursus
495 4125 526 4182 iu
539 4144 681 4183 carcerem
696 4125 859 4201 conjicitur,
874 4124 905 4181 in
956 4126 1024 4191 brie,
1040 4134 1157 4202 paratus
1171 4122 1208 4181 ad
1221 4132 1367 4180 certamen
1386 4140 1480 4180 acces·

381 4204 461 4262 aliud
469 4214 615 4262 certamen
626 4215 785 4263 reservata:
799 4213 833 4261 ut
843 4204 906 4281 piu·
957 4205 1005 4270 sit,
1020 4205 1115 4261 fretus
1129 4201 1305 4261 conscientia
1324 4212 1403 4258 recte
1420 4200 1480 4260 fae·

332 4283 462 4362 3oribus
493 4282 709 4361 prolusionibus
743 4284 907 4342 adversario
957 4293 1064 4341 torum.
1106 4282 1225 4360 Quippe
1247 4281 1278 4338 in
1300 4280 1481 4339 Christiano-

381 4374 527 4441 superato,
552 4363 676 4422 tortuosi
700 4361 817 4439 quidem
842 4382 903 4420 ser·
953 4359 1480 4441 rumdisciplinasolideexercitatus,

381 4444 479 4521 pentis
501 4442 772 4501 condemnationem
796 4452 904 4500 certam
954 4443 1096 4519 testisque
1109 4439 1187 4519 apud
1202 4460 1254 4500 nos
1264 4438 1397 4500 veritatis
1405 4459 1481 4499 sem.

381 4533 469 4599 atque
483 4522 679 4582 inevitabilem
690 4520 835 4588 redderet,
845 4520 904 4579 fra·
954 4543 1007 4602 per
1040 4522 1202 4581 exstiterat.
1261 4520 1394 4596 Cumque
1428 4539 1482 4599 per

382 4613 441 4662 tres
455 4623 525 4663 vero
543 4602 676 4681 exemplo
694 4621 749 4660 suo
767 4599 906 4660 accende-
955 4602 1201 4681 amphitheatrum
1251 4597 1481 4660 circumducere·

333 4709 350 4765 3
355 4695 436 4767 5ret,
487 4683 607 4763 Quippe
628 4702 693 4760 quoe
713 4681 829 4740 tametsi
850 4700 906 4760 pu.
957 4692 1016 4753 tur,
1037 4681 1219 4761 praecedente
1242 4680 1339 4761 ipsum
1364 4677 1491 4778 tabella„
