3809 5650
262 679 328 742 σοι
603 672 825 754 nummum
848 672 1021 738 snorum

264 836 318 916 ότι
350 833 578 913 ἐναποθανὼν
604 840 680 916 ταῖς
708 833 894 929 βασάνοις,
920 834 1041 940 φόβον
1065 832 1268 933 ἐμποιήσειε
1291 841 1365 917 τοῖς

264 974 412 1050 λοιποῖς·
452 969 493 1045 οὐ
529 966 639 1064 μόνον
670 965 771 1045 οὐδέν
803 970 883 1067 περὶ
916 966 1025 1047 αὐτὸν
1048 977 1187 1046 τοιοῦτο
1216 968 1366 1067 συνέβη,

264 1102 365 1184 ἀλλά
408 1105 466 1179 καὶ
509 1099 608 1202 παρὰ
649 1107 775 1180 πᾶσαν
816 1100 928 1207 δόξαν
971 1103 1171 1205 ἀνθρώπων
1209 1103 1367 1209 ἀνέκυψε

266 1241 324 1319 καὶ
350 1235 545 1337 ἀνωρθώθη
565 1234 606 1313 τὸ
625 1234 810 1332 σωμάτιον
827 1238 864 1314 έν
882 1244 959 1319 ταῖς
977 1236 1162 1334 μετέπειτα
1180 1236 1367 1336 βασάνοις,

266 1378 324 1455 καὶ
353 1372 419 1471 τὴν
449 1371 544 1450 ἰδέαν
565 1368 728 1465 ἀπέλαβε
756 1369 823 1469 τὴν
846 1370 1024 1473 προτέραν
1052 1375 1111 1450 καί
1139 1370 1205 1470 τὴν
1234 1377 1394 1477 χρῆσιν5

265 1516 339 1589 τῶν
366 1514 498 1605 μελῶν.
549 1503 645 1584 ὥστε
681 1503 731 1604 μὴ
768 1504 932 1602 κόλασιν,
966 1507 1049 1585 ἀλλ’
1082 1506 1181 1584 ’ίασιν
1213 1505 1272 1584 διὰ
1304 1512 1369 1606 τῆς

267 1643 411 1750 χάριτος
438 1651 502 1721 τοῦ
530 1647 704 1743 Χριστοῦ,
723 1639 789 1738 τὴν
817 1639 982 1742 δευτέραν
1009 1640 1242 1742 στρεβλωσιν
1271 1641 1369 1748 αὐτῷ

267 1779 447 1882 γενέσθαι.

324 1912 373 2016 ζ’.
410 1918 481 1991 Καὶ
510 1908 689 2005 Βιβλιάδα
717 1910 759 1987 δέ
782 1942 861 1986 τινα
888 1909 973 2003 μίαν
1004 1911 1087 2008 (for.
1110 1925 1182 2002 μίαν
1203 1949 1279 1998 τινα,
1305 1927 1359 1990 vid

269 2058 407 2147 notam.)
434 2053 506 2124 τῶν
533 2042 747 2145 ἠρνημένων,
771 2044 840 2142 ἤδη
869 2048 983 2121 δοκῶν
1012 2045 1032 2123 ό
1061 2043 1231 2139 διάβολος
1254 2081 1367 2126 κατα·
1386 2082 1420 2120 ιο

268 2180 478 2275 πεπωκέναι,
498 2176 657 2275 θελήσας
676 2175 714 2255 δέ
731 2179 790 2255 καὶ
808 2174 867 2256 διὰ
884 2177 1127 2282 βλασφημίαις
1154 2190 1371 2283 κατακρῖναι,

269 2315 355 2417 ἦγεν
372 2316 429 2392 ε’πὶ
447 2309 612 2406 κόλασιν,
632 2309 839 2412 ἀναγκάζων
857 2315 966 2390 εἰπεῖν
984 2312 1030 2391 τὰ
1049 2312 1137 2391 ἀθεα
1158 2317 1241 2416 περὶ
1259 2316 1370 2413 ἡμῶν,

271 2452 319 2534 ὡς
337 2452 557 2550 εὔθραυστον
576 2446 643 2547 ἤδη
662 2453 719 2527 καὶ
738 2447 923 2550 ἄνανδρον.
956 2449 978 2548 ἦ
1001 2448 1038 2529 δέ
1056 2450 1094 2528 έν
1113 2450 1159 2555 τῇ
1176 2454 1368 2554 στρεβλώ-

271 2620 329 2665 σει
348 2584 514 2689 ἀνένηψε,
533 2586 591 2663 καὶ
610 2586 659 2669 ὡς
677 2583 721 2663 ἂν
740 2589 848 2665 εἰπεῖν
866 2585 905 2663 ἐκ
924 2584 1055 2679 βαθέος
1080 2587 1191 2667 ὕπνου
1217 2591 1370 2692 ἀνεγρη-

271 2718 442 2826 γόρησεν·
476 2722 749 2820 ὑπομνησθεῖσα
779 2717 837 2797 διὰ
864 2723 927 2814 τῆς
954 2722 1177 2819 προσκαίρου
1204 2725 1373 2826 τιμωρίας
1388 2764 1421 2822 ¹5

272 2857 339 2957 τὴν
362 2859 501 2938 αῖιόνιον
519 2860 557 2935 ἐν
576 2858 699 2957 γεέννῃ
717 2850 882 2932 κόλασιν·
914 2851 972 2924 καὶ
991 2849 1036 2947 ἐξ
1050 2850 1209 2927 ἐναντίας
1231 2858 1373 2934 ἀντεῖπε

273 3001 347 3080 τοῖς
370 2989 608 3095 βλασφήμοις
631 2986 797 3087 φήσασα·
855 2983 941 3056 Πῶς
965 2973 1011 3051 οἲν
1027 2974 1150 3052 παιδία
1169 2975 1320 3078 φάγοιεν
1338 2993 1371 3059 οἱ

273 3140 434 3222 τοιοῦτοι,
453 3123 504 3204 οἷς
521 3116 610 3217 μηδὲ
631 3112 777 3211 ἀλόγων
795 3109 893 3212 ζώων
910 3105 999 3206 αἷμα
1018 3114 1149 3215 φαγεῖν
1168 3108 1250 3219 ἐξόν
1267 3145 1276 3208 ;
1309 3117 1367 3193 καὶ

275 3397 474 3461 tractationem
509 3398 607 3465 posset
635 3388 795 3448 sustinere:
846 3388 932 3448 fidem
962 3390 1185 3469 abnegaverant,
1215 3412 1280 3449 cum
1312 3393 1370 3468 jam

275 3476 321 3535 vel
343 3473 374 3531 id
394 3480 472 3528 certe
493 3477 676 3536 eventurum,
697 3480 731 3527 ut
748 3468 798 3528 ille
848 3470 992 3528 Diabolus
1017 3491 1033 3529 a
1061 3491 1092 3529 se
1120 3472 1282 3549 absorptam
1311 3493 1371 3530 cre·
1384 3493 1420 3530 20

275 3550 427 3614 tormentis
451 3548 634 3615 immortuus,
657 3561 796 3609 terrorem
848 3549 938 3616 deret,
955 3554 1102 3628 velletque
1116 3551 1235 3630 insuper
1254 3551 1372 3610 damna.

275 3631 406 3710 injiceret
440 3628 578 3706 reliquis:
620 3650 678 3688 non
711 3629 798 3688 modo
849 3631 958 3688 tionem
976 3630 1056 3690 illius
1075 3631 1221 3690 cumulare
1240 3632 1372 3711 blaspbe-

274 3709 348 3769 nihil
369 3710 511 3789 ejusmodi
532 3709 574 3767 illi
595 3710 726 3788 contigit,
747 3709 798 3768 sed
849 3710 916 3777 mia,
938 3711 975 3767 ad
996 3710 1171 3788 supplicium
1195 3711 1290 3781 duxit,
1312 3712 1374 3770 adi.

275 3803 380 3870 proeter
397 3792 527 3851 omnium
544 3790 720 3869 opinionem,
736 3810 798 3848 cor.
849 3809 921 3866 gens
942 3801 1005 3849 earn
1032 3800 1136 3867 utpote
1158 3789 1290 3867 fragilem
1312 3792 1372 3867 jam

276 3893 331 3952 pus
345 3873 409 3951 ejus
425 3871 521 3932 subito
540 3872 701 3930 revelatum
720 3890 798 3930 ereo·
849 3880 880 3928 et
894 3869 1036 3947 ignavam,
1052 3868 1142 3947 impia
1155 3868 1192 3927 de
1207 3870 1290 3928 uobis
1304 3892 1372 3949 pro·
1385 3894 1420 3950 25

276 3965 398 4032 tumque
426 3952 558 4012 constitit
588 3952 618 4010 in
646 3950 800 4010 tormentis
849 3949 940 4027 loqui.
983 3951 1097 4010 Verum
1116 3948 1167 4006 illa
1185 3949 1308 4026 resipuit
1328 3952 1373 4008 in·

277 4035 495 4115 posterioribus,
509 4044 540 4090 et
560 4031 710 4112 pristinam
734 4050 800 4109 spe·
851 4041 896 4089 ter
909 4032 1065 4096 cruciatus,
1080 4049 1113 4087 ac
1127 4028 1216 4088 veluti
1236 4049 1272 4088 ex
1294 4030 1375 4089 altis.

278 4116 360 4183 ciem,
380 4132 523 4189 usumque
542 4113 737 4172 membrorum
756 4131 801 4168 re·
850 4110 924 4168 simo
948 4132 1050 4171 somno
1075 4110 1200 4169 excitata
1225 4121 1278 4177 est,
1300 4130 1373 4189 proe·

279 4194 436 4275 superavit.
481 4192 603 4249 Prorsus
622 4202 656 4250 ut
676 4189 803 4249 secunda
851 4200 934 4249 sente
958 4189 1102 4270 supplicio
1126 4189 1163 4247 de
1187 4202 1301 4249 {aterna
1324 4211 1375 4268 ge

279 4276 330 4334 illa
344 4271 568 4340 excarnificatio,
584 4271 683 4329 divina
701 4271 800 4349 opitu·
851 4270 955 4329 hennoe
982 4270 1158 4328 cruciatibus
1184 4270 1275 4347 ipsam
1306 4272 1373 4329 sub·
1384 4294 1423 4350 30

278 4355 357 4414 lente
391 4352 493 4429 gratia,
528 4352 668 4410 medelam
703 4351 801 4430 potine
851 4362 997 4410 monente.
1040 4350 1082 4407 Et
1103 4349 1302 4408 contradicens
1320 4352 1374 4408 im·

279 4454 363 4512 quam
386 4452 501 4507 poenam
521 4432 548 4489 ei
569 4432 701 4489 attulisse
719 4429 800 4488 vide·
851 4429 923 4506 piis:
947 4431 1007 4502 Qui
1023 4430 1084 4489 fieri
1102 4441 1207 4507 posset,
1224 4431 1329 4507 inquit,
1341 4442 1375 4489 ut

279 4523 370 4572 retur.
853 4509 980 4570 infantes
1000 4508 1194 4578 comederent,
1212 4510 1318 4585 quibus
1339 4531 1376 4568 ne

322 4609 350 4665 7.
373 4589 641 4650 SedetBibliadem
658 4588 801 4666 quandam
852 4592 1021 4667 sanguinem
1045 4588 1161 4665 quidem
1185 4590 1375 4648 animantium

280 4694 315 4734 ex
341 4692 440 4731 eorum
469 4690 590 4729 numero
614 4670 664 4745 qui
693 4668 802 4727 Christi
853 4669 1007 4749 degustare
1021 4669 1100 4728 licet.
1143 4670 1261 4730 Abhinc
1275 4670 1374 4729 Chris·
1386 4694 1422 4752 35
