3809 5650
447 651 491 712 50
783 648 1018 731 RELIQUIAE
1043 648 1213 713 SAGRAE.

445 824 511 878 erat
532 815 561 877 ei
582 816 670 898 qenai
684 815 769 896 filia.
815 816 860 878 Et
882 815 963 878 venit
984 814 1083 898 leospee
1105 813 1220 876 lomim
1245 812 1346 888 diviti,
1363 821 1391 874 et
1410 811 1549 895 pepercit

445 925 581 1008 eoepere
609 924 645 986 de
674 945 761 1008 prees
789 924 978 987 ancillarum
1004 945 1139 1001 merem,
1170 934 1198 987 et
1227 924 1263 986 de
1297 920 1436 1007 propilia
1465 920 1548 983 murra

444 1056 577 1107 suornm,
592 1044 620 1097 et
632 1036 740 1118 faeere
760 1035 892 1119 hospiti:
915 1045 942 1097 et
961 1037 1076 1120 aceepit
1097 1035 1245 1099 ooioalorn
1267 1034 1331 1097 oiri
1346 1032 1550 1117 pauperina

445 1145 586 1228 opposuit
609 1145 675 1207 eiro
700 1146 755 1229 qui
779 1146 970 1208 venerated
993 1167 1068 1208 eam.
1113 1146 1223 1208 Iratus
1247 1153 1289 1208 est
1313 1152 1414 1206 aalma
1440 1139 1550 1204 David

443 1275 536 1339 sapor
546 1254 692 1317 torninem
707 1253 794 1317 illam
810 1254 906 1330 ealle,
924 1264 952 1316 et
966 1254 1048 1317 dveit
1061 1253 1106 1317 od
1115 1253 1269 1317 Notion:
1291 1251 1374 1315 Vieit
1385 1250 1545 1326 Dominus,
1557 1261 1575 1318 5

444 1363 586 1448 qnoniam
598 1363 689 1444 filias
710 1364 814 1426 tranis
836 1372 876 1426 est
896 1362 979 1426 tome
1001 1364 1053 1427 ille
1075 1364 1129 1448 qui
1145 1366 1226 1448 feeit
1252 1363 1326 1429 loe:
1349 1371 1377 1425 es
1398 1360 1547 1424 antehae

444 1470 548 1535 reddet
561 1471 767 1556 quadruplam
779 1494 840 1557 pro
854 1494 886 1536 eo
900 1472 1067 1557 qrwdfeoit
1078 1475 1202 1557 fuctum
1216 1473 1289 1537 loe:
1312 1482 1340 1536 et
1347 1494 1408 1557 pro
1423 1493 1454 1533 ee
1469 1469 1549 1554 quod

444 1603 504 1644 non
511 1583 650 1666 pepercit
662 1584 809 1667 pauperi.
854 1585 900 1646 Et
918 1584 965 1646 ait
984 1584 1028 1647 od
1046 1605 1112 1647 eam
1127 1583 1278 1647 Notion.-
1305 1583 1353 1646 Tu
1370 1603 1400 1644 ss
1418 1580 1478 1656 eir,
1493 1579 1547 1663 qui

435 1690 542 1773 fecisti
564 1690 640 1762 toe,·
665 1698 698 1754 et
720 1691 869 1775 deinceps
890 1692 1012 1778 reliqua
1033 1693 1227 1777 exsequitur,
1244 1692 1440 1777 exprobrans
1462 1710 1544 1762 eum,

443 1807 477 1863 et
492 1821 680 1863 enumerans
702 1799 734 1862 in
757 1822 829 1863 eum
853 1801 913 1865 Dei
935 1803 1099 1878 beneficia,
1115 1810 1149 1867 et
1171 1801 1320 1886 quoniam
1343 1797 1545 1865 exacerbavit
1559 1822 1596 1862 ro

445 1909 626 1985 Dominum,
644 1930 715 1972 oum
737 1909 864 1974 iecisset
881 1912 951 1975 hoo.
997 1913 1070 1976 Non
1093 1913 1177 1976 enim
1199 1912 1323 1997 plaeere
1346 1911 1416 1975 Deo
1437 1910 1544 1994 hujus

444 2018 530 2081 modi
553 2018 782 2102 operationem,
803 2020 858 2082 sed
881 2020 962 2083 iram
983 2043 1133 2107 magrram
1154 2021 1316 2087 imminere
1339 2019 1446 2083 domui
1466 2019 1543 2102 ejus.

444 2127 661 2211 Oourpunotus
676 2135 726 2191 est
740 2134 851 2192 autem
862 2128 968 2194 David
979 2133 1021 2194 ad
1036 2132 1113 2207 haee,
1124 2138 1157 2194 et
1172 2130 1237 2194 ait:
1253 2129 1386 2194 Perseai
1394 2128 1541 2199 Dareine,-

444 2247 478 2302 et
492 2237 507 2281 ‘¹
520 2239 682 2302 Psalmum
704 2238 982 2325 exhomologessos
1004 2248 1077 2325 post
1097 2239 1265 2324 psallebat,
1286 2240 1458 2303 adventum
1479 2237 1544 2299 Do-

443 2350 520 2413 mini
550 2350 721 2427 sustinens,
747 2350 801 2434 qui
831 2350 933 2415 abluit
962 2356 996 2413 et
1024 2350 1177 2413 emundat
1202 2370 1275 2411 eum
1303 2346 1464 2419 hominem
1490 2344 1542 2429 qui
1557 2352 1591 2412 15

444 2466 576 2544 peoeato
591 2459 695 2523 iuerat
715 2460 898 2525 obstrietus.
945 2460 1097 2524 Similiter
1112 2467 1220 2524 autem
1239 2466 1273 2523 et
1293 2459 1333 2521 de
1354 2458 1541 2531 Salomone;

443 2591 515 2633 oum
530 2576 748 2654 perseveraret
766 2569 910 2654 judicare
927 2580 1015 2634 reete
1034 2576 1068 2635 et
1088 2570 1278 2655 sapientiam
1301 2568 1363 2632 Dei
1383 2588 1542 2643 enarrare,

443 2688 477 2745 et
499 2687 612 2765 typum
633 2678 699 2744 veri
723 2680 834 2765 templi
857 2679 1050 2759 aedifioabat,
1066 2688 1100 2746 et
1124 2680 1243 2766 glorias
1269 2677 1450 2762 exponebat
1472 2676 1542 2751 Dei,

442 2799 476 2856 et
499 2792 709 2856 adventuram
730 2813 841 2876 paoem
862 2792 1011 2877 gentibus
1033 2790 1257 2867 annuntiabat,
1277 2796 1311 2853 et
1332 2786 1451 2853 Christi
1473 2807 1544 2871 rog-

442 2923 518 2964 num
533 2902 770 2987 praeligurabat,
786 2909 843 2966 eet
857 2903 1049 2987 loquebatur
1066 2900 1131 2964 tria
1150 2897 1247 2962 millia
1267 2896 1490 2982 parabolarum
1510 2894 1542 2956 in
1554 2912 1593 2951 20

442 3012 614 3075 adventum
644 3011 784 3088 Domini,
810 3018 843 3075 et
873 3009 1133 3097 quinquemillia
1162 3007 1366 3082 cantieorum,
1391 3005 1543 3089 hymnum

442 3121 549 3185 disens
569 3121 648 3198 Deo,
664 3129 698 3186 et
718 3142 789 3185 eam
811 3143 882 3206 quae
903 3130 954 3185 est
975 3122 1008 3185 in
1028 3120 1210 3185 eonditione
1225 3118 1275 3204 (τῇ
1293 3114 1401 3200 κτίσει)
1416 3113 1540 3197 sapien-

440 3231 521 3297 tiam
543 3231 604 3296 Dei
626 3234 806 3317 exponebat
828 3232 1042 3318 physiologice
1064 3253 1104 3295 ex
1126 3227 1212 3294 omni
1234 3228 1329 3313 ligno,
1346 3232 1379 3290 et
1399 3225 1439 3288 de
1456 3223 1542 3286 omni

440 3341 550 3418 herba,
566 3348 600 3405 et
619 3342 659 3405 de
674 3341 853 3406 volatilibus
875 3342 1031 3420 omnibus,
1048 3347 1082 3404 et
1103 3341 1143 3403 de
1164 3334 1433 3422 quadrupedibus,
1449 3339 1482 3396 et
1502 3333 1542 3396 de

440 3451 600 3537 piseibus;
625 3458 659 3516 et
681 3451 825 3516 dicebat:
850 3450 911 3515 ‘Si
932 3473 998 3515 oere
1019 3452 1112 3527 Deus,
1128 3469 1214 3534 quera
1235 3446 1304 3511 eceli
1324 3466 1383 3508 aon
1405 3445 1541 3528 capiant,
1553 3458 1588 3515 25

439 3584 530 3647 super
552 3572 665 3626 mone
686 3560 834 3627 latitabit
859 3584 927 3626 cum
950 3558 1148 3625 bominibus?
1170 3563 1204 3621 et
1227 3555 1374 3641 plaoebat
1400 3553 1481 3630 Deo,
1508 3561 1542 3618 et

441 3693 550 3734 omnes
572 3692 644 3734 eum
665 3671 917 3745 admirabantur,
936 3679 970 3735 et
993 3690 1102 3734 omnes
1124 3688 1215 3751 reges
1237 3672 1332 3728 terrae
1355 3663 1542 3746 quaerebant

440 3778 553 3843 faeiem
577 3780 654 3863 ejus,
677 3786 714 3844 ut
736 3780 885 3844 audirent
907 3779 1096 3866 sapientiam
1119 3777 1196 3863 ejus,
1220 3797 1316 3859 quam
1339 3774 1473 3837 dederat
1496 3772 1541 3834 illi

440 3891 541 3970 Deus,
561 3897 623 3954 sot
646 3890 756 3976 regina
775 3890 891 3955 Austri
913 3912 934 3954 a
959 3889 1075 3953 finibus
1101 3895 1196 3952 terrae
1219 3884 1367 3950 veniebat
1389 3883 1432 3947 ad
1457 3903 1539 3958 eum,

440 4002 639 4088 sapientiam,
656 4025 726 4086 quae
741 4002 774 4066 in
789 4024 827 4067 oo
845 4011 926 4076 erat,
943 4001 1081 4072 scitura;
1106 4018 1201 4081 quam
1222 4002 1256 4060 et
1276 3993 1430 4056 Dominus
1445 3993 1492 4056 ait
1507 3991 1539 4053 in
1549 4020 1589 4076 30

434 4112 556 4197 judicio
579 4120 829 4177 resurreeturam
852 4135 924 4177 oum
950 4134 1061 4177 eorum
1086 4108 1215 4173 natione
1239 4105 1293 4191 qui
1318 4104 1453 4169 audiunt
1476 4124 1539 4165 ser-

439 4244 549 4285 mones
573 4223 650 4306 ejus,
667 4229 700 4287 et
724 4245 787 4286 non
811 4224 944 4287 eredunt
970 4223 1003 4285 in
1026 4243 1111 4297 eum,
1132 4225 1166 4283 et
1187 4215 1443 4301 adjudicaturam
1465 4232 1537 4274 eos:

440 4332 588 4415 quoniam
608 4331 662 4394 illa
679 4331 807 4415 quidem
832 4333 977 4417 subjecta
999 4339 1049 4396 est
1067 4329 1270 4404 annuntiatae
1293 4323 1457 4409 sapientise
1479 4341 1537 4405 per

439 4461 564 4504 servum
580 4440 661 4513 Dei;
684 4441 807 4506 bivero
826 4464 896 4506 earn
912 4464 983 4526 quae
998 4466 1019 4507 a
1035 4440 1117 4504 Filio
1138 4440 1199 4503 Dei
1220 4438 1358 4502 dabatur
1375 4437 1536 4513 contemp-

633 4617 647 4654 d
667 4614 747 4662 Psalm
760 4616 775 4662 l.
789 4616 837 4662 vid.
847 4628 897 4664 not.
1062 4628 1075 4657 e
1094 4632 1108 4677 3
1121 4618 1182 4679 neg.
1194 4619 1226 4665 iv.
1240 4631 1278 4677 32.
1290 4630 1339 4676 seq·

633 4698 644 4734 ῐ
665 4708 679 4753 3
693 4696 811 4758 nenena
826 4709 863 4756 η.
1064 4709 1079 4744 ff
1097 4698 1159 4747 lllat.
1170 4700 1211 4747 xil.
1223 4713 1263 4760 42.
