3809 5650
492 675 556 737 138
859 674 1222 740 ANNOTATIONES

538 844 622 906 Ibid.
631 843 652 906 l.
665 862 715 907 20.
726 845 743 905 6
754 847 821 923 περὶ
831 848 960 922 ὑπακοῆς
969 848 1097 911 πίστεως
1109 849 1156 908 καὶ
1168 849 1184 909 6
1195 848 1262 926 περὶ
1274 849 1483 930 αἰσθητηρίων]
1498 847 1594 930 Apud

494 945 626 1029 Niceph.
641 944 758 1028 legitur
772 948 789 1008 6
804 949 871 1026 περὶ
888 949 1018 1024 ὑπακοῆς
1034 950 1170 1014 πίστεως·
1194 949 1242 1011 καὶ
1260 951 1276 1010 6
1296 950 1363 1028 περὶ
1384 951 1595 1028 αἰσθητηρίων,

494 1054 531 1111 ut
546 1047 609 1110 duo
624 1046 742 1110 fuerint
758 1046 922 1110 Melitonis
936 1047 1027 1110 libri:
1050 1047 1133 1111 alter
1147 1050 1187 1111 de
1202 1049 1384 1112 obedientia
1398 1049 1492 1123 fidei;
1514 1048 1597 1111 alter

495 1149 535 1211 de
557 1148 719 1221 sensibus;
744 1148 839 1232 idque
862 1148 1052 1212 confirmant
1076 1150 1291 1234 Hieronymus
1311 1162 1345 1214 et
1368 1151 1509 1213 Rufinus.
1556 1150 1597 1212 In

495 1250 640 1313 omnibus
664 1258 772 1314 tamen
794 1250 911 1313 nostris
933 1250 1094 1313 codicibus
1116 1251 1232 1335 legitur
1255 1253 1302 1315 καὶ
1329 1254 1345 1314 6
1372 1255 1439 1332 περὶ
1465 1254 1596 1328 ὑπακοῆς

494 1354 622 1417 πίστεως
637 1354 834 1431 αἰσθητηρίων
848 1351 968 1435 absque
983 1352 1195 1429 distinctione,
1209 1375 1304 1437 quam
1318 1354 1399 1417 Rob.
1414 1352 1597 1436 Stephanus

496 1460 569 1536 post
586 1474 693 1516 vocem
714 1454 843 1518 πίστεως
862 1452 990 1537 adjecit.
1037 1453 1113 1518 Fuit
1136 1453 1234 1539 igitur
1255 1455 1307 1518 hic
1330 1453 1495 1518 Melitouis
1517 1452 1597 1514 liber

496 1556 544 1619 ita
558 1555 746 1639 inscriptus:
772 1555 822 1618 De
837 1554 1019 1618 obedientia
1039 1576 1188 1619 sensuum
1210 1556 1301 1619 fidei:
1325 1578 1380 1620 seu
1404 1555 1488 1639 quod
1511 1554 1597 1616 idern

496 1669 556 1729 est,
580 1655 620 1718 de
641 1654 822 1719 obedientia
844 1655 917 1718 fidei
942 1677 1013 1740 quae
1040 1657 1076 1719 lit
1102 1678 1122 1718 a
1147 1657 1301 1721 sensibus.
1354 1656 1490 1737 Quidam
1513 1654 1598 1718 enim

496 1756 638 1821 haeretici
667 1757 807 1830 aiebant,
834 1756 987 1821 animales
1016 1757 1144 1841 quidem
1174 1780 1229 1822 seu
1259 1758 1423 1842 psychicos
1448 1777 1598 1820 sensuum

498 1881 596 1945 opera
617 1859 762 1922 credere:
789 1856 948 1942 spiritales
970 1880 1044 1921 vero
1067 1880 1125 1942 per
1145 1859 1313 1923 rationem.
1361 1861 1416 1923 Ita
1439 1857 1599 1922 Heracleo

498 1961 679 2046 explicabat
696 1959 799 2023 locum
819 1959 906 2021 illum
927 1980 966 2022 ex
989 1958 1126 2022 Joannis
1149 1959 1340 2044 Evangelio:
1363 1960 1440 2023 Nisi
1460 1959 1549 2042 ιὺροα
1570 1968 1599 2022 et

492 2063 641 2147 ρνοάὶριῗα
670 2061 819 2137 οίάιιὺϊίο,
843 2082 903 2123 non
925 2060 1059 2124 ονοάαίο.
1120 2062 1198 2141 Quae
1224 2061 1343 2126 Christi
1367 2061 1463 2125 verba
1490 2060 1599 2123 aiebat

500 2163 658 2227 Heracleo
673 2162 734 2225 dici
749 2161 878 2246 proprie
893 2162 935 2224 ad
950 2184 1016 2238 eos,
1032 2162 1085 2245 qui
1100 2185 1157 2247 per
1172 2185 1268 2248 opera
1279 2170 1313 2226 et
1324 2185 1434 2227 sensus
1449 2170 1600 2226 naturam

498 2264 639 2327 habeant
655 2262 831 2334 obediendi,
848 2283 912 2323 non
926 2268 1035 2325 autem
1050 2263 1199 2327 credendi
1213 2285 1271 2348 per
1285 2263 1452 2327 rationem.
1486 2263 1599 2326 Refert

499 2366 567 2430 haec
583 2365 736 2449 Origenes
751 2363 989 2427 enarrationum
1005 2364 1037 2425 in
1052 2366 1074 2426 J
1077 2364 1189 2428 oannis
1207 2364 1414 2450 Evangelium
1434 2373 1522 2428 tomo
1548 2353 1561 2426 ι
1566 2385 1598 2449 3.

499 2468 554 2531 ubi
575 2467 606 2530 id
629 2467 760 2543 refutat,
782 2465 938 2549 docetque
963 2473 1031 2529 tam
1056 2466 1214 2550 spiritales
1238 2489 1333 2551 quam
1358 2466 1510 2530 animales
1535 2488 1601 2529 non

499 2591 592 2654 posse
609 2567 667 2632 nisi
682 2590 739 2652 per
750 2589 876 2631 sensum
888 2568 1027 2631 credere.
1057 2567 1138 2630 Vna.
1171 2569 1345 2654 Apostolus
1356 2569 1463 2641 habet,
1476 2569 1602 2631 τελείων

500 2671 534 2735 ὑί
548 2672 612 2733 ἐστι
627 2670 645 2749 ῆ
660 2672 769 2749 στερεὰ
783 2669 889 2749 τροφὴ,
905 2675 963 2732 τῶν
977 2671 1027 2732 διὰ
1041 2669 1094 2747 τῆν
1111 2669 1172 2747 ἕξιν
1187 2673 1223 2732 τά
1238 2669 1412 2750 αἰσθητήρια
1431 2693 1601 2751 γεγυμνασ-

500 2771 577 2851 μένα
592 2772 724 2854 ἐχόντων
739 2770 813 2851 πρὸς
828 2770 975 2851 διάκρισιν
992 2776 1083 2833 καλοῦ
1099 2795 1131 2834 τε
1147 2771 1194 2834 καὶ
1211 2775 1310 2835 κακοῦ.
1351 2769 1425 2833 Hel.
1441 2791 1470 2832 v.
1487 2789 1600 2832 comm.

500 2874 558 2938 ult.
599 2874 756 2937 Attamen
772 2872 935 2936 Strothius
948 2872 1117 2937 lectionem
1130 2873 1266 2937 alteram
1280 2874 1313 2937 in
1328 2879 1454 2937 textum
1469 2870 1600 2954 recepit,

500 3000 521 3041 a
538 2974 797 3060 Olrbtophorsorw
812 2996 935 3059 quoque
951 2974 1127 3060 praelatam.
1173 2975 1267 3039 Certe
1283 2975 1360 3038 nihil
1376 2974 1496 3037 facilius
1519 2982 1601 3051 erat,

501 3101 596 3163 quam
612 3085 649 3141 ut
663 3077 781 3140 voculae
798 3079 846 3139 καὶ
860 3079 877 3139 6
892 3078 959 3158 περὶ
974 3076 1166 3141 exciderent.
1213 3077 1267 3141 Ita
1281 3076 1416 3160 exempli
1432 3097 1528 3138 causa
1545 3097 1600 3137 ex-

502 3182 591 3245 hibet
605 3179 695 3242 codes
709 3177 801 3241 Bodl.
816 3199 872 3240 seu
887 3178 985 3242 Scoil.
1007 3179 1051 3241 ἔτι
1073 3181 1104 3241 δὲ
1129 3179 1177 3241 καὶ
1199 3180 1215 3240 6
1237 3180 1305 3258 περὶ
1325 3179 1456 3255 ὑπακοῆς
1479 3176 1603 3239 omissis

502 3282 606 3347 verbis
628 3283 644 3343 6
671 3281 738 3360 περὶ
763 3280 884 3359 φύσεως
907 3280 1063 3359 άνθριὺπον
1087 3280 1135 3341 καὶ
1160 3281 1177 3340 6
1201 3280 1268 3358 περὶ
1293 3279 1445 3343 πλάσεως.
1492 3280 1603 3361 Atque

502 3384 601 3447 etiam
616 3381 833 3461 Hieronymus,
851 3378 904 3462 qui
923 3379 1076 3443 omiserat
1091 3379 1153 3455 illa,
1169 3381 1185 3441 6
1208 3382 1276 3459 περὶ
1295 3382 1415 3459 φάσεως
1435 3380 1602 3459 ἀνθρώπου,

503 3482 627 3545 inverso
641 3478 751 3542 ordine
767 3479 813 3542 ita
827 3478 930 3541 locum
947 3478 1062 3543 Latine
1079 3478 1228 3553 reddidit,
1245 3478 1336 3561 quasi
1357 3477 1538 3550 invenisset,
1556 3479 1605 3541 καὶ

504 3585 520 3645 6
535 3582 602 3662 περὶ
617 3580 822 3658 αἰσθητηρίων,
839 3580 888 3641 καὶ
902 3581 918 3640 6
934 3580 1001 3659 περὶ
1016 3580 1154 3654 πίστεως,
1171 3579 1219 3641 καὶ
1234 3580 1250 3640 6
1265 3578 1332 3658 περὶ
1347 3577 1497 3642 πλάσεως.
1539 3577 1604 3640 Ru—

504 3682 587 3746 finus
600 3679 718 3766 posuit,
735 3680 784 3742 De
803 3677 1066 3763 therionarca,
1082 3680 1131 3742 Dc
1145 3678 1282 3742 τοιιοὺὑιιο.
1329 3679 1416 3762 Ergo
1437 3678 1496 3739 hoc
1518 3678 1604 3741 idem

505 3783 618 3868 recepi,
635 3781 813 3845 Strothium
828 3788 966 3845 secutus.
1006 3780 1058 3845 Ita
1069 3780 1166 3844 etiam
1178 3802 1261 3843 nunc
1273 3780 1496 3842 Zimmerman.
1507 3789 1605 3863 atque

507 3890 680 3959 Burtonus,
688 3884 739 3948 hic
750 3906 824 3948 vero
834 3891 927 3948 notat
934 3883 1074 3947 MSStos
1082 3903 1191 3946 omnes
1201 3903 1272 3945 cum
1282 3880 1437 3965 Stephani
1449 3881 1606 3944 etValesii

506 3990 641 4055 lectione
656 3986 843 4051 consentire.
888 3986 1004 4050 Restat
1023 3995 1060 4050 ut
1079 4007 1235 4063 moneam,
1256 4006 1519 4049 commemorasse
1540 3983 1606 4046 Eu-

506 4092 629 4157 sebium
645 4088 789 4173 Dionysii
810 4087 966 4152 Corinthii
981 4088 1022 4151 ad
1039 4086 1252 4150 Athenienses
1267 4085 1444 4170 epistolam,
1461 4089 1604 4165 διηγερτι-

509 4194 562 4271 κῆν
575 4195 703 4257 πίστεως
719 4190 832 4267 καὶτῆς
848 4192 921 4252 κατὰ
935 4189 969 4251 τὸ
986 4187 1164 4269 εὐαγγέλιον
1179 4188 1340 4252 πολιτείας.
1389 4186 1480 4249 Infra
1494 4208 1525 4268 p.

552 4294 634 4357 lbid.
651 4292 670 4353 l.
690 4312 738 4356 οι.
755 4292 771 4352 6
792 4292 859 4369 περὶ
882 4294 985 4372 ψνχῆς
1009 4289 1056 4351 καὶ
1078 4289 1215 4365 σώματος
1237 4285 1255 4365 ῆ
1280 4286 1362 4369 νοάς]
1380 4289 1397 4348 6
1417 4288 1484 4367 περὶ
1505 4291 1608 4369 ψυχῆς

507 4396 556 4457 καὶ
571 4396 706 4471 σώματος
720 4391 768 4469 ῆν.
785 4393 818 4452 ἓν
838 4392 892 4456 οἷς.
938 4391 1019 4454 Haeo
1042 4388 1208 4452 est'lectio
1231 4387 1348 4451 codicis
1363 4387 1465 4471 Regii,
1483 4391 1531 4469 (ct
1554 4387 1606 4450 ed.

508 4495 548 4558 R.
564 4494 691 4577 Steph.)
711 4490 761 4554 cui
783 4491 942 4554 consentit
965 4491 1063 4554 etiam
1086 4488 1294 4573 Nicephorus.
1342 4488 1459 4551 Verum
1482 4488 1515 4550 in
1537 4488 1608 4552 aliis

508 4593 669 4658 codicibus
685 4592 771 4654 Mu.
791 4591 877 4655 Med.
893 4600 927 4655 et
942 4591 1025 4654 Fuk.
1043 4591 1135 4674 longe
1149 4589 1244 4653 aliter
1261 4589 1399 4673 scriptus
1419 4589 1536 4674 legitur
1557 4591 1608 4654 hio

507 4698 612 4762 locus:
642 4696 659 4754 6
681 4693 748 4770 περὶ
770 4696 871 4773 ψυχῆς
893 4694 941 4755 καὶ
963 4694 1100 4771 σώματος
1122 4691 1140 4769 ἣ
1163 4689 1240 4757 νοός.
1288 4689 1391 4769 Quam
1416 4691 1609 4775 scripturam
