<?xml version="1.0" encoding="UTF-8"?>
<!DOCTYPE html PUBLIC "-//W3C//DTD XHTML 1.0 Transitional//EN"
    "http://www.w3.org/TR/xhtml1/DTD/xhtml1-transitional.dtd">
<html xmlns="http://www.w3.org/1999/xhtml" xml:lang="en" lang="en">
 <head>
  <title>
</title>
<meta http-equiv="Content-Type" content="text/html;charset=utf-8" />
  <meta name='ocr-system' content='tesseract 3.04.00' />
  <meta name='ocr-capabilities' content='ocr_page ocr_carea ocr_par ocr_line ocrx_word'/>
</head>
<body>
  <div class='ocr_page' id='page_1' title='image "./reliquiaesacrae07routgoog_0418.png"; bbox 0 0 3809 5650; ppageno 0'>
   <div class='ocr_carea' id='block_1_1' title="bbox 462 695 1430 770">
    <p class='ocr_par' dir='ltr' id='par_1_1' title="bbox 462 695 1430 770">
     <span class='ocr_line' id='line_1_1' title="bbox 462 695 1430 770; baseline -0.006 -3"><span class='ocrx_word' id='word_1_1' title='bbox 462 702 510 768; x_wconf 89' lang='lat' dir='ltr'>IN</span> <span class='ocrx_word' id='word_1_2' title='bbox 535 705 680 770; x_wconf 84' lang='lat' dir='ltr'>EPIST.</span> <span class='ocrx_word' id='word_1_3' title='bbox 704 703 921 769; x_wconf 86' lang='lat' dir='ltr'>VIENNEN.</span> <span class='ocrx_word' id='word_1_4' title='bbox 946 702 1003 767; x_wconf 84' lang='lat' dir='ltr'>ET</span> <span class='ocrx_word' id='word_1_5' title='bbox 1027 697 1296 766; x_wconf 83' lang='lat' dir='ltr'>LUGDUNEN.</span> <span class='ocrx_word' id='word_1_6' title='bbox 1364 695 1430 761; x_wconf 76' lang='lat'>837</span> 
     </span>
    </p>
   </div>
   <div class='ocr_carea' id='block_1_2' title="bbox 329 865 1436 2073">
    <p class='ocr_par' dir='ltr' id='par_1_2' title="bbox 329 865 1433 1668">
     <span class='ocr_line' id='line_1_2' title="bbox 329 865 1430 956; baseline -0.007 -21"><span class='ocrx_word' id='word_1_7' title='bbox 329 879 401 949; x_wconf 81' lang='grc' dir='ltr'>τῶν,</span> <span class='ocrx_word' id='word_1_8' title='bbox 416 872 469 950; x_wconf 77' lang='grc' dir='ltr'>τὴν</span> <span class='ocrx_word' id='word_1_9' title='bbox 485 875 569 936; x_wconf 79' lang='grc' dir='ltr'>θείαν</span> <span class='ocrx_word' id='word_1_10' title='bbox 583 881 755 956; x_wconf 76' lang='grc' dir='ltr'>μετάληψιν</span> <span class='ocrx_word' id='word_1_11' title='bbox 769 875 841 952; x_wconf 77' lang='grc' dir='ltr'>οἶμα</span> <span class='ocrx_word' id='word_1_12' title='bbox 856 874 904 937; x_wconf 81' lang='grc' dir='ltr'>καὶ</span> <span class='ocrx_word' id='word_1_13' title='bbox 916 878 1001 952; x_wconf 80' lang='grc' dir='ltr'>σῶμα</span> <span class='ocrx_word' id='word_1_14' title='bbox 1013 871 1089 935; x_wconf 82' lang='grc' dir='ltr'>εἴναι</span> <span class='ocrx_word' id='word_1_15' title='bbox 1101 874 1241 951; x_wconf 79' lang='grc' dir='ltr'>Χριστοῦ,</span> <span class='ocrx_word' id='word_1_16' title='bbox 1255 865 1338 930; x_wconf 78' lang='grc' dir='ltr'>αὐτοὶ</span> <span class='ocrx_word' id='word_1_17' title='bbox 1350 867 1430 944; x_wconf 78' lang='grc' dir='ltr'>νομί·</span> 
     </span>
     <span class='ocr_line' id='line_1_3' title="bbox 332 968 1430 1059; baseline -0.005 -24"><span class='ocrx_word' id='word_1_18' title='bbox 332 999 439 1041; x_wconf 81' lang='grc' dir='ltr'>σαντες</span> <span class='ocrx_word' id='word_1_19' title='bbox 453 979 493 1059; x_wconf 74' lang='grc' dir='ltr'>τῷ</span> <span class='ocrx_word' id='word_1_20' title='bbox 508 977 572 1038; x_wconf 84' lang='grc' dir='ltr'>ὄντι</span> <span class='ocrx_word' id='word_1_21' title='bbox 587 976 659 1054; x_wconf 77' lang='grc' dir='ltr'>αἷμα</span> <span class='ocrx_word' id='word_1_22' title='bbox 674 976 722 1037; x_wconf 84' lang='grc' dir='ltr'>καὶ</span> <span class='ocrx_word' id='word_1_23' title='bbox 737 972 834 1055; x_wconf 83' lang='grc' dir='ltr'>σόριιο</span> <span class='ocrx_word' id='word_1_24' title='bbox 850 973 936 1047; x_wconf 78' lang='grc' dir='ltr'>εἶναι,</span> <span class='ocrx_word' id='word_1_25' title='bbox 953 978 1038 1036; x_wconf 83' lang='grc' dir='ltr'>τοῦτο</span> <span class='ocrx_word' id='word_1_26' title='bbox 1053 971 1173 1051; x_wconf 73' lang='grc' dir='ltr'>ἐξεῖπον</span> <span class='ocrx_word' id='word_1_27' title='bbox 1187 976 1250 1036; x_wconf 78' lang='grc' dir='ltr'>τοῖς</span> <span class='ocrx_word' id='word_1_28' title='bbox 1265 968 1430 1045; x_wconf 79' lang='grc' dir='ltr'>ἐκζητοῦσι.</span> 
     </span>
     <span class='ocr_line' id='line_1_4' title="bbox 331 1066 1431 1158; baseline -0.007 -21"><span class='ocrx_word' id='word_1_29' title='bbox 331 1077 361 1137; x_wconf 78' lang='lat' dir='ltr'>oi</span> <span class='ocrx_word' id='word_1_30' title='bbox 375 1078 407 1137; x_wconf 77' lang='grc' dir='ltr'>δὲ</span> <span class='ocrx_word' id='word_1_31' title='bbox 422 1078 571 1154; x_wconf 78' lang='grc' dir='ltr'>λαβόντες</span> <span class='ocrx_word' id='word_1_32' title='bbox 586 1077 624 1142; x_wconf 84' lang='grc' dir='ltr'>ὦς</span> <span class='ocrx_word' id='word_1_33' title='bbox 639 1077 810 1158; x_wconf 81' lang='grc' dir='ltr'>αὐτόχρημα</span> <span class='ocrx_word' id='word_1_34' title='bbox 831 1079 917 1138; x_wconf 82' lang='grc' dir='ltr'>τοῦτο</span> <span class='ocrx_word' id='word_1_35' title='bbox 936 1079 1091 1138; x_wconf 84' lang='grc' dir='ltr'>τελεῖσθαι</span> <span class='ocrx_word' id='word_1_36' title='bbox 1109 1076 1311 1154; x_wconf 84' lang='grc' dir='ltr'>Χριστιανοΐς,</span> <span class='ocrx_word' id='word_1_37' title='bbox 1328 1068 1375 1131; x_wconf 74' lang='grc' dir='ltr'>καὶ</span> <span class='ocrx_word' id='word_1_38' title='bbox 1395 1066 1431 1145; x_wconf 76' lang='grc' dir='ltr'>δὴ</span> 
     </span>
     <span class='ocr_line' id='line_1_5' title="bbox 331 1170 1432 1256; baseline -0.002 -19"><span class='ocrx_word' id='word_1_39' title='bbox 331 1181 418 1239; x_wconf 83' lang='grc' dir='ltr'>τοῦτο</span> <span class='ocrx_word' id='word_1_40' title='bbox 448 1183 509 1244; x_wconf 85' lang='grc' dir='ltr'>τοῖς</span> <span class='ocrx_word' id='word_1_41' title='bbox 538 1179 643 1245; x_wconf 80' lang='grc' dir='ltr'>ἄλλοις</span> <span class='ocrx_word' id='word_1_42' title='bbox 667 1175 821 1256; x_wconf 80' lang='grc' dir='ltr'>Ἕλλησιν</span> <span class='ocrx_word' id='word_1_43' title='bbox 851 1178 1061 1255; x_wconf 75' lang='grc' dir='ltr'>ἐξεπόμτευον.</span> <span class='ocrx_word' id='word_1_44' title='bbox 1100 1175 1148 1237; x_wconf 82' lang='grc' dir='ltr'>καὶ</span> <span class='ocrx_word' id='word_1_45' title='bbox 1182 1173 1251 1238; x_wconf 76' lang='grc' dir='ltr'>τοὺς</span> <span class='ocrx_word' id='word_1_46' title='bbox 1284 1170 1432 1251; x_wconf 79' lang='grc' dir='ltr'>μάρτυρος</span> 
     </span>
     <span class='ocr_line' id='line_1_6' title="bbox 332 1271 1432 1359; baseline -0.003 -19"><span class='ocrx_word' id='word_1_47' title='bbox 332 1278 469 1359; x_wconf 80' lang='grc' dir='ltr'>Σόγκτον</span> <span class='ocrx_word' id='word_1_48' title='bbox 489 1279 537 1341; x_wconf 76' lang='grc' dir='ltr'>καὶ</span> <span class='ocrx_word' id='word_1_49' title='bbox 552 1280 723 1342; x_wconf 79' lang='grc' dir='ltr'>Βλανόίναν</span> <span class='ocrx_word' id='word_1_50' title='bbox 743 1279 929 1358; x_wconf 78' lang='grc' dir='ltr'>ὁμολογῆσαι</span> <span class='ocrx_word' id='word_1_51' title='bbox 948 1279 997 1340; x_wconf 74' lang='grc' dir='ltr'>διὰ</span> <span class='ocrx_word' id='word_1_52' title='bbox 1019 1275 1166 1355; x_wconf 80' lang='grc' dir='ltr'>βασάνων</span> <span class='ocrx_word' id='word_1_53' title='bbox 1188 1271 1363 1354; x_wconf 80' lang='grc' dir='ltr'>ἠνάγκαζον.</span> <span class='ocrx_word' id='word_1_54' title='bbox 1387 1272 1432 1337; x_wconf 78' lang='grc' dir='ltr'>οἶς</span> 
     </span>
     <span class='ocr_line' id='line_1_7' title="bbox 333 1375 1433 1462; baseline -0.006 -20"><span class='ocrx_word' id='word_1_55' title='bbox 333 1381 485 1462; x_wconf 79' lang='grc' dir='ltr'>εὐστόχως</span> <span class='ocrx_word' id='word_1_56' title='bbox 519 1382 671 1443; x_wconf 82' lang='grc' dir='ltr'>Βλανόίνο</span> <span class='ocrx_word' id='word_1_57' title='bbox 703 1376 953 1460; x_wconf 71' lang='grc' dir='ltr'>ἐπαρρησιάσατο,</span> <span class='ocrx_word' id='word_1_58' title='bbox 984 1382 1046 1444; x_wconf 82' lang='grc' dir='ltr'>πῶς</span> <span class='ocrx_word' id='word_1_59' title='bbox 1080 1377 1129 1454; x_wconf 80' lang='grc' dir='ltr'>ἃν,</span> <span class='ocrx_word' id='word_1_60' title='bbox 1160 1379 1295 1451; x_wconf 76' lang='grc' dir='ltr'>εἰποῦσα,</span> <span class='ocrx_word' id='word_1_61' title='bbox 1322 1375 1433 1437; x_wconf 78' lang='grc' dir='ltr'>τούτων</span> 
     </span>
     <span class='ocr_line' id='line_1_8' title="bbox 334 1478 1431 1563; baseline -0.002 -20"><span class='ocrx_word' id='word_1_62' title='bbox 334 1479 516 1563; x_wconf 79' lang='grc' dir='ltr'>ἀνάσχοιντο</span> <span class='ocrx_word' id='word_1_63' title='bbox 532 1484 561 1545; x_wconf 84' lang='lat' dir='ltr'>oi</span> <span class='ocrx_word' id='word_1_64' title='bbox 574 1484 647 1561; x_wconf 72' lang='grc' dir='ltr'>μηδὲ</span> <span class='ocrx_word' id='word_1_65' title='bbox 662 1487 720 1545; x_wconf 75' lang='grc' dir='ltr'>τόν</span> <span class='ocrx_word' id='word_1_66' title='bbox 735 1480 901 1562; x_wconf 74' lang='grc' dir='ltr'>ἐφειμένων</span> <span class='ocrx_word' id='word_1_67' title='bbox 913 1485 1006 1561; x_wconf 80' lang='grc' dir='ltr'>κρεῶν</span> <span class='ocrx_word' id='word_1_68' title='bbox 1021 1478 1056 1542; x_wconf 83' lang='grc' dir='ltr'>δι’</span> <span class='ocrx_word' id='word_1_69' title='bbox 1069 1480 1198 1557; x_wconf 78' lang='grc' dir='ltr'>ἄσκησιν</span> <span class='ocrx_word' id='word_1_70' title='bbox 1209 1478 1431 1548; x_wconf 80' lang='grc' dir='ltr'>ότολοόοντεςι</span> 
     </span>
     <span class='ocr_line' id='line_1_9' title="bbox 334 1580 1085 1668; baseline 0 -24"><span class='ocrx_word' id='word_1_71' title='bbox 334 1603 361 1644; x_wconf 92' lang='grc' dir='ltr'>ο.</span> <span class='ocrx_word' id='word_1_72' title='bbox 378 1581 419 1644; x_wconf 93' lang='lat' dir='ltr'>iii.</span> <span class='ocrx_word' id='word_1_73' title='bbox 435 1605 466 1667; x_wconf 90' lang='lat' dir='ltr'>p.</span> <span class='ocrx_word' id='word_1_74' title='bbox 487 1603 557 1666; x_wconf 82' lang='lat'>149.</span> <span class='ocrx_word' id='word_1_75' title='bbox 573 1583 624 1647; x_wconf 89' lang='lat' dir='ltr'>ed.</span> <span class='ocrx_word' id='word_1_76' title='bbox 640 1585 758 1646; x_wconf 82' lang='lat' dir='ltr'><strong>Veron.</strong></span> <span class='ocrx_word' id='word_1_77' title='bbox 774 1605 807 1668; x_wconf 88' lang='lat' dir='ltr'>p.</span> <span class='ocrx_word' id='word_1_78' title='bbox 822 1583 899 1665; x_wconf 86' lang='lat'>498.</span> <span class='ocrx_word' id='word_1_79' title='bbox 915 1582 965 1645; x_wconf 90' lang='lat' dir='ltr'>ed.</span> <span class='ocrx_word' id='word_1_80' title='bbox 982 1580 1085 1644; x_wconf 90' lang='lat' dir='ltr'>Paris.</span> 
     </span>
    </p>

    <p class='ocr_par' dir='ltr' id='par_1_3' title="bbox 334 1677 1436 2073">
     <span class='ocr_line' id='line_1_10' title="bbox 380 1677 1434 1760; baseline -0.005 -15"><span class='ocrx_word' id='word_1_81' title='bbox 380 1683 558 1746; x_wconf 80' lang='lat' dir='ltr'><strong>Videndum</strong></span> <span class='ocrx_word' id='word_1_82' title='bbox 578 1691 699 1760; x_wconf 86' lang='lat' dir='ltr'>autem,</span> <span class='ocrx_word' id='word_1_83' title='bbox 713 1704 819 1746; x_wconf 91' lang='lat' dir='ltr'>annon</span> <span class='ocrx_word' id='word_1_84' title='bbox 840 1683 900 1746; x_wconf 91' lang='lat' dir='ltr'>hoe</span> <span class='ocrx_word' id='word_1_85' title='bbox 923 1683 993 1746; x_wconf 88' lang='lat' dir='ltr'>loco</span> <span class='ocrx_word' id='word_1_86' title='bbox 1016 1688 1129 1745; x_wconf 89' lang='lat' dir='ltr'>auctor</span> <span class='ocrx_word' id='word_1_87' title='bbox 1154 1680 1313 1743; x_wconf 89' lang='lat' dir='ltr'>Irenaeum</span> <span class='ocrx_word' id='word_1_88' title='bbox 1336 1677 1434 1741; x_wconf 88' lang='lat' dir='ltr'>etiam</span> 
     </span>
     <span class='ocr_line' id='line_1_11' title="bbox 334 1779 1436 1868; baseline -0.003 -23"><span class='ocrx_word' id='word_1_89' title='bbox 334 1785 544 1868; x_wconf 77' lang='lat' dir='ltr'>ampliaverit,</span> <span class='ocrx_word' id='word_1_90' title='bbox 559 1808 623 1849; x_wconf 92' lang='lat' dir='ltr'>non</span> <span class='ocrx_word' id='word_1_91' title='bbox 638 1793 777 1864; x_wconf 88' lang='lat' dir='ltr'>tanturn,</span> <span class='ocrx_word' id='word_1_92' title='bbox 793 1785 842 1849; x_wconf 89' lang='lat' dir='ltr'>uti</span> <span class='ocrx_word' id='word_1_93' title='bbox 856 1785 924 1868; x_wconf 91' lang='lat' dir='ltr'>ipse</span> <span class='ocrx_word' id='word_1_94' title='bbox 940 1785 989 1849; x_wconf 91' lang='lat' dir='ltr'>ait</span> <span class='ocrx_word' id='word_1_95' title='bbox 1007 1781 1226 1859; x_wconf 85' lang='lat' dir='ltr'>OEcumenius,</span> <span class='ocrx_word' id='word_1_96' title='bbox 1242 1802 1314 1845; x_wconf 91' lang='lat' dir='ltr'>eum</span> <span class='ocrx_word' id='word_1_97' title='bbox 1335 1779 1436 1843; x_wconf 90' lang='lat' dir='ltr'>brevi-</span> 
     </span>
     <span class='ocr_line' id='line_1_12' title="bbox 334 1883 1436 1972; baseline -0.004 -23"><span class='ocrx_word' id='word_1_98' title='bbox 334 1887 449 1962; x_wconf 90' lang='lat' dir='ltr'>averit,</span> <span class='ocrx_word' id='word_1_99' title='bbox 459 1887 491 1949; x_wconf 92' lang='lat' dir='ltr'>ni</span> <span class='ocrx_word' id='word_1_100' title='bbox 504 1888 610 1972; x_wconf 90' lang='lat' dir='ltr'>potius</span> <span class='ocrx_word' id='word_1_101' title='bbox 621 1888 691 1951; x_wconf 86' lang='lat' dir='ltr'>loca</span> <span class='ocrx_word' id='word_1_102' title='bbox 699 1887 846 1971; x_wconf 80' lang='lat' dir='ltr'>quaedam</span> <span class='ocrx_word' id='word_1_103' title='bbox 855 1886 949 1971; x_wconf 91' lang='lat' dir='ltr'>hujus</span> <span class='ocrx_word' id='word_1_104' title='bbox 958 1884 1148 1971; x_wconf 80' lang='lat' dir='ltr'>longissimae</span> <span class='ocrx_word' id='word_1_105' title='bbox 1158 1883 1297 1969; x_wconf 73' lang='lat' dir='ltr'>epistola</span> <span class='ocrx_word' id='word_1_106' title='bbox 1307 1903 1436 1967; x_wconf 86' lang='lat' dir='ltr'>excerp-</span> 
     </span>
     <span class='ocr_line' id='line_1_13' title="bbox 335 1984 1436 2073; baseline -0.005 -23"><span class='ocrx_word' id='word_1_107' title='bbox 335 1988 423 2064; x_wconf 83' lang='lat' dir='ltr'>serit,</span> <span class='ocrx_word' id='word_1_108' title='bbox 436 2010 506 2073; x_wconf 87' lang='lat' dir='ltr'>quae</span> <span class='ocrx_word' id='word_1_109' title='bbox 519 1988 675 2053; x_wconf 78' lang='lat' dir='ltr'>Eusebius</span> <span class='ocrx_word' id='word_1_110' title='bbox 687 1988 868 2072; x_wconf 76' lang='lat' dir='ltr'>reliquerat.</span> <span class='ocrx_word' id='word_1_111' title='bbox 899 1988 1020 2053; x_wconf 90' lang='lat' dir='ltr'>Biblias</span> <span class='ocrx_word' id='word_1_112' title='bbox 1031 1989 1154 2052; x_wconf 88' lang='lat' dir='ltr'>interea</span> <span class='ocrx_word' id='word_1_113' title='bbox 1165 1986 1265 2050; x_wconf 91' lang='lat' dir='ltr'>simile</span> <span class='ocrx_word' id='word_1_114' title='bbox 1276 2007 1340 2048; x_wconf 92' lang='lat' dir='ltr'>non</span> <span class='ocrx_word' id='word_1_115' title='bbox 1351 1984 1436 2046; x_wconf 88' lang='lat' dir='ltr'>idem</span> 
     </span>
    </p>
   </div>
   <div class='ocr_carea' id='block_1_3' title="bbox 337 2085 1439 2783">
    <p class='ocr_par' dir='ltr' id='par_1_4' title="bbox 337 2085 1439 2783">
     <span class='ocr_line' id='line_1_14' title="bbox 337 2085 1436 2175; baseline -0.005 -22"><span class='ocrx_word' id='word_1_116' title='bbox 337 2090 590 2174; x_wconf 76' lang='lat' dir='ltr'>persecutoribus</span> <span class='ocrx_word' id='word_1_117' title='bbox 600 2091 781 2175; x_wconf 77' lang='lat' dir='ltr'>respondet,</span> <span class='ocrx_word' id='word_1_118' title='bbox 792 2112 864 2175; x_wconf 83' lang='lat' dir='ltr'>pag.</span> <span class='ocrx_word' id='word_1_119' title='bbox 876 2109 953 2175; x_wconf 82' lang='lat'>304,</span> <span class='ocrx_word' id='word_1_120' title='bbox 962 2097 1060 2175; x_wconf 87' lang='lat' dir='ltr'>atque</span> <span class='ocrx_word' id='word_1_121' title='bbox 1071 2089 1114 2167; x_wconf 91' lang='lat' dir='ltr'>id,</span> <span class='ocrx_word' id='word_1_122' title='bbox 1124 2089 1209 2173; x_wconf 88' lang='lat' dir='ltr'>quod</span> <span class='ocrx_word' id='word_1_123' title='bbox 1218 2086 1382 2152; x_wconf 87' lang='lat' dir='ltr'>Blandinae</span> <span class='ocrx_word' id='word_1_124' title='bbox 1393 2085 1436 2149; x_wconf 90' lang='lat' dir='ltr'>ab</span> 
     </span>
     <span class='ocr_line' id='line_1_15' title="bbox 337 2187 1437 2265; baseline -0.005 -10"><span class='ocrx_word' id='word_1_125' title='bbox 337 2193 527 2256; x_wconf 90' lang='lat' dir='ltr'>OEcumenio</span> <span class='ocrx_word' id='word_1_126' title='bbox 548 2192 709 2265; x_wconf 77' lang='lat' dir='ltr'>tribuitur,</span> <span class='ocrx_word' id='word_1_127' title='bbox 726 2192 782 2256; x_wconf 88' lang='lat' dir='ltr'>sed</span> <span class='ocrx_word' id='word_1_128' title='bbox 796 2192 1002 2256; x_wconf 90' lang='lat' dir='ltr'>conveniente</span> <span class='ocrx_word' id='word_1_129' title='bbox 1017 2213 1089 2256; x_wconf 91' lang='lat' dir='ltr'>cum</span> <span class='ocrx_word' id='word_1_130' title='bbox 1104 2189 1295 2254; x_wconf 87' lang='lat' dir='ltr'>OEcumenio</span> <span class='ocrx_word' id='word_1_131' title='bbox 1315 2196 1384 2253; x_wconf 89' lang='lat' dir='ltr'>tam</span> <span class='ocrx_word' id='word_1_132' title='bbox 1403 2187 1437 2250; x_wconf 96' lang='lat' dir='ltr'>in</span> 
     </span>
     <span class='ocr_line' id='line_1_16' title="bbox 338 2290 1438 2378; baseline -0.003 -22"><span class='ocrx_word' id='word_1_133' title='bbox 338 2293 474 2370; x_wconf 90' lang='lat' dir='ltr'>nomine,</span> <span class='ocrx_word' id='word_1_134' title='bbox 485 2316 580 2377; x_wconf 87' lang='lat' dir='ltr'>quarn</span> <span class='ocrx_word' id='word_1_135' title='bbox 590 2294 622 2357; x_wconf 92' lang='lat' dir='ltr'>in</span> <span class='ocrx_word' id='word_1_136' title='bbox 632 2295 727 2370; x_wconf 91' lang='lat' dir='ltr'>dicto,</span> <span class='ocrx_word' id='word_1_137' title='bbox 738 2307 844 2358; x_wconf 87' lang='lat' dir='ltr'>vetere</span> <span class='ocrx_word' id='word_1_138' title='bbox 853 2294 1028 2378; x_wconf 89' lang='lat' dir='ltr'>interprete</span> <span class='ocrx_word' id='word_1_139' title='bbox 1038 2293 1164 2357; x_wconf 84' lang='lat' dir='ltr'>Rufino.</span> <span class='ocrx_word' id='word_1_140' title='bbox 1184 2292 1270 2356; x_wconf 93' lang='lat' dir='ltr'>Dum</span> <span class='ocrx_word' id='word_1_141' title='bbox 1279 2313 1354 2355; x_wconf 92' lang='lat' dir='ltr'>vero</span> <span class='ocrx_word' id='word_1_142' title='bbox 1363 2290 1438 2353; x_wconf 94' lang='lat' dir='ltr'>Bib-</span> 
     </span>
     <span class='ocr_line' id='line_1_17' title="bbox 338 2392 1438 2481; baseline -0.001 -24"><span class='ocrx_word' id='word_1_143' title='bbox 338 2395 454 2459; x_wconf 90' lang='lat' dir='ltr'>liadem</span> <span class='ocrx_word' id='word_1_144' title='bbox 469 2397 553 2459; x_wconf 89' lang='lat' dir='ltr'>inter</span> <span class='ocrx_word' id='word_1_145' title='bbox 568 2402 691 2459; x_wconf 90' lang='lat' dir='ltr'>ceteros</span> <span class='ocrx_word' id='word_1_146' title='bbox 704 2403 863 2480; x_wconf 83' lang='lat' dir='ltr'>martyres</span> <span class='ocrx_word' id='word_1_147' title='bbox 879 2397 1110 2481; x_wconf 83' lang='lat' dir='ltr'>Lugdunenses</span> <span class='ocrx_word' id='word_1_148' title='bbox 1124 2394 1177 2457; x_wconf 89' lang='lat' dir='ltr'>alii</span> <span class='ocrx_word' id='word_1_149' title='bbox 1192 2393 1285 2457; x_wconf 88' lang='lat' dir='ltr'>multi</span> <span class='ocrx_word' id='word_1_150' title='bbox 1305 2392 1438 2477; x_wconf 89' lang='lat' dir='ltr'>scripto·</span> 
     </span>
     <span class='ocr_line' id='line_1_18' title="bbox 338 2494 1438 2580; baseline -0.001 -22"><span class='ocrx_word' id='word_1_151' title='bbox 338 2518 389 2559; x_wconf 85' lang='lat' dir='ltr'>ros</span> <span class='ocrx_word' id='word_1_152' title='bbox 404 2503 701 2572; x_wconf 82' lang='lat' dir='ltr'>commemorarunt,</span> <span class='ocrx_word' id='word_1_153' title='bbox 717 2497 819 2560; x_wconf 90' lang='lat' dir='ltr'>cidem</span> <span class='ocrx_word' id='word_1_154' title='bbox 833 2507 953 2561; x_wconf 76' lang='lat' dir='ltr'>sanetae</span> <span class='ocrx_word' id='word_1_155' title='bbox 973 2497 1108 2573; x_wconf 89' lang='lat' dir='ltr'>mulieri,</span> <span class='ocrx_word' id='word_1_156' title='bbox 1123 2518 1193 2580; x_wconf 87' lang='lat' dir='ltr'>quae</span> <span class='ocrx_word' id='word_1_157' title='bbox 1209 2495 1336 2580; x_wconf 91' lang='lat' dir='ltr'>quidem</span> <span class='ocrx_word' id='word_1_158' title='bbox 1349 2494 1438 2579; x_wconf 87' lang='lat' dir='ltr'>prius</span> 
     </span>
     <span class='ocr_line' id='line_1_19' title="bbox 338 2594 1439 2681; baseline 0.002 -23"><span class='ocrx_word' id='word_1_159' title='bbox 338 2597 428 2681; x_wconf 93' lang='lat' dir='ltr'>lapsa</span> <span class='ocrx_word' id='word_1_160' title='bbox 454 2599 568 2673; x_wconf 85' lang='lat' dir='ltr'>suerat,</span> <span class='ocrx_word' id='word_1_161' title='bbox 592 2597 718 2660; x_wconf 91' lang='lat' dir='ltr'>nomine</span> <span class='ocrx_word' id='word_1_162' title='bbox 742 2598 811 2681; x_wconf 90' lang='lat' dir='ltr'>ejus</span> <span class='ocrx_word' id='word_1_163' title='bbox 835 2598 868 2660; x_wconf 90' lang='lat' dir='ltr'>in</span> <span class='ocrx_word' id='word_1_164' title='bbox 895 2599 1002 2662; x_wconf 88' lang='lat' dir='ltr'>codiee</span> <span class='ocrx_word' id='word_1_165' title='bbox 1024 2620 1082 2662; x_wconf 90' lang='lat' dir='ltr'>suo</span> <span class='ocrx_word' id='word_1_166' title='bbox 1107 2598 1244 2674; x_wconf 88' lang='lat' dir='ltr'>invento,</span> <span class='ocrx_word' id='word_1_167' title='bbox 1265 2594 1439 2680; x_wconf 81' lang='lat' dir='ltr'>assignavit</span> 
     </span>
     <span class='ocr_line' id='line_1_20' title="bbox 339 2688 1439 2783; baseline 0 -22"><span class='ocrx_word' id='word_1_168' title='bbox 339 2699 426 2783; x_wconf 88' lang='lat' dir='ltr'>quod</span> <span class='ocrx_word' id='word_1_169' title='bbox 440 2698 491 2761; x_wconf 95' lang='lat' dir='ltr'>hic</span> <span class='ocrx_word' id='word_1_170' title='bbox 507 2688 657 2762; x_wconf 80' lang='lat' dir='ltr'>narratur</span> <span class='ocrx_word' id='word_1_171' title='bbox 671 2704 784 2762; x_wconf 89' lang='lat' dir='ltr'>auctor</span> <span class='ocrx_word' id='word_1_172' title='bbox 799 2700 949 2783; x_wconf 82' lang='lat' dir='ltr'>opusculi,</span> <span class='ocrx_word' id='word_1_173' title='bbox 963 2700 996 2762; x_wconf 93' lang='lat' dir='ltr'>in</span> <span class='ocrx_word' id='word_1_174' title='bbox 1011 2699 1099 2783; x_wconf 84' lang='lat' dir='ltr'>regia</span> <span class='ocrx_word' id='word_1_175' title='bbox 1113 2698 1306 2762; x_wconf 88' lang='lat' dir='ltr'>bibliotheca</span> <span class='ocrx_word' id='word_1_176' title='bbox 1321 2697 1439 2761; x_wconf 87' lang='lat' dir='ltr'>Matri·</span> 
     </span>
    </p>
   </div>
   <div class='ocr_carea' id='block_1_4' title="bbox 339 2798 1448 4818">
    <p class='ocr_par' dir='ltr' id='par_1_5' title="bbox 339 2798 1444 3702">
     <span class='ocr_line' id='line_1_21' title="bbox 339 2798 1441 2885; baseline -0.002 -21"><span class='ocrx_word' id='word_1_177' title='bbox 339 2799 423 2864; x_wconf 91' lang='lat' dir='ltr'>tensi</span> <span class='ocrx_word' id='word_1_178' title='bbox 446 2799 540 2864; x_wconf 94' lang='lat' dir='ltr'>hodie</span> <span class='ocrx_word' id='word_1_179' title='bbox 562 2799 691 2877; x_wconf 89' lang='lat' dir='ltr'>servati,</span> <span class='ocrx_word' id='word_1_180' title='bbox 715 2799 804 2885; x_wconf 91' lang='lat' dir='ltr'>cujus</span> <span class='ocrx_word' id='word_1_181' title='bbox 827 2800 941 2865; x_wconf 91' lang='lat' dir='ltr'>titulus</span> <span class='ocrx_word' id='word_1_182' title='bbox 967 2807 1035 2875; x_wconf 91' lang='lat' dir='ltr'>est;</span> <span class='ocrx_word' id='word_1_183' title='bbox 1059 2799 1113 2863; x_wconf 81' lang='grc' dir='ltr'>Ἐκ</span> <span class='ocrx_word' id='word_1_184' title='bbox 1138 2802 1189 2877; x_wconf 79' lang='grc' dir='ltr'>τῆς</span> <span class='ocrx_word' id='word_1_185' title='bbox 1213 2798 1363 2878; x_wconf 74' lang='grc' dir='ltr'>Εὖσεβίου</span> <span class='ocrx_word' id='word_1_186' title='bbox 1389 2801 1441 2862; x_wconf 83' lang='grc' dir='ltr'>τοῦ</span> 
     </span>
     <span class='ocr_line' id='line_1_22' title="bbox 341 2902 1439 2984; baseline 0 -20"><span class='ocrx_word' id='word_1_187' title='bbox 341 2904 506 2983; x_wconf 83' lang='grc' dir='ltr'>Παμφίλου</span> <span class='ocrx_word' id='word_1_188' title='bbox 522 2904 766 2981; x_wconf 77' lang='grc' dir='ltr'>ε’κκλησιαστικῆς</span> <span class='ocrx_word' id='word_1_189' title='bbox 781 2904 920 2984; x_wconf 73' lang='grc' dir='ltr'>περὶτῶν</span> <span class='ocrx_word' id='word_1_190' title='bbox 935 2906 1010 2967; x_wconf 76' lang='grc' dir='ltr'>κατὰ</span> <span class='ocrx_word' id='word_1_191' title='bbox 1023 2902 1184 2983; x_wconf 80' lang='grc' dir='ltr'>διαφόρους</span> <span class='ocrx_word' id='word_1_192' title='bbox 1199 2904 1316 2981; x_wconf 79' lang='grc' dir='ltr'>εταίρους</span> <span class='ocrx_word' id='word_1_193' title='bbox 1331 2903 1365 2964; x_wconf 77' lang='grc' dir='ltr'>ἐν</span> <span class='ocrx_word' id='word_1_194' title='bbox 1378 2906 1439 2965; x_wconf 83' lang='grc' dir='ltr'>δια-</span> 
     </span>
     <span class='ocr_line' id='line_1_23' title="bbox 339 3001 1440 3086; baseline 0.003 -21"><span class='ocrx_word' id='word_1_195' title='bbox 339 3005 445 3084; x_wconf 87' lang='grc' dir='ltr'>φόροις</span> <span class='ocrx_word' id='word_1_196' title='bbox 458 3004 569 3066; x_wconf 87' lang='grc' dir='ltr'>τόλεσι</span> <span class='ocrx_word' id='word_1_197' title='bbox 583 3001 782 3081; x_wconf 83' lang='grc' dir='ltr'>όθλησόντων</span> <span class='ocrx_word' id='word_1_198' title='bbox 797 3006 890 3086; x_wconf 80' lang='grc' dir='ltr'>ἁγίων</span> <span class='ocrx_word' id='word_1_199' title='bbox 904 3007 1069 3086; x_wconf 79' lang='grc' dir='ltr'>μαρτύρων.</span> <span class='ocrx_word' id='word_1_200' title='bbox 1117 3002 1191 3067; x_wconf 87' lang='grc' dir='ltr'>Ηοο</span> <span class='ocrx_word' id='word_1_201' title='bbox 1210 3009 1319 3067; x_wconf 88' lang='lat' dir='ltr'>autem</span> <span class='ocrx_word' id='word_1_202' title='bbox 1339 3003 1440 3068; x_wconf 86' lang='lat' dir='ltr'>edidit</span> 
     </span>
     <span class='ocr_line' id='line_1_24' title="bbox 339 3105 1439 3191; baseline 0.004 -27"><span class='ocrx_word' id='word_1_203' title='bbox 339 3105 484 3169; x_wconf 88' lang='lat' dir='ltr'>Joannes</span> <span class='ocrx_word' id='word_1_204' title='bbox 505 3105 620 3169; x_wconf 85' lang='lat' dir='ltr'>lriarte</span> <span class='ocrx_word' id='word_1_205' title='bbox 640 3106 781 3190; x_wconf 90' lang='lat' dir='ltr'>ejusdcm</span> <span class='ocrx_word' id='word_1_206' title='bbox 800 3106 999 3171; x_wconf 86' lang='lat' dir='ltr'>bibliothecae</span> <span class='ocrx_word' id='word_1_207' title='bbox 1020 3113 1127 3170; x_wconf 88' lang='lat' dir='ltr'>custos</span> <span class='ocrx_word' id='word_1_208' title='bbox 1148 3127 1242 3191; x_wconf 79' lang='lat' dir='ltr'>pagg.</span> <span class='ocrx_word' id='word_1_209' title='bbox 1258 3105 1439 3190; x_wconf 81' lang='lat'>548—552.</span> 
     </span>
     <span class='ocr_line' id='line_1_25' title="bbox 343 3206 1441 3293; baseline -0.001 -22"><span class='ocrx_word' id='word_1_210' title='bbox 343 3208 482 3291; x_wconf 65' lang='lat' dir='ltr'>Oetaea·</span> <span class='ocrx_word' id='word_1_211' title='bbox 497 3228 581 3270; x_wconf 91' lang='lat' dir='ltr'>anuo</span> <span class='ocrx_word' id='word_1_212' title='bbox 598 3210 691 3292; x_wconf 88' lang='lat'>1769.</span> <span class='ocrx_word' id='word_1_213' title='bbox 707 3208 793 3292; x_wconf 92' lang='lat' dir='ltr'>typis</span> <span class='ocrx_word' id='word_1_214' title='bbox 805 3209 959 3293; x_wconf 86' lang='lat' dir='ltr'>impressi.</span> <span class='ocrx_word' id='word_1_215' title='bbox 1004 3208 1133 3273; x_wconf 87' lang='lat' dir='ltr'>Etenim</span> <span class='ocrx_word' id='word_1_216' title='bbox 1152 3207 1204 3271; x_wconf 94' lang='lat' dir='ltr'>ille</span> <span class='ocrx_word' id='word_1_217' title='bbox 1224 3206 1361 3291; x_wconf 88' lang='lat' dir='ltr'>putabat</span> <span class='ocrx_word' id='word_1_218' title='bbox 1380 3207 1441 3270; x_wconf 92' lang='lat' dir='ltr'>hoc</span> 
     </span>
     <span class='ocr_line' id='line_1_26' title="bbox 345 3308 1442 3395; baseline 0 -23"><span class='ocrx_word' id='word_1_219' title='bbox 345 3311 447 3394; x_wconf 92' lang='lat' dir='ltr'>ipsum</span> <span class='ocrx_word' id='word_1_220' title='bbox 463 3309 558 3372; x_wconf 85' lang='lat' dir='ltr'>fuisse</span> <span class='ocrx_word' id='word_1_221' title='bbox 573 3330 687 3372; x_wconf 89' lang='lat' dir='ltr'>novum</span> <span class='ocrx_word' id='word_1_222' title='bbox 703 3310 916 3395; x_wconf 81' lang='lat' dir='ltr'>fragmentum</span> <span class='ocrx_word' id='word_1_223' title='bbox 932 3310 1121 3375; x_wconf 84' lang='lat' dir='ltr'>Eusebianae</span> <span class='ocrx_word' id='word_1_224' title='bbox 1140 3308 1282 3373; x_wconf 78' lang='lat' dir='ltr'>historiae</span> <span class='ocrx_word' id='word_1_225' title='bbox 1301 3308 1442 3372; x_wconf 91' lang='lat' dir='ltr'>nondum</span> 
     </span>
     <span class='ocr_line' id='line_1_27' title="bbox 341 3410 1444 3497; baseline -0.001 -21"><span class='ocrx_word' id='word_1_226' title='bbox 341 3413 474 3486; x_wconf 88' lang='lat' dir='ltr'>editum,</span> <span class='ocrx_word' id='word_1_227' title='bbox 490 3410 575 3494; x_wconf 92' lang='lat' dir='ltr'>quod</span> <span class='ocrx_word' id='word_1_228' title='bbox 591 3418 700 3474; x_wconf 92' lang='lat' dir='ltr'>tamen</span> <span class='ocrx_word' id='word_1_229' title='bbox 715 3412 791 3475; x_wconf 90' lang='lat' dir='ltr'>nihil</span> <span class='ocrx_word' id='word_1_230' title='bbox 806 3412 892 3476; x_wconf 90' lang='lat' dir='ltr'>aliud</span> <span class='ocrx_word' id='word_1_231' title='bbox 908 3425 959 3477; x_wconf 92' lang='lat' dir='ltr'>est</span> <span class='ocrx_word' id='word_1_232' title='bbox 979 3434 1074 3497; x_wconf 92' lang='lat' dir='ltr'>quam</span> <span class='ocrx_word' id='word_1_233' title='bbox 1096 3412 1191 3475; x_wconf 88' lang='lat' dir='ltr'>index</span> <span class='ocrx_word' id='word_1_234' title='bbox 1212 3410 1277 3474; x_wconf 88' lang='lat' dir='ltr'>sive</span> <span class='ocrx_word' id='word_1_235' title='bbox 1299 3411 1444 3496; x_wconf 83' lang='lat' dir='ltr'>synopsis</span> 
     </span>
     <span class='ocr_line' id='line_1_28' title="bbox 342 3513 1443 3598; baseline 0.002 -22"><span class='ocrx_word' id='word_1_236' title='bbox 342 3514 568 3597; x_wconf 87' lang='lat' dir='ltr'>martyriorum</span> <span class='ocrx_word' id='word_1_237' title='bbox 595 3513 681 3597; x_wconf 90' lang='lat' dir='ltr'>apud</span> <span class='ocrx_word' id='word_1_238' title='bbox 707 3515 880 3579; x_wconf 89' lang='lat' dir='ltr'>Eusebium</span> <span class='ocrx_word' id='word_1_239' title='bbox 910 3521 1239 3591; x_wconf 87' lang='lat' dir='ltr'>commemoratorum,</span> <span class='ocrx_word' id='word_1_240' title='bbox 1264 3514 1443 3598; x_wconf 87' lang='lat' dir='ltr'>adjectione</span> 
     </span>
     <span class='ocr_line' id='line_1_29' title="bbox 343 3616 1190 3702; baseline 0.001 -24"><span class='ocrx_word' id='word_1_241' title='bbox 343 3637 516 3700; x_wconf 87' lang='lat' dir='ltr'>paucorum</span> <span class='ocrx_word' id='word_1_242' title='bbox 531 3616 698 3680; x_wconf 91' lang='lat' dir='ltr'>verborum</span> <span class='ocrx_word' id='word_1_243' title='bbox 713 3618 809 3681; x_wconf 91' lang='lat' dir='ltr'>semel</span> <span class='ocrx_word' id='word_1_244' title='bbox 823 3626 922 3702; x_wconf 89' lang='lat' dir='ltr'>atque</span> <span class='ocrx_word' id='word_1_245' title='bbox 936 3619 1053 3683; x_wconf 88' lang='lat' dir='ltr'>iterum</span> <span class='ocrx_word' id='word_1_246' title='bbox 1067 3625 1190 3680; x_wconf 89' lang='lat' dir='ltr'>auctus.</span> 
     </span>
    </p>

    <p class='ocr_par' dir='ltr' id='par_1_6' title="bbox 341 3717 1448 4818">
     <span class='ocr_line' id='line_1_30' title="bbox 387 3717 1443 3802; baseline 0.003 -23"><span class='ocrx_word' id='word_1_247' title='bbox 387 3718 436 3780; x_wconf 91' lang='lat' dir='ltr'>De</span> <span class='ocrx_word' id='word_1_248' title='bbox 451 3717 572 3802; x_wconf 82' lang='lat' dir='ltr'>origine</span> <span class='ocrx_word' id='word_1_249' title='bbox 593 3726 700 3782; x_wconf 87' lang='lat' dir='ltr'>autem</span> <span class='ocrx_word' id='word_1_250' title='bbox 721 3719 854 3783; x_wconf 88' lang='lat' dir='ltr'>istarum</span> <span class='ocrx_word' id='word_1_251' title='bbox 876 3720 1114 3794; x_wconf 84' lang='lat' dir='ltr'>calumniarum,</span> <span class='ocrx_word' id='word_1_252' title='bbox 1130 3739 1202 3782; x_wconf 91' lang='lat' dir='ltr'>eum</span> <span class='ocrx_word' id='word_1_253' title='bbox 1222 3721 1272 3796; x_wconf 80' lang='grc' dir='ltr'>τῆς</span> <span class='ocrx_word' id='word_1_254' title='bbox 1292 3718 1443 3798; x_wconf 81' lang='grc' dir='ltr'>ἀνθρωπο·</span> 
     </span>
     <span class='ocr_line' id='line_1_31' title="bbox 341 3817 1444 3904; baseline 0.002 -23"><span class='ocrx_word' id='word_1_255' title='bbox 341 3821 463 3899; x_wconf 82' lang='grc' dir='ltr'>φαγίας,</span> <span class='ocrx_word' id='word_1_256' title='bbox 489 3826 559 3882; x_wconf 91' lang='lat' dir='ltr'>tum</span> <span class='ocrx_word' id='word_1_257' title='bbox 580 3842 654 3883; x_wconf 90' lang='lat' dir='ltr'>vero</span> <span class='ocrx_word' id='word_1_258' title='bbox 678 3820 812 3884; x_wconf 86' lang='lat' dir='ltr'>aliorum</span> <span class='ocrx_word' id='word_1_259' title='bbox 835 3821 1022 3899; x_wconf 85' lang='lat' dir='ltr'>facinorum,</span> <span class='ocrx_word' id='word_1_260' title='bbox 1047 3819 1167 3904; x_wconf 89' lang='lat' dir='ltr'>optime</span> <span class='ocrx_word' id='word_1_261' title='bbox 1193 3818 1261 3903; x_wconf 81' lang='lat' dir='ltr'>agit</span> <span class='ocrx_word' id='word_1_262' title='bbox 1284 3817 1444 3883; x_wconf 83' lang='lat' dir='ltr'>Robertus</span> 
     </span>
     <span class='ocr_line' id='line_1_32' title="bbox 344 3918 1443 4007; baseline -0.001 -26"><span class='ocrx_word' id='word_1_263' title='bbox 344 3919 476 3983; x_wconf 87' lang='lat' dir='ltr'>Tumor.</span> <span class='ocrx_word' id='word_1_264' title='bbox 507 3920 540 3982; x_wconf 94' lang='lat' dir='ltr'>in</span> <span class='ocrx_word' id='word_1_265' title='bbox 574 3921 678 3985; x_wconf 90' lang='lat' dir='ltr'>libello</span> <span class='ocrx_word' id='word_1_266' title='bbox 707 3922 844 4007; x_wconf 85' lang='lat' dir='ltr'>Anglica</span> <span class='ocrx_word' id='word_1_267' title='bbox 878 3923 987 4005; x_wconf 82' lang='lat' dir='ltr'>lingua</span> <span class='ocrx_word' id='word_1_268' title='bbox 1020 3920 1211 4004; x_wconf 89' lang='lat' dir='ltr'>conscripto,</span> <span class='ocrx_word' id='word_1_269' title='bbox 1237 3918 1285 3982; x_wconf 90' lang='lat' dir='ltr'>eui</span> <span class='ocrx_word' id='word_1_270' title='bbox 1320 3918 1443 3997; x_wconf 89' lang='lat' dir='ltr'>titulus,</span> 
     </span>
     <span class='ocr_line' id='line_1_33' title="bbox 344 4022 1446 4103; baseline 0.001 -20"><span class='ocrx_word' id='word_1_271' title='bbox 344 4024 457 4084; x_wconf 73' lang='lat' dir='ltr'>Caracca</span> <span class='ocrx_word' id='word_1_272' title='bbox 485 4022 718 4085; x_wconf 72' lang='lat' dir='ltr'>Ochtnrniamm</span> <span class='ocrx_word' id='word_1_273' title='bbox 742 4034 846 4087; x_wconf 76' lang='lat' dir='ltr'>castra</span> <span class='ocrx_word' id='word_1_274' title='bbox 874 4023 1061 4086; x_wconf 63' lang='lat' dir='ltr'>Olmatianos</span> <span class='ocrx_word' id='word_1_275' title='bbox 1084 4022 1264 4097; x_wconf 71' lang='lat' dir='ltr'>Primoeooa</span> <span class='ocrx_word' id='word_1_276' title='bbox 1288 4041 1446 4103; x_wconf 88' lang='lat' dir='ltr'>quemque</span> 
     </span>
     <span class='ocr_line' id='line_1_34' title="bbox 343 4120 1446 4208; baseline 0.001 -23"><span class='ocrx_word' id='word_1_277' title='bbox 343 4122 449 4205; x_wconf 91' lang='lat' dir='ltr'>capite</span> <span class='ocrx_word' id='word_1_278' title='bbox 464 4129 579 4206; x_wconf 88' lang='lat' dir='ltr'>quarto</span> <span class='ocrx_word' id='word_1_279' title='bbox 594 4144 667 4207; x_wconf 86' lang='lat' dir='ltr'>pag.</span> <span class='ocrx_word' id='word_1_280' title='bbox 678 4140 817 4208; x_wconf 81' lang='lat'>71—73.</span> <span class='ocrx_word' id='word_1_281' title='bbox 828 4124 867 4187; x_wconf 92' lang='lat' dir='ltr'>de</span> <span class='ocrx_word' id='word_1_282' title='bbox 883 4123 987 4187; x_wconf 89' lang='lat' dir='ltr'>verbis</span> <span class='ocrx_word' id='word_1_283' title='bbox 1002 4122 1185 4186; x_wconf 89' lang='lat' dir='ltr'>OEcumenii</span> <span class='ocrx_word' id='word_1_284' title='bbox 1200 4120 1354 4185; x_wconf 88' lang='lat' dir='ltr'>consulas.</span> <span class='ocrx_word' id='word_1_285' title='bbox 1397 4122 1446 4186; x_wconf 91' lang='lat' dir='ltr'>Et</span> 
     </span>
     <span class='ocr_line' id='line_1_35' title="bbox 345 4222 1445 4308; baseline 0.002 -22"><span class='ocrx_word' id='word_1_286' title='bbox 345 4246 427 4287; x_wconf 91' lang='lat' dir='ltr'>nunc</span> <span class='ocrx_word' id='word_1_287' title='bbox 449 4225 586 4288; x_wconf 85' lang='lat' dir='ltr'>adnotat</span> <span class='ocrx_word' id='word_1_288' title='bbox 609 4245 747 4308; x_wconf 91' lang='lat' dir='ltr'>nuperus</span> <span class='ocrx_word' id='word_1_289' title='bbox 765 4225 895 4289; x_wconf 88' lang='lat' dir='ltr'>Eusebii</span> <span class='ocrx_word' id='word_1_290' title='bbox 919 4226 1024 4289; x_wconf 88' lang='lat' dir='ltr'>editor</span> <span class='ocrx_word' id='word_1_291' title='bbox 1046 4224 1085 4288; x_wconf 92' lang='lat' dir='ltr'>el.</span> <span class='ocrx_word' id='word_1_292' title='bbox 1102 4222 1320 4287; x_wconf 89' lang='lat' dir='ltr'>Heiniohenus</span> <span class='ocrx_word' id='word_1_293' title='bbox 1343 4246 1376 4308; x_wconf 92' lang='lat' dir='ltr'>p.</span> <span class='ocrx_word' id='word_1_294' title='bbox 1396 4227 1445 4288; x_wconf 90' lang='lat'>16.</span> 
     </span>
     <span class='ocr_line' id='line_1_36' title="bbox 344 4324 1447 4408; baseline 0.001 -21"><span class='ocrx_word' id='word_1_295' title='bbox 344 4332 433 4388; x_wconf 87' lang='lat' dir='ltr'>ortas</span> <span class='ocrx_word' id='word_1_296' title='bbox 448 4325 544 4388; x_wconf 81' lang='lat' dir='ltr'>fuisse</span> <span class='ocrx_word' id='word_1_297' title='bbox 565 4324 800 4390; x_wconf 82' lang='lat' dir='ltr'>criminationes</span> <span class='ocrx_word' id='word_1_298' title='bbox 820 4326 900 4390; x_wconf 89' lang='lat' dir='ltr'>istas</span> <span class='ocrx_word' id='word_1_299' title='bbox 920 4348 960 4389; x_wconf 91' lang='lat' dir='ltr'>ex</span> <span class='ocrx_word' id='word_1_300' title='bbox 983 4324 1210 4391; x_wconf 88' lang='lat' dir='ltr'>scelestissimis</span> <span class='ocrx_word' id='word_1_301' title='bbox 1225 4324 1447 4408; x_wconf 76' lang='lat' dir='ltr'>Carpocratia-</span> 
     </span>
     <span class='ocr_line' id='line_1_37' title="bbox 345 4423 1447 4511; baseline 0.001 -23"><span class='ocrx_word' id='word_1_302' title='bbox 345 4448 470 4502; x_wconf 90' lang='lat' dir='ltr'>norum,</span> <span class='ocrx_word' id='word_1_303' title='bbox 482 4426 679 4511; x_wconf 89' lang='lat' dir='ltr'>aliorumque</span> <span class='ocrx_word' id='word_1_304' title='bbox 691 4428 925 4502; x_wconf 83' lang='lat' dir='ltr'>Gnosticorum,</span> <span class='ocrx_word' id='word_1_305' title='bbox 936 4427 1052 4492; x_wconf 91' lang='lat' dir='ltr'>ritibus</span> <span class='ocrx_word' id='word_1_306' title='bbox 1063 4450 1101 4491; x_wconf 88' lang='lat' dir='ltr'>ae</span> <span class='ocrx_word' id='word_1_307' title='bbox 1117 4425 1320 4501; x_wconf 69' lang='lat' dir='ltr'>eaeremoniis,</span> <span class='ocrx_word' id='word_1_308' title='bbox 1333 4423 1447 4508; x_wconf 89' lang='lat' dir='ltr'>quibus</span> 
     </span>
     <span class='ocr_line' id='line_1_38' title="bbox 345 4527 1446 4611; baseline -0.001 -21"><span class='ocrx_word' id='word_1_309' title='bbox 345 4549 444 4591; x_wconf 83' lang='lat' dir='ltr'>coenae</span> <span class='ocrx_word' id='word_1_310' title='bbox 456 4549 554 4591; x_wconf 85' lang='lat' dir='ltr'>sacrae</span> <span class='ocrx_word' id='word_1_311' title='bbox 566 4527 811 4592; x_wconf 89' lang='lat' dir='ltr'>celebrationem</span> <span class='ocrx_word' id='word_1_312' title='bbox 823 4530 943 4594; x_wconf 82' lang='lat' dir='ltr'>loedare</span> <span class='ocrx_word' id='word_1_313' title='bbox 952 4536 1182 4593; x_wconf 89' lang='lat' dir='ltr'>consueverunt</span> <span class='ocrx_word' id='word_1_314' title='bbox 1193 4553 1203 4604; x_wconf 92' lang='lat'>;</span> <span class='ocrx_word' id='word_1_315' title='bbox 1217 4528 1270 4592; x_wconf 87' lang='lat' dir='ltr'>vix</span> <span class='ocrx_word' id='word_1_316' title='bbox 1279 4527 1446 4611; x_wconf 87' lang='lat' dir='ltr'>superatis,</span> 
     </span>
     <span class='ocr_line' id='line_1_39' title="bbox 346 4628 1448 4715; baseline 0.003 -24"><span class='ocrx_word' id='word_1_317' title='bbox 346 4637 383 4691; x_wconf 91' lang='lat' dir='ltr'>ut</span> <span class='ocrx_word' id='word_1_318' title='bbox 410 4628 467 4701; x_wconf 90' lang='lat' dir='ltr'>ait,</span> <span class='ocrx_word' id='word_1_319' title='bbox 492 4628 534 4691; x_wconf 91' lang='lat' dir='ltr'>ab</span> <span class='ocrx_word' id='word_1_320' title='bbox 559 4628 656 4713; x_wconf 90' lang='lat' dir='ltr'>impio</span> <span class='ocrx_word' id='word_1_321' title='bbox 682 4629 747 4694; x_wconf 90' lang='lat' dir='ltr'>ritu</span> <span class='ocrx_word' id='word_1_322' title='bbox 771 4652 967 4715; x_wconf 83' lang='lat' dir='ltr'>paganorum</span> <span class='ocrx_word' id='word_1_323' title='bbox 991 4631 1141 4714; x_wconf 89' lang='lat' dir='ltr'>ipsorum,</span> <span class='ocrx_word' id='word_1_324' title='bbox 1164 4651 1259 4714; x_wconf 88' lang='lat' dir='ltr'>quem</span> <span class='ocrx_word' id='word_1_325' title='bbox 1281 4629 1448 4713; x_wconf 91' lang='lat' dir='ltr'>descripsit</span> 
     </span>
     <span class='ocr_line' id='line_1_40' title="bbox 346 4728 1446 4818; baseline 0.002 -27"><span class='ocrx_word' id='word_1_326' title='bbox 346 4728 491 4793; x_wconf 77' lang='lat' dir='ltr'>&#39;l&#39;holuch</span> <span class='ocrx_word' id='word_1_327' title='bbox 505 4729 537 4792; x_wconf 93' lang='lat' dir='ltr'>in</span> <span class='ocrx_word' id='word_1_328' title='bbox 554 4731 700 4796; x_wconf 76' lang='lat' dir='ltr'>Necmlar</span> <span class='ocrx_word' id='word_1_329' title='bbox 708 4731 925 4816; x_wconf 77' lang='lat' dir='ltr'>Denkwir‘rdiy.</span> <span class='ocrx_word' id='word_1_330' title='bbox 941 4733 1035 4797; x_wconf 90' lang='lat' dir='ltr'>Tom.</span> <span class='ocrx_word' id='word_1_331' title='bbox 1050 4732 1095 4796; x_wconf 94' lang='lat' dir='ltr'>ll.</span> <span class='ocrx_word' id='word_1_332' title='bbox 1107 4755 1139 4818; x_wconf 91' lang='lat' dir='ltr'>p.</span> <span class='ocrx_word' id='word_1_333' title='bbox 1154 4752 1213 4817; x_wconf 86' lang='lat'>129</span> <span class='ocrx_word' id='word_1_334' title='bbox 1229 4754 1316 4817; x_wconf 87' lang='lat' dir='ltr'>seqq.</span> <span class='ocrx_word' id='word_1_335' title='bbox 1327 4753 1358 4816; x_wconf 90' lang='lat' dir='ltr'>p.</span> <span class='ocrx_word' id='word_1_336' title='bbox 1374 4750 1446 4815; x_wconf 80' lang='lat'><strong>133·</strong></span> 
     </span>
    </p>
   </div>
   <div class='ocr_carea' id='block_1_5' title="bbox 391 4853 959 4896">
    <p class='ocr_par' dir='ltr' id='par_1_7' title="bbox 391 4853 959 4896">
     <span class='ocr_line' id='line_1_41' title="bbox 391 4853 959 4896; baseline 0.007 -4"><span class='ocrx_word' id='word_1_337' title='bbox 391 4853 458 4896; x_wconf 76' lang='lat' dir='ltr'>VOL.</span> <span class='ocrx_word' id='word_1_338' title='bbox 473 4855 494 4896; x_wconf 90' lang='lat'>1.</span> <span class='ocrx_word' id='word_1_339' title='bbox 898 4856 918 4895; x_wconf 85' lang='grc' dir='ltr'><strong>Χ</strong></span> <span class='ocrx_word' id='word_1_340' title='bbox 937 4856 959 4896; x_wconf 80' lang='grc' dir='ltr'><strong>Χ</strong></span> 
     </span>
    </p>
   </div>
   <div class='ocr_carea' id='block_1_6' title="bbox 0 0 1933 5650">
    <p class='ocr_par' dir='ltr' id='par_1_8' title="bbox 0 0 1933 5650">
     <span class='ocr_line' id='line_1_42' title="bbox 0 0 1933 5650; baseline 0 0"><span class='ocrx_word' id='word_1_341' title='bbox 0 0 1933 5650; x_wconf 95' lang='lat' dir='ltr'> </span> 
     </span>
    </p>
   </div>
  </div>
 </body>
</html>
