3809 5650
515 703 743 769 EPISTOLA
767 707 1092 775 VIENNENSIUM
1119 711 1181 776 ΕΤ
1206 714 1350 779 LUGD.
1416 718 1483 781 301

385 869 483 941 ναῖον
515 861 733 963 ἀγωνιστήν·
773 870 831 944 καὶ
868 869 917 948 εἰς
938 863 1126 947 Ἀτταλον
1159 872 1398 972 Περγαμηνὸν
1433 881 1485 982 τῷ

384 997 489 1097 γε’νει·
519 996 676 1077 ὅστύλον
690 1001 748 1077 καὶ
767 1001 945 1101 ἑδραίωμα
960 1008 1033 1081 τῶν
1051 1005 1204 1084 ἐνταῦθα
1222 1009 1275 1085 ἀεὶ
1293 1007 1481 1106 γεγονότα·

384 1132 442 1208 καὶ
469 1135 517 1212 είς
543 1132 757 1227 Βλανδίναν,
779 1134 821 1210 δι’
841 1133 884 1232 ἧς
911 1135 1086 1243 ἐπέδειξεν
1114 1140 1134 1217 ὃ
1163 1141 1336 1244 Χριστὸς,
1355 1143 1411 1224 ότι
1437 1145 1484 1226 τὰ

382 1264 483 1368 παρὰ
512 1266 712 1368 ἀνθρώποις
739 1268 864 1367 εθτελῆ
892 1273 951 1348 καὶ
979 1274 1076 1372 ἀειδῆ
1105 1278 1164 1353 καὶ
1191 1278 1484 1385 εὐκαταφρόνητα

354 1397 593 1503 εφαινόμενα,
615 1399 778 1501 μεγάλης
799 1402 1027 1508 καταξιοῦται
1053 1408 1154 1511 παρὰ
1178 1414 1261 1518 Θεῷ
1286 1411 1405 1520 δόξης,
1424 1415 1483 1496 διδ

381 1533 447 1632 τὴν
473 1534 564 1636 πρὸς
588 1532 696 1613 αὑτὸν
725 1533 882 1635 ἀγάπην,
907 1535 974 1634 τὴν
1006 1541 1044 1617 ἐν
1074 1541 1217 1640 δυνάμει
1248 1547 1482 1648 δεικνυμένην,

381 1667 507 1766 καὶμὴ
533 1670 570 1746 ἐν
592 1668 673 1747 ε’ίδει
697 1669 939 1772 καυχωμένην.
971 1672 1072 1770 ἡμῶν
1097 1671 1170 1776 γὰρ
1195 1674 1341 1757 πάντων
1364 1681 1479 1760 δεδιό·

380 1835 464 1898 των,
482 1807 541 1881 καὶ
565 1806 647 1900 ΙΙτῆς
669 1804 842 1904 σαρκίνης
866 1804 1057 1902 δεσποίνης
1084 1807 1191 1904 αὐτῆς
1219 1810 1245 1907 ἥ
1269 1845 1323 1895 τις
1350 1810 1396 1911 ῆν
1423 1818 1482 1895 καὶ

381 1933 469 2033 αὐτῆ
501 1941 574 2013 τῶν
605 1933 794 2036 μαρτύρων
826 1935 890 2033 μία
923 1939 1153 2042 ἁγωνίοτρια,
1187 1942 1397 2044 ἀγωνιιόσης
1429 1945 1480 2047 μῆ

338 2069 461 2148 ιοούδὲ
479 2069 545 2168 τῆν
564 2070 762 2168 ὁμολογίαν
788 2066 981 2167 δυνῆσεται
1003 2072 1329 2175 παρρησιάσασθαι
1353 2078 1411 2158 διὰ
1437 2080 1480 2161 τὸ

380 2204 529 2288 ἀσθενὲς
546 2213 610 2282 τοῦ
631 2202 850 2300 σώματος,ἡ
878 2204 1061 2283 Βλανδίνα
1085 2207 1264 2309 τοσαίντης
1288 2212 1480 2314 ἐπληρώθη

380 2340 569 2438 δυνάμεως,
603 2338 695 2418 ὥστε
731 2342 922 2437 ἐκλυθῆναι
955 2345 1013 2419 καὶ
1043 2349 1240 2446 παρεθῆναι
1272 2345 1355 2433 τοὺς
1388 2347 1481 2427 κατὰ

379 2476 547 2579 διαδοχὰς
564 2478 671 2555 παντὶ
689 2473 811 2578 τρόπῳ
829 2473 1093 2575 βασανίζοντας
1111 2478 1222 2578 αὐτὴν
1244 2480 1317 2561 ἀπὸ
1334 2486 1479 2584 ἑωθινῆς

380 2607 445 2688 ἕως
471 2608 637 2708 ἑσπέρας,
655 2610 714 2683 καὶ
739 2601 866 2687 αὐτοὺς
894 2606 1163 2704 ὁμολογοῦντας
1191 2609 1245 2688 ὅτι
1274 2616 1478 2714 νενίκηνται,

335 2781 368 2842 ¹5
379 2739 488 2840 μηδὲν
506 2739 646 2845 ἔχοντες
663 2737 787 2838 μηκέτι
806 2735 826 2815 ὃ
843 2735 1062 2836 ποιήσουσα
1081 2743 1184 2847 αι’τιηῆ·
1214 2748 1273 2823 καὶ
1291 2747 1478 2850 θαυμάζειν

378 2879 435 2955 ἐπὶ
453 2881 505 2981 τῷ
521 2875 736 2976 παραμένειν
754 2872 910 2969 ἔμπνουν
929 2868 1051 2971 αι’ντῆν,
1069 2875 1204 2960 παντὸς
1221 2888 1286 2959 τοῦ
1308 2883 1478 2979 σώματος

378 3009 608 3114 διερῥωγότος
627 3010 686 3087 καὶ
703 3005 938 3114 ἠνεῳγμένου·
969 3009 1028 3084 καὶ
1046 3019 1247 3113 μαρτυρεῖν,
1262 3012 1316 3092 ότι
1335 3015 1373 3094 ἕν
1386 3013 1477 3101 εἶδος

377 3303 511 3362 Attalum
535 3322 651 3379 quoque
675 3301 767 3379 patria
793 3300 899 3377 Pergu-
951 3320 989 3357 ne
1011 3300 1061 3358 illu
1083 3302 1121 3360 ob
1140 3303 1313 3362 tenuitatem
1337 3307 1474 3383 corporis,

377 3403 504 3452 menum,
524 3383 574 3460 qui
598 3381 732 3439 columna
754 3392 784 3440 et
806 3380 901 3437 firma·
952 3379 1070 3439 libernm
1086 3382 1296 3442 confessionem
1312 3384 1398 3445 edere
1415 3408 1474 3446 non

331 3473 506 3522 nomentum
523 3461 651 3520 ecclesiae
666 3474 771 3518 nostroe
788 3479 901 3538 semper
951 3460 1078 3520 valeret:
1101 3472 1184 3521 tanto
1198 3464 1285 3521 animi
1304 3467 1407 3525 robore
1425 3467 1475 3526 fir·

376 3543 450 3601 fuit:
471 3543 499 3600 in
513 3541 687 3600 Blandinum
701 3540 836 3618 denique,
849 3559 900 3617 per
951 3552 1095 3600 mutuent
1117 3542 1271 3610 Blandinn,
1296 3557 1329 3603 ut
1350 3555 1475 3608 tortores

376 3644 462 3701 quam
498 3623 633 3680 Christus
664 3620 802 3686 ostendit,
835 3640 900 3697 quae
950 3622 1002 3697 qui
1026 3622 1150 3680 invicem
1174 3624 1228 3681 sibi
1251 3625 1476 3688 succedentem

376 3704 455 3768 vilia,
491 3702 642 3768 deformia,
676 3711 899 3778 contemptuque
949 3701 1044 3779 prima
1064 3701 1131 3761 luce
1152 3723 1244 3779 usque
1265 3704 1302 3762 nd
1326 3726 1475 3784 vesperam

376 3783 542 3841 hominibus
559 3782 705 3849 ridentur,
721 3801 755 3838 en
772 3782 899 3838 muximo
950 3783 1029 3838 omui
1052 3793 1262 3840 tormentorum
1283 3804 1389 3861 genere
1411 3807 1475 3844 eam

329 3885 365 3941 25
377 3862 485 3921 honore
500 3862 573 3921 uflici
592 3883 609 3919 a
626 3862 692 3919 Deo
710 3873 829 3939 propter
848 3881 898 3918 ex·
950 3862 1196 3926 excruciaverunt,
1218 3863 1347 3921 resoluta
1371 3884 1474 3924 nervo-

376 3942 528 4000 cellentem
544 3963 611 4018 erga
626 3942 720 4017 ipsum
740 3941 898 4008 caritatem,
950 3958 1014 3996 rum
1035 3960 1173 4018 compage
1189 3940 1364 4014 deficerent;
1386 3963 1475 4023 seque

376 4042 440 4098 quae
463 4023 492 4078 in
514 4023 624 4080 virtute
645 4020 833 4099 potentiaque
853 4040 899 4077 os·
951 4019 1043 4077 victos
1057 4021 1191 4089 confessi,
1205 4041 1269 4079 curn
1286 4022 1398 4080 nullum
1414 4035 1474 4083 tor·

376 4102 519 4167 tenditur,
542 4121 600 4158 non
622 4100 717 4178 specie
738 4099 815 4155 inani
838 4098 901 4176 glo·
950 4100 1043 4157 menti
1070 4118 1163 4176 genus
1189 4100 1268 4176 quod
1292 4103 1347 4179 ipsi
1373 4104 1474 4164 inferri

375 4182 476 4239 riatur.
520 4181 598 4238 Nam
613 4199 678 4238 cum
694 4178 821 4236 universi
841 4188 900 4236 tre.
951 4190 1059 4256 posset,
1081 4178 1224 4255 reliquum
1248 4180 1397 4248 haberent,
1418 4186 1473 4244 mi.

327 4262 553 4339 3opidnremus,
577 4261 697 4338 ipsaque
725 4256 804 4316 illius
825 4269 899 4315 tem.
950 4270 1085 4317 rarentur
1112 4257 1207 4317 adhuc
1231 4259 1308 4318 illam
1338 4263 1473 4340 spiritum

377 4341 486 4418 poraiis
500 4340 627 4406 dominu,
643 4359 708 4416 quoe
722 4337 828 4411 etipsa
842 4358 901 4396 una
950 4337 1066 4405 ducere,
1080 4349 1144 4396 toto
1158 4357 1277 4416 corpore
1291 4339 1416 4401 lacerato
1429 4356 1473 4405 nt-

375 4441 441 4478 cum
458 4420 578 4497 reliquis
592 4419 768 4497 martyribus
782 4428 900 4477 strenue
949 4438 1008 4495 que
1020 4419 1170 4497 perfusum
1190 4428 1425 4499 testarenturque
1438 4446 1472 4484 u·

377 4502 533 4579 pugnabat,
566 4498 735 4557 formidaret
767 4497 900 4576 inprimis
951 4498 1048 4558 nicum
1064 4498 1202 4557 tormenti
1223 4519 1315 4576 genus
1336 4501 1373 4559 ad
1393 4502 1473 4564 illurn

582 4736 596 4772 κ
613 4739 621 4771 ι
638 4723 702 4772 Tim.
714 4725 749 4771 iii.
765 4738 800 4785 ¹5·
1065 4723 1081 4762 h
1093 4722 1181 4786 upum
1193 4725 1225 4772 vt.
1237 4739 1262 4788 5.
