3809 5650
579 691 630 757 IN
653 689 903 759 HEGESIPPI
927 688 1230 755 FRAGMENTA.
1392 691 1458 757 277

360 858 425 924 Gur
443 865 552 922 autem
567 857 717 943 AEgyptii
737 857 911 942 prophetae
925 863 1077 922 voearent
1092 854 1268 920 Antistites
1289 875 1373 926 euos,
1389 854 1458 919 hoeo

360 959 438 1023 mihi
452 981 549 1023 eausa
563 981 631 1026 esse
645 960 781 1035 videtur,
793 960 879 1044 quod
897 979 1017 1022 aroana
1036 957 1182 1042 quaedam
1205 979 1296 1021 saera
1317 979 1354 1021 ao
1376 978 1459 1041 mys·

361 1061 444 1124 teria
457 1061 552 1124 abiis
569 1061 655 1125 tradi
675 1061 851 1124 erederent.
897 1059 1070 1143 Prophetae
1090 1058 1175 1122 enim
1197 1059 1346 1122 dieuntur
1367 1058 1459 1142 quasi

360 1183 549 1225 areanorum
564 1162 763 1245 interpretes.
808 1161 935 1226 Habuit
950 1169 1036 1224 eerte
1051 1161 1212 1225 Antinous
1229 1182 1321 1225 sarra
1342 1183 1400 1225 sua
1420 1182 1459 1225 ao

362 1263 524 1346 mysteria,
540 1263 653 1346 quibus
674 1263 884 1327 initiabantur
907 1263 961 1346 qni
983 1262 1108 1326 vellent.
1153 1262 1306 1326 Testatur
1327 1262 1360 1325 id
1376 1263 1460 1325 Pau·

362 1363 468 1426 sanias
483 1363 516 1425 in
530 1363 707 1439 Arcadicis,
725 1366 773 1427 καὶ
792 1363 897 1442 τελετή
916 1390 949 1427 τε
971 1367 1045 1427 κατὰ
1067 1363 1133 1430 ἔτος
1154 1364 1292 1438 ἕκαστον,
1308 1363 1356 1426 καὶ
1378 1364 1461 1444 ἀγόν

364 1465 448 1524 ἔστιν
463 1463 540 1547 αὐτῷ
555 1466 603 1526 διὰ
618 1464 702 1530 ἔτους
716 1464 860 1542 πέμπτου.
905 1465 944 1527 ld
965 1473 1015 1529 est
1036 1475 1064 1528 et
1084 1467 1226 1547 mysteria
1247 1465 1419 1548 quotam,
1433 1471 1462 1527 et

363 1564 466 1647 quisito
480 1585 592 1648 qaoque
604 1586 685 1628 aooo
698 1567 865 1629 mwmioa
879 1567 914 1628 ia
927 1565 1063 1629 tortorem
1076 1566 1138 1648 eyia
1156 1563 1348 1629 abtamur.
1393 1563 1462 1626 Vn-

365 1687 474 1732 nnsros.
520 1665 681 1729 Nonnulla
706 1667 791 1730 haud
817 1667 960 1752 vulgaria
985 1666 1170 1730 afferentem
1195 1665 1265 1729 vide
1292 1665 1462 1748 Origenem

363 1766 417 1830 lib.
433 1766 477 1828 iii.
492 1767 608 1831 Contra
626 1767 698 1830 Oete.
711 1789 742 1829 n.
752 1770 805 1851 36.
817 1769 857 1833 de
871 1768 960 1832 falsis
974 1767 1144 1843 miraaulis,
1157 1788 1228 1851 quae
1241 1767 1393 1844 Antinoo,
1404 1767 1462 1831 sai·

363 1869 438 1931 lieet
453 1868 670 1932 Romanorum
692 1870 921 1954 imperatorum
936 1870 1039 1936 instar
1054 1870 1125 1934 Deo
1135 1870 1204 1953 jam
1218 1869 1314 1944 facto,
1330 1868 1462 1933 attribui

364 1969 459 2032 solita
481 1978 567 2034 sunt.
615 1970 800 2055 Legendum
826 1980 934 2037 autem
959 1978 1127 2036 censuerat
1149 1969 1330 2034 Halloixius
1353 1970 1463 2049 ἔστησε

363 2090 422 2155 pro
438 2069 547 2143 ἔκτισε,
563 2077 596 2134 et
612 2093 721 2135 vocem
736 2073 812 2136 ναὸν
824 2081 902 2137 ante
917 2074 965 2138 καὶ
979 2072 1133 2153 προφήτας
1146 2093 1186 2135 ex
1201 2069 1464 2153 interpretatione

365 2170 472 2233 Rufini
497 2180 667 2255 putaverat
692 2175 920 2258 supplendam
943 2176 1000 2239 sed
1023 2172 1168 2239 Salmasii
1192 2174 1374 2258 oonjeetura
1399 2171 1465 2249 illa,

365 2271 426 2336 etsi
456 2272 638 2355 improbata
660 2273 802 2352 Valesio,
825 2277 951 2341 videtur
975 2276 1207 2362 amplectenda,
1231 2297 1302 2361 quae
1324 2297 1364 2339 ex
1387 2273 1466 2338 Hie-

365 2395 499 2459 ronymo
513 2374 677 2459 integriori
693 2377 800 2441 oodiee
815 2400 873 2441 uso
883 2400 975 2442 voees
991 2383 1176 2458 κατέστησεν
1188 2381 1222 2441 ἐν
1236 2381 1276 2462 τῷ
1288 2380 1349 2462 ναῷ
1363 2376 1465 2441 addit.

367 2474 555 2560 Hieronymi
583 2475 809 2560 interpretatio
831 2502 927 2563 supra
950 2486 1197 2544 oommemorata
1222 2485 1282 2553 est,
1305 2489 1332 2542 et
1359 2479 1467 2543 eatae

363 2577 572 2660 prophetarit
587 2578 702 2661 templo.
749 2580 829 2645 Vide
843 2582 1075 2667 Hieronymum
1091 2582 1140 2644 De
1159 2581 1244 2645 Viris
1255 2580 1310 2644 m.
1323 2601 1391 2664 oep.
1402 2579 1467 2644 xxi.

368 2679 422 2742 ubi
438 2678 612 2742 Vallarsius
623 2679 728 2744 editor
741 2682 928 2745 novissimus
939 2682 1149 2766 supplendum
1163 2702 1232 2744 esse
1247 2682 1467 2765 Hegesippum

368 2803 409 2846 ex
433 2780 630 2865 Hieronymo
650 2779 709 2845 ait.
754 2782 839 2863 Quin
861 2790 896 2848 et
914 2783 993 2848 illud
1014 2783 1175 2865 γενόμενος
1193 2783 1234 2846 de
1255 2802 1357 2867 agone
1377 2780 1469 2847 insti-

369 2891 452 2959 tuto,
470 2904 534 2945 non
556 2884 595 2946 de
617 2882 687 2967 ipso
709 2885 864 2962 Antinoo,
882 2886 1010 2950 videtur
1030 2884 1277 2969 intelligendum.
1338 2885 1469 2948 Interea

369 2985 437 3047 sino
452 2984 566 3047 idonea
580 3006 677 3049 eausa
691 2985 738 3049 ita
753 2986 891 3050 seribere
910 2987 949 3050 cl.
965 2985 1134 3051 Baraterio
1153 2986 1254 3050 visum
1272 2992 1322 3049 est
1342 2985 1375 3048 in
1389 2985 1467 3049 Dis·

369 3087 447 3171 qua's.
474 3085 613 3151 etmel.
635 3108 705 3170 cap.
732 3107 781 3153 12.
806 3094 827 3125 “
845 3087 1020 3173 Hegesippi
1045 3087 1149 3151 looum
1173 3109 1192 3151 e
1213 3086 1367 3150 memoria
1387 3085 1469 3151 oitnt

370 3204 392 3235 “
408 3196 577 3272 Eusebius,
591 3196 675 3259 unde
688 3197 810 3279 siesere
823 3199 898 3261 obre
917 3223 980 3264 πως
998 3197 1080 3282 loqui
1095 3197 1313 3282 Hegesippum
1333 3195 1419 3272 dieit,
1435 3200 1470 3259 et

372 3304 392 3335 “
408 3319 484 3360 sane
498 3297 595 3361 verba
608 3297 677 3380 ejus
691 3296 738 3361 ita
752 3320 824 3361 oum
838 3298 904 3361 suis
918 3298 1056 3383 propriis
1069 3298 1246 3375 oonfundit,
1261 3303 1298 3361 ut
1312 3317 1376 3359 non
1389 3297 1470 3360 bene

372 3407 393 3437 ‘⁶
409 3398 559 3482 distingui
574 3397 707 3482 possint,
723 3406 757 3464 et
776 3399 889 3464 ultima
907 3401 962 3465 illa
981 3402 1021 3464 de
1040 3421 1143 3486 agone
1167 3401 1223 3463 &a
1237 3399 1280 3463 ad
1296 3397 1470 3463 Eusebium

373 3511 393 3533 “
409 3500 567 3585 pertinere
581 3500 715 3564 dioenda
729 3501 826 3565 sint.”
850 3501 889 3565 P.
909 3520 980 3585 159.

416 3603 453 3665 P.
472 3620 544 3666 202.
558 3602 579 3663 l.
599 3602 647 3665 16.
664 3603 696 3665 ἔκ
710 3627 743 3667 τε
758 3604 809 3666 τοῦ
826 3602 889 3667 καθ’
904 3602 1067 3685 Ἑβραίους
1082 3604 1258 3685 εὐαγγελίου
1273 3602 1322 3666 καὶ
1342 3605 1395 3664 τοῦ
1410 3606 1468 3665 Συ-

372 3708 484 3783 ριακοῦ,
501 3704 549 3767 καὶ
565 3704 643 3770 ἰδίως
659 3704 727 3788 ba]
757 3704 803 3769 01.
821 3704 1003 3769 Lardnerus
1017 3704 1098 3768 libro
1109 3705 1157 3767 De
1167 3704 1247 3768 stae
1257 3703 1470 3786 Heraeam.

374 3805 464 3868 Part.
480 3803 513 3866 ii.
529 3805 584 3869 lib.
607 3806 637 3867 1.
658 3827 728 3890 oap.
752 3826 800 3887 14
820 3807 897 3869 dum
919 3807 1004 3870 huno
1027 3806 1131 3869 locum
1154 3805 1237 3868 male
1263 3823 1375 3867 sanum
1402 3823 1471 3865 esse

374 3906 562 3988 suspicatur,
576 3922 699 3970 rectum
718 3928 966 3991 germanumque
985 3907 1054 3989 ejus
1073 3927 1198 3969 sensum
1215 3905 1257 3968 ab
1273 3903 1471 3985 Hieronymo

373 4008 546 4090 petendum
567 4014 672 4091 putat,
687 4008 741 4091 qui
762 4007 854 4071 initio
874 4008 929 4071 lib.
944 4007 988 4070 iii.
1008 4007 1079 4070 ado.
1096 4006 1258 4089 Pebpiaa.
1274 4003 1322 4067 ita
1343 4002 1470 4066 scribit:

374 4108 417 4170 Ιο
431 4107 580 4191 eeanqedio
585 4107 680 4189 jum
693 4107 843 4184 Hebraeos,
859 4108 939 4192 quod
952 4106 1118 4171 Chaldaieo
1131 4106 1250 4191 quidem
1264 4106 1398 4187 eyroqae
1411 4122 1472 4165 ser·

373 4229 467 4283 οιοτιο,
480 4208 534 4271 sed
541 4207 704 4272 Hebraicis
713 4209 811 4272 hieria
822 4210 969 4293 emptum
982 4217 1033 4271 est.
1062 4210 1175 4291 Neque
1189 4205 1253 4270 alia
1266 4202 1391 4267 ratione
1406 4222 1472 4265 rem

373 4309 543 4392 explicarit
567 4310 688 4373 Millius
715 4309 854 4395 Proleyy.
875 4309 910 4373 ia
929 4309 1011 4373 Noe.
1036 4309 1110 4372 Tae.
1126 4329 1157 4391 p.
1174 4328 1203 4370 v.
1225 4304 1274 4368 ed.
1295 4303 1398 4367 Oxon.
1418 4300 1473 4387 qui

374 4409 431 4487 ait,
447 4418 469 4448 “
486 4410 619 4474 Editum
640 4419 711 4475 erat
725 4411 786 4475 hoe
804 4410 1001 4494 evangelium
1017 4430 1162 4473 sermone
1183 4427 1293 4471 eorum
1306 4403 1474 4468 vernaculo

374 4520 396 4547 “
413 4512 563 4589 Hebraeo,
575 4534 631 4576 seu
646 4535 686 4576 ex
701 4512 865 4577 Hebraiea
878 4519 912 4576 et
927 4511 1059 4596 Syriaca
1072 4511 1181 4595 lingua
1194 4507 1316 4581 mixt03
1340 4506 1473 4570 undeet

376 4621 398 4651 “
415 4613 581 4699 Syriacum
604 4615 646 4678 ab
667 4614 806 4678 Eusebio
829 4613 950 4678 dietum
974 4612 1057 4690 est,''
1070 4612 1132 4675 hoo
1154 4608 1303 4673 nimirum
1324 4607 1416 4679 loeo;
1439 4607 1474 4670 in

375 4738 439 4800 quo
466 4717 544 4780 nihil
565 4718 702 4781 fortasse
723 4717 923 4791 mutandum,
944 4723 1037 4779 vetus
1058 4713 1142 4778 enim
1163 4713 1321 4795 interpres
1342 4710 1474 4793 Raima
