3809 5650
404 703 469 764 252
768 703 1148 767 ANNOTATIONES

406 870 605 933 “Romanos
625 870 783 934 exercitus
805 871 882 935 inibi
899 873 952 936 diu
970 880 1113 938 versatos
1133 879 1168 936 et
1185 871 1273 952 leges
1292 870 1371 934 item
1387 869 1508 934 Latina

404 978 425 1006 “
441 970 549 1055 lingua
565 971 705 1035 edoctas.
752 972 839 1036 Hine
857 974 890 1035 in
911 974 948 1036 B.
964 974 1085 1058 Ignatii
1103 972 1284 1036 Antiochiae
1300 971 1440 1055 episcopi
1456 972 1507 1035 lit-

406 1079 425 1106 “
440 1071 528 1142 teris,
556 1078 593 1134 ut
623 1072 686 1135 illic
715 1074 878 1148 admonui,
904 1075 968 1137 ista
993 1076 1091 1138 verba
1116 1073 1268 1137 militaria
1291 1072 1505 1155 reperiuntur.

406 1181 427 1209 “
445 1173 605 1251 Δησέρτορ
627 1174 766 1250 mernor,
783 1177 929 1252 δητόσιτα
946 1176 1082 1259 deposita
1103 1178 1159 1238 &c
1205 1174 1251 1236 Et
1273 1173 1324 1235 hio
1342 1195 1455 1235 rursus
1474 1171 1506 1234 in

407 1273 553 1336 “eodem
569 1273 754 1358 Hegesippo
768 1276 864 1359 paulo
880 1276 1011 1339 inferius
1027 1276 1149 1357 δηνάρια
1164 1275 1314 1337 maios.
1350 1274 1430 1353 Quae
1445 1295 1506 1336 vox

407 1381 426 1409 ‘⁶
442 1374 539 1436 etiam
554 1374 586 1435 in
601 1375 747 1438 omnibus
762 1376 976 1461 Evangelistis
990 1377 1178 1461 reperitur.”
1201 1378 1239 1440 P.
1256 1392 1330 1457 727.
1355 1374 1507 1438 Notatio-

405 1496 480 1536 num
495 1476 537 1538 ad
550 1475 619 1538 vit.
633 1475 816 1560 Hegesippi,
833 1485 911 1540 tom.
924 1477 954 1539 ii.
965 1478 1039 1541 Via.
1056 1479 1131 1541 PP.
1152 1476 1299 1540 Orimlal.

450 1575 488 1638 P.
502 1595 574 1641 212.
586 1575 606 1638 l.
620 1595 670 1657 24.
686 1580 702 1638 ὁ
719 1577 883 1659 ῑουόκατος]
898 1575 937 1641 Ὁ
955 1580 1081 1643 idaturos.
1107 1577 1158 1640 Sic
1175 1599 1215 1640 ex
1229 1576 1337 1639 codice
1350 1574 1507 1638 Medicaeo

405 1677 506 1740 edidit
531 1677 613 1740 Rob.
631 1677 823 1762 Stephanus.
870 1678 910 1740 In
938 1678 1045 1742 codice
1069 1679 1156 1762 regio
1180 1678 1334 1760 scriptum
1360 1675 1465 1739 inveni
1490 1678 1506 1738 d

406 1777 572 1856 ἰκουβάτος,
598 1779 683 1861 quod
710 1786 878 1842 monuerat
907 1780 1006 1843 etiam
1035 1780 1119 1842 idem
1145 1778 1328 1862 Stephanus
1352 1776 1385 1837 in
1411 1777 1508 1841 variis

405 1878 591 1941 lectionibus
606 1902 685 1962 quas
708 1881 749 1943 ad
770 1880 887 1943 calcem
909 1881 1059 1944 editionis
1082 1903 1147 1943 suae
1167 1878 1312 1962 conjecit.
1360 1879 1400 1940 In
1415 1877 1507 1941 chro-

404 1980 476 2043 nico
491 1980 618 2064 Georgii
634 1980 770 2064 Syneelli
786 1980 903 2066 legitur
917 1985 933 2043 ὁ
950 1983 1112 2047 ῖουόκατος.
1128 1985 1275 2062 (ἰούκατος
1289 1979 1410 2042 habent
1426 1979 1506 2062 Syn-
1574 2015 1577 2022 ·

405 2081 501 2144 cellus
516 2082 687 2163 impressus
702 2089 736 2144 et
751 2081 881 2143 Eusebii
897 2083 970 2145 MS.
986 2082 1138 2164 Norfolc.)
1175 2081 1242 2144 Nos
1257 2102 1296 2143 ex
1311 2080 1416 2143 tribus
1430 2101 1503 2141 nos-

404 2183 464 2246 tris
479 2183 649 2257 codicibus,
669 2185 757 2246 Maz.
771 2184 853 2246 Fuk.
870 2191 903 2246 et
919 2183 1088 2258 Saviliano,
1103 2204 1209 2246 veram
1223 2182 1317 2266 hujus
1332 2180 1391 2243 loci
1406 2181 1506 2264 scrip·

404 2291 510 2347 turam
529 2284 737 2358 restituimus,
758 2287 878 2350 τούτους
898 2284 956 2347 δ’ὁ
980 2287 1131 2350 ῖοοόκατος
1152 2284 1257 2364 ἤγαγε.
1303 2281 1506 2344 Confirmant

404 2383 486 2447 hanc
501 2385 668 2447 lectionem
685 2384 882 2468 Nicephorus
897 2391 930 2447 et
945 2384 1090 2447 Rufinus.
1137 2383 1220 2446 Nam
1242 2383 1275 2445 in
1295 2382 1411 2445 Rufino
1432 2382 1503 2465 qui·

404 2485 476 2548 dem
491 2485 607 2548 dicitur
622 2485 810 2549 Revocatus.
854 2486 919 2547 Hos
933 2487 1098 2547 Reseratis
1112 2484 1238 2568 quidam
1257 2484 1374 2545 nomine
1388 2483 1443 2566 qui
1461 2482 1507 2545 ad

402 2585 455 2648 Ιιοο
475 2587 582 2650 misma
591 2587 712 2669 fuerat,
722 2586 871 2670 poduxit
889 2587 934 2648 ad
946 2587 1167 2648 Domitianam
1215 2585 1412 2668 Nicephorus
1428 2605 1505 2647 vero

403 2686 436 2748 in
462 2687 515 2751 lib.
538 2688 582 2749 iii.
607 2709 676 2771 cap.
697 2706 746 2748 10.
774 2686 928 2769 scriptum
955 2686 1053 2749 habet
1078 2682 1094 2747 ὁ
1121 2687 1289 2762 ἠουόκατος.
1347 2683 1408 2762 Qui
1437 2683 1504 2747 sint

403 2786 549 2858 Evocati.
572 2796 684 2852 notum
708 2793 758 2851 est
781 2810 821 2851 ex
848 2786 975 2859 Dione;
1007 2786 1123 2849 milites
1146 2784 1266 2849 seilicet
1288 2784 1504 2849 honoratioris

402 2888 473 2964 loci,
490 2889 544 2973 qui
565 2889 716 2952 confectis
730 2890 798 2971 jem
818 2888 984 2971 stipendiis
1004 2886 1136 2960 dimissi,
1159 2887 1202 2948 ad
1224 2885 1370 2948 militiam
1393 2907 1503 2949 evoca-

402 2988 521 3051 bantur
535 3011 555 3052 a
570 2990 722 3074 principe.
768 2989 895 3052 Horum
909 2988 1029 3050 mentio
1044 2987 1082 3050 fit
1097 2988 1129 3048 in
1141 2987 1275 3049 vetustis
1290 2985 1503 3068 inscriptioni·

400 3089 472 3166 bus,
487 3090 590 3152 Evon.
607 3090 691 3153 Aue.
737 3091 777 3152 Id
795 3098 845 3153 est
866 3093 1029 3152 Evocatus
1045 3088 1194 3172 Augusti.
1241 3087 1290 3150 Ne
1306 3087 1377 3170 quis
1391 3093 1502 3150 autem

401 3190 543 3264 miretur,
564 3190 782 3274 Hegesippum
805 3193 952 3254 Graecum
974 3190 1161 3273 scriptorem
1184 3189 1328 3251 Romano
1347 3188 1502 3251 vocabulo

401 3311 492 3352 usum
507 3290 612 3353 fuisse.
644 3289 717 3351 Non
733 3290 765 3351 id
781 3311 896 3352 novum
910 3298 968 3353 aut
984 3290 1163 3373 infrequens
1177 3289 1370 3373 Hegesippo‚
1383 3287 1501 3371 quippe

402 3391 456 3473 qui
478 3392 693 3468 δηλατορεύειο
711 3398 744 3453 et
767 3391 889 3470 δηνάρια
910 3399 1045 3474 usurpat
1066 3391 1099 3451 in
1119 3391 1179 3452 hac
1201 3388 1384 3453 narratione
1404 3409 1501 3472 quam

400 3511 467 3573 prae
490 3489 635 3549 manibus
653 3489 815 3565 habemus,
832 3497 865 3553 et
887 3491 1010 3574 plebeio
1033 3512 1177 3553 sermone
1198 3491 1309 3553 utitur.
1334 3488 1500 3551 Vannsws.

401 3582 582 3654 Οἷκουκάτος
603 3591 730 3652 Gruteri
751 3592 845 3653 Lecti.
862 3602 895 3654 et
915 3592 989 3655 Cod.
1007 3591 1123 3655 Castal.
1147 3591 1306 3667 ἠουόκατος
1328 3588 1501 3672 Nicephori

400 3689 602 3772 scripturam,
631 3697 745 3773 utpote
774 3692 859 3773 apud
891 3692 1027 3753 Dionem
1057 3712 1182 3773 quoque
1214 3690 1349 3765 obviam,
1380 3710 1499 3767 veram,

399 3800 497 3873 atque
517 3813 556 3853 ox
579 3791 632 3854 illa
647 3813 704 3874 per
717 3791 895 3854 itacismum
911 3792 1112 3872 librariorum
1127 3799 1194 3854 tam
1209 3792 1286 3853 Ἰοοο
1301 3811 1397 3873 quam
1417 3793 1500 3853 οἰκου

399 3900 506 3956 ortum
530 3914 598 3954 esse
622 3900 711 3975 puto.
757 3892 860 3953 Porro
886 3891 909 3955 δ’
925 3899 998 3976 post
1023 3894 1142 3957 τούτους
1164 3912 1229 3952 non
1252 3899 1343 3954 extat
1368 3890 1400 3952 iu
1423 3892 1499 3976 Ray.

398 3993 485 4056 Med.
503 3993 549 4055 cd.
566 3992 666 4076 Stcpls.
713 3992 764 4054 Ex
787 3992 890 4076 Dione
912 3999 1050 4067 constat,
1070 3992 1232 4054 Evocatos
1253 3991 1349 4054 fuisse
1371 3990 1498 4066 milites,

399 4093 452 4174 qui
468 4093 618 4156 confectis
627 4093 697 4176 jam
713 4094 878 4176 stipendiis
893 4093 1022 4169 dimissi,
1039 4092 1081 4155 ad
1096 4092 1242 4154 militiam
1257 4091 1373 4154 iterum
1388 4113 1500 4155 evoca·

398 4192 523 4255 bantur.
572 4193 796 4256 Honoratioris
812 4193 869 4254 loci
887 4202 989 4266 erant,
1005 4214 1043 4254 ac
1062 4190 1300 4254 centurionibus
1314 4192 1379 4254 sere
1394 4214 1497 4274 pares,

397 4293 511 4375 quibus
530 4316 551 4355 a
566 4293 691 4356 Gaesaro
706 4300 739 4356 et
753 4294 823 4355 aliis
845 4293 1053 4376 scriptoribus
1075 4292 1192 4375 passim
1206 4292 1395 4375 junguntur.
1440 4293 1498 4356 Sa

396 4394 534 4457 tellitum
549 4394 668 4457 vicibus
683 4394 770 4477 fungi
785 4402 883 4476 atque
898 4394 1047 4456 excubias
1066 4393 1151 4476 apud
1172 4393 1380 4475 imperatores
1401 4415 1498 4475 agere

396 4491 551 4556 solebant.
597 4493 684 4555 Hinc
699 4494 796 4556 etiam
810 4494 852 4556 ad
867 4494 1068 4576 exsequenda
1082 4493 1235 4576 supplicia
1250 4493 1496 4557 adhibebantur.

396 4593 556 4655 statarius
579 4592 611 4655 in
636 4592 735 4656 Galla
760 4615 787 4656 c.
807 4614 853 4655 ιο.
873 4594 913 4656 de
936 4594 974 4657 iis
998 4594 1118 4657 scribit.
1163 4593 1284 4676 Delepil
1307 4603 1334 4655 et
1356 4595 1498 4677 οςοοοίοίο

395 4691 514 4754 udicis
529 4692 664 4774 jacosae,
688 4695 743 4777 qai
765 4704 900 4756 mamare
924 4695 1107 4759 cenchrem
1125 4716 1284 4758 aaronem
1305 4696 1498 4758 macerati
