3809 5650
469 675 534 737 822
796 671 1040 752 RELIQUIAE
1063 671 1237 737 SAORAE.

467 835 534 934 τήν
552 838 728 938 ἁμαρτίαν
746 835 888 934 ταύτην.
908 843 937 915 εἰ
957 838 985 914 d
1007 836 1094 938 ὑπὲρ
1112 844 1185 915 τῶν
1210 834 1428 937 λιθαζόντων
1447 834 1576 930 ε’δέετο,

467 971 574 1076 πόσερ
592 977 739 1068 μᾶλλον
757 970 844 1070 ι’νιτέρ
862 977 935 1048 τῶν
953 973 1125 1074 ἀδελφῶν
1141 1003 1151 1065 ;

514 1102 572 1164 Καὶ
587 1102 669 1167 αὖθις
683 1102 761 1181 φασὶ
775 1100 839 1179 μεθ’
857 1103 952 1182 ἕτερα.

525 1213 645 1293 Οὗτος
673 1209 744 1312 γὰρ
770 1215 828 1289 καὶ
855 1211 1027 1311 με’γιστος
1055 1215 1173 1296 αὐτοῖς
1201 1211 1292 1314 πρὸς
1320 1213 1428 1292 αὑτὸν
1457 1216 1477 1292 ὁ
1506 1215 1575 1292 τό-

470 1358 579 1446 λεμος
605 1346 752 1446 ἐγένετο,
780 1345 838 1425 διά
864 1347 907 1427 τό
937 1347 1089 1448 γνήσιον
1116 1353 1180 1445 τῆς
1208 1349 1360 1448 ἀγάπης·
1389 1349 1448 1427 ἵνα
1476 1352 1601 1442 ἀπο-5

469 1484 627 1585 πνιχθείς
640 1484 660 1560 ό
672 1479 750 1582 θήρ,
763 1481 823 1562 οὓς
837 1481 1011 1583 πρότερον
1025 1479 1114 1587 ᾤετο
1126 1481 1425 1579 καταπεπτωκέναι,
1438 1483 1575 1585 ζῶντας

469 1615 632 1723 ἐξεμέση.
683 1621 724 1695 οὑ
768 1615 840 1718 γὰρ
883 1617 1019 1709 ἔλαβον
1055 1615 1222 1721 καύχημα
1258 1616 1349 1696 κατὰ
1393 1625 1466 1695 τῶν
1510 1652 1574 1696 πε-

469 1749 673 1832 πτωκότων·
718 1755 802 1830 ἀλλ’
832 1756 869 1832 ἐν
902 1751 952 1836 οἷς
982 1753 1195 1856 ἐπλεόναζον
1227 1756 1336 1848 αὐτοὶ,
1364 1763 1471 1833 τοῦτο
1499 1762 1575 1837 τοῖς

470 1886 703 1987 ε’νδεεστέροις
753 1884 938 1985 ἐπήρκουν,
981 1886 1133 1989 μητρικά
1175 1887 1377 1991 σπλάγχνα
1421 1887 1572 1990 ἔχοντες.

470 2025 527 2097 καί
559 2016 684 2097 πολλὰ
720 2022 801 2120 περὶ
837 2022 954 2097 αὐτῶν
992 2020 1169 2124 ἐκχέοντες
1208 2020 1343 2123 δάκρυα
1379 2017 1471 2121 πρὸς
1508 2020 1573 2099 τὸν
1589 2057 1623 2095 ιο

470 2154 618 2253 πατέρα,
649 2151 756 2255 “ζωήν
789 2153 982 2256 ᾐτήσαντο,
1016 2158 1074 2233 καὶ
1111 2155 1238 2234 ε”δωκεν
1270 2157 1397 2236 αὐτοῖς·
1437 2154 1482 2254 ήν
1514 2159 1574 2235 καὶ

471 2288 751 2388 συνεμεριίτοιντο
779 2296 851 2372 τοῖς
879 2292 1050 2387 πλησίον·
1091 2291 1185 2370 κατὰ
1213 2290 1358 2370 πάντων
1386 2290 1573 2397 νικηφόροι

471 2422 561 2524 πρὸς
589 2420 684 2501 Θεὸν
712 2424 938 2508 ἀπελθόντες.
972 2425 1112 2526 εἰρήνην
1140 2425 1393 2527 ἀγαπήσαντες
1421 2427 1484 2521 ἀεὶ,
1513 2428 1573 2504 καὶ

471 2557 611 2661 εἰρήνην
638 2560 722 2657 ἡμῖν
748 2559 1077 2662 παρεγγυήσαντες,
1106 2564 1180 2659 μετ’
1211 2562 1347 2662 εἰρήνης
1382 2561 1574 2664 ἐχώρησαν

470 2693 561 2796 πρὸς
594 2694 699 2773 Θεόν·
736 2693 787 2794 μή
820 2697 1076 2780 καταλιπόντες
1109 2697 1219 2776 πόνον
1252 2703 1296 2800 τῇ
1334 2699 1450 2797 μητρὶ,
1483 2697 1573 2794 μηδὲ
1590 2724 1621 2782 ¹5

471 2829 606 2909 στάσιν
638 2830 697 2908 καί
726 2831 886 2927 πόλεμον
918 2840 990 2915 τοῖς
1024 2835 1206 2937 ἀδελφοῖς,
1237 2830 1336 2909 ἀλλὰ
1365 2831 1481 2935 χαρὰν
1514 2838 1573 2911 καὶ

471 2963 610 3067 εἰρήνην
630 2967 688 3043 καὶ
707 2965 874 3063 ὁμόνοιαν
893 2971 950 3044 καὶ
970 2966 1123 3065 ἀγάπην.

471 3240 562 3315 magis
581 3260 634 3315 pro
652 3240 791 3298 fratribus
812 3261 878 3298 eum
901 3262 996 3300 orasse
1046 3264 1111 3301 cera
1129 3254 1284 3319 gestantes
1300 3263 1491 3320 magnamque
1510 3247 1569 3303 vim

471 3319 609 3377 credibile
622 3324 688 3377 eat?
1047 3322 1236 3400 lacrymarum
1262 3343 1314 3400 pro
1339 3323 1453 3380 illorum
1476 3325 1572 3384 salute

507 3408 565 3461 Nec
577 3409 663 3461 multo
675 3416 745 3476 post,
758 3406 815 3460 haec
830 3408 941 3463 addunt.
1047 3423 1140 3461 coram
1153 3404 1215 3460 Deo
1226 3404 1310 3461 Patre
1325 3403 1491 3462 fundentes.
1514 3405 1571 3463 Vi.
1583 3428 1622 3467 20

515 3484 579 3539 Hoc
590 3482 666 3539 enim
679 3481 835 3538 maximum
851 3496 995 3542 certamen
1047 3494 1104 3541 tam
1121 3483 1279 3558 petierunt,
1289 3495 1319 3541 et
1334 3483 1456 3560 largitus
1470 3497 1514 3542 est
1529 3487 1571 3543 eis

472 3560 531 3619 illis
545 3562 603 3619 fuit
622 3560 759 3618 adversus
775 3560 942 3629 Diabolum,
959 3565 996 3619 ob
1048 3563 1145 3620 Deua:
1169 3583 1253 3639 quam
1270 3564 1355 3620 etiam
1372 3564 1414 3619 illi
1431 3564 1571 3641 proximis

473 3641 612 3699 sinceram
628 3661 661 3697 ac
676 3642 794 3698 minime
805 3640 931 3700 fucatam
948 3665 993 3701 ca-
1046 3644 1105 3700 suis
1120 3643 1378 3707 communicarunt,
1392 3644 1500 3720 ubique
1511 3645 1569 3703 vic-

472 3721 606 3780 ritatem:
630 3731 664 3778 ut
686 3742 758 3798 quos
781 3723 830 3779 ille
852 3724 995 3800 malignus
1046 3737 1123 3781 tores
1138 3723 1174 3780 ad
1189 3723 1284 3780 Deum
1304 3724 1436 3800 profecti.
1480 3724 1570 3781 Cum-

472 3821 590 3879 serpens
614 3802 695 3861 vivos
712 3803 771 3879 jam
794 3826 825 3862 se
844 3805 996 3862 devorasse
1047 3823 1103 3880 que
1131 3823 1229 3880 pacem
1263 3801 1441 3867 dilexissent,
1470 3824 1569 3880 pacem
1583 3827 1619 3887 ²5

473 3882 644 3947 crediderat,
668 3884 746 3942 elisis
764 3886 896 3944 faucibus
915 3904 996 3941 revo-
1046 3884 1130 3941 nobis
1153 3882 1411 3948 commendassent,
1426 3884 1480 3961 ipsi
1504 3904 1569 3942 cum

473 3982 551 4019 mere
579 3976 739 4040 cogeretur.
785 3966 891 4042 Neque
919 3965 995 4022 enim
1047 3984 1117 4041 pace
1131 3962 1329 4039 migraverunt
1340 3962 1375 4018 ad
1385 3964 1495 4020 Deum:
1512 3984 1570 4020 nou

473 4042 549 4099 fastu
565 4054 594 4099 et
611 4046 774 4121 arrogantia
793 4047 996 4103 intumuerunt
1047 4044 1174 4101 dolorem
1186 4042 1282 4106 matri,
1294 4062 1351 4098 nou
1363 4043 1501 4101 fratribus
1512 4042 1571 4100 dis·

473 4121 610 4180 adversus
631 4123 735 4202 lapsos,
761 4126 810 4183 sed
836 4147 869 4183 ea
890 4125 996 4201 quibus
1048 4123 1154 4181 cidium
1175 4143 1207 4179 ac
1225 4121 1345 4187 bellum,
1361 4123 1411 4181 sed
1432 4123 1570 4200 gaudium

472 4202 657 4260 abundabant
686 4204 770 4269 bona,
797 4205 997 4282 indigentibus
1048 4215 1077 4260 et
1096 4223 1193 4278 pacem
1215 4213 1244 4260 et
1263 4203 1444 4260 concordiam
1468 4204 1623 4285 carita-30

473 4281 630 4340 liberaliter
650 4285 917 4349 subministrabant,
938 4302 998 4339 ma.
1048 4295 1165 4359 temque
1180 4283 1313 4339 omnibus
1325 4283 1530 4359 relinquentes.

473 4373 554 4419 terna
572 4364 701 4438 quadam
723 4365 924 4424 misericordiae
939 4364 997 4419 vis.

939 4568 956 4597 a
968 4558 1007 4605 Pe.
1021 4574 1060 4604 xx,
1074 4573 1096 4615 4.
