3809 5650
400 674 466 739 168
778 671 1132 738 ANNOTATIONES

400 841 547 920 ἐδυνάμην
568 844 773 920 μνημονεῦσαι
793 841 834 919 μὴ
856 840 1023 919 κτηθένπυν
1045 840 1133 924 αὐτῷ·
1161 841 1210 903 καὶ
1230 844 1323 904 τοῦτο
1345 845 1396 920 τῆς
1418 842 1509 906 αὐτοῦ

399 946 508 1026 χώρας·
532 944 570 1009 ὦς
583 940 743 1020 Ὕμενοίου
759 941 806 1004 καὶ
822 943 998 1021 Ναρκίσσου
1012 946 1071 1004 τῶν
1090 940 1311 1021 ίερευσαμένων
1326 944 1360 1005 ἐν
1373 940 1508 1023 Ἱεροσο·

399 1047 513 1123 λύμοις.
540 1045 599 1125 ἐγὼ
613 1048 688 1125 γοῦν
704 1041 847 1124 ἐνέτυχόν
862 1067 923 1105 τισι
939 1047 997 1104 τῶν
1010 1039 1180 1120 Ὕμεναίου.
1208 1042 1328 1121 καὶμὴν
1343 1044 1411 1106 οὔτε
1425 1049 1508 1106 Πον-

399 1148 501 1209 τοίνου
516 1145 583 1211 τοὺς
598 1145 707 1210 πόνους
722 1143 907 1225 ἀνέγραψεν,
924 1144 993 1206 οὔτε
1007 1149 1060 1206 τοῦ
1074 1142 1220 1222 Ῥωμαίου
1237 1143 1410 1222 Κλήμεντος
1425 1145 1508 1222 πλὴν

399 1248 452 1309 δύο
468 1246 517 1308 καὶ
529 1248 630 1325 μόνον
647 1247 816 1308 ἐπιστολῶν
829 1245 880 1324 (et
900 1245 1076 1328 prudenter
1093 1244 1154 1308 hoc
1173 1244 1327 1329 quidem)·
1352 1246 1421 1308 ἀλλ’
1437 1247 1507 1309 οὔτε

399 1350 552 1410 πλείστων
572 1346 690 1427 ἑτέρων·
714 1348 805 1427 ὁγὰρ
823 1344 996 1427 Ὠριγένης,
1010 1347 1064 1410 οὐκ
1083 1345 1150 1409 οἶδα
1174 1349 1201 1410 εί
1219 1345 1349 1423 πάντων,
1364 1348 1453 1425 μόλις
1473 1351 1506 1411 δὲ

399 1449 547 1530 res-nipast
562 1449 704 1527 ἐμνήσθη.
726 1470 757 1532 p.
769 1449 822 1532 36.
838 1447 887 1510 ed.
905 1448 1061 1525 Corderii
1078 1470 1109 1532 p·
1121 1470 1152 1528 4·
1172 1448 1223 1511 ed.
1236 1447 1377 1511 Morelii.
1424 1447 1506 1512 Haec

401 1551 564 1614 Maximus
592 1550 632 1613 de
662 1548 811 1612 Eusebio.
857 1549 902 1613 Et
930 1549 1066 1613 forsitan
1097 1556 1184 1612 recte
1212 1556 1350 1627 statuas,
1373 1556 1506 1634 propter

398 1652 467 1738 ejus
482 1651 609 1735 quidem
623 1648 784 1713 silentium
798 1670 819 1713 a
833 1649 920 1712 nullo
934 1648 1016 1712 libro
1031 1649 1126 1712 fidem
1142 1649 1269 1734 penitus
1288 1650 1505 1735 abrogandam

397 1776 477 1830 esse,
493 1754 553 1817 nisi
569 1753 670 1817 eidem
685 1752 726 1815 ob
746 1750 826 1815 alias
844 1750 987 1815 rationes
1006 1772 1103 1817 causa
1123 1751 1238 1815 cadere
1256 1772 1383 1815 necesse
1398 1751 1503 1815 fuerit.

400 1857 537 1939 Insuper
565 1854 712 1930 monebo,
741 1850 964 1937 conscripsisse
999 1859 1148 1916 auctores
1176 1852 1376 1937 Apollinaris
1410 1853 1505 1938 hujus

396 1956 537 2040 aequales
551 1977 623 2020 oum
637 1954 808 2030 clientum
820 1953 1009 2017 Melitenam
1022 1955 1253 2039 hamumque,
1263 1962 1297 2019 et
1308 1954 1504 2020 Clementem

399 2058 495 2121 Alex.
512 2056 552 2120 de
572 2056 693 2140 pascha
713 2055 821 2133 libros,
836 2056 913 2119 dum
934 2055 1056 2141 vigeret
1078 2056 1140 2120 illis
1159 2057 1359 2141 temporibus
1377 2065 1504 2121 contro-

398 2159 502 2223 versia
522 2156 689 2242 paschalis.
735 2157 841 2219 Immo
862 2155 914 2220 hic
935 2156 1003 2242 ipse
1026 2158 1226 2240 Proesutiouis
1250 2158 1393 2223 Ολνοοίοί
1412 2159 1503 2224 Δίου.

397 2267 512 2325 auctor
525 2281 566 2322 ex
581 2258 755 2322 Clementis
769 2280 865 2342 opere
880 2257 916 2321 de
922 2257 1070 2343 paschate
1084 2258 1192 2342 aliqua
1205 2259 1309 2335 affert,
1325 2282 1420 2343 quem
1435 2261 1503 2344 qui-

398 2362 471 2425 dem
493 2366 671 2425 tractatum
690 2365 849 2423 memorat
868 2359 1083 2444 exscribitque
1103 2360 1202 2425 etiam
1222 2360 1379 2425 Eusebius
1394 2361 1447 2425 lib.
1459 2362 1501 2425 vi.

398 2463 479 2526 Hist.
496 2483 523 2524 ο.
539 2479 588 2544 13.
634 2460 715 2525 Cum
736 2460 805 2524 haec
828 2460 935 2524 omnia
957 2461 1175 2538 adnotassem‚
1196 2468 1270 2545 post
1289 2461 1353 2526 vidi
1371 2462 1410 2526 cl.
1427 2463 1502 2526 Gal-

397 2562 540 2627 lendium
562 2562 595 2624 in
622 2561 801 2646 Prolegom.
822 2560 902 2625 tomi
918 2563 949 2625 1.
971 2561 1166 2627 Bibliotheca
1185 2564 1251 2625 PP.
1270 2585 1303 2647 p.
1314 2563 1398 2628 cxxi.
1420 2585 1499 2627 non-

370 2665 372 2668 ’
397 2664 485 2727 nulla
511 2686 551 2726 ex
575 2663 772 2748 argumentis
793 2663 872 2727 meis
893 2685 952 2748 pro
975 2663 1215 2729 confirmatione
1237 2668 1289 2743 τῆς
1310 2667 1503 2746 γνησιότητος

397 2767 511 2830 horum
535 2765 784 2850 fragmentorum
807 2765 1087 2851 praeocoupavisse
1112 2765 1173 2831 hoc
1200 2773 1357 2851 praeterea
1379 2765 1501 2844 addito,

396 2891 560 2955 nunquam
595 2869 648 2932 illa
674 2869 789 2933 vidisse
815 2869 1000 2948 Eusebium,
1031 2892 1103 2954 quae
1132 2869 1355 2954 Apollinarem
1388 2877 1503 2934 contra

398 2972 585 3036 Severianos
609 2970 795 3034 Enoratitas
829 2970 993 3055 scripsisse
1014 2970 1118 3033 tradit
1141 2968 1363 3033 Theodoretus
1382 2971 1501 3034 Hoerst.

396 3073 477 3138 Fal.
493 3073 549 3137 lib.
564 3075 594 3137 Ι.
608 3096 636 3137 c.
651 3091 700 3138 οι.
742 3072 804 3136 Ait
826 3092 951 3156 quoque
974 3070 1173 3147 Gallandius,
1197 3070 1282 3134 viros
1305 3071 1418 3135 doctos
1442 3071 1503 3135 La·

397 3175 496 3239 mium
510 3184 544 3239 et
559 3172 819 3237 Toumeminium
835 3172 1034 3236 Tillemontii
1049 3172 1190 3257 opinioni
1204 3193 1238 3235 se
1252 3172 1445 3256 opposuisse.

442 3276 481 3338 P.
497 3293 567 3359 150.
581 3274 603 3336 l.
614 3294 645 3358 3.
663 3272 979 3358 salvamenta]
1001 3273 1214 3338 celeberrima
1233 3285 1284 3337 est
1304 3280 1403 3358 atque
1422 3272 1502 3336 diffi-

397 3377 513 3440 cillima
527 3374 672 3459 quaestio,
688 3381 796 3437 utrum
815 3373 964 3438 Christus
979 3379 1013 3437 et
1031 3372 1056 3436 J
1057 3372 1140 3437 udaei
1155 3395 1219 3437 uno
1233 3374 1408 3458 eodemque
1422 3381 1501 3437 tem·

396 3499 474 3562 pore
502 3475 623 3561 pascha
650 3474 867 3551 comederint3
897 3475 947 3539 cui
975 3497 1027 3539 me
1047 3474 1150 3539 virum
1178 3475 1283 3560 pusilli
1309 3474 1424 3560 ingenii
1454 3475 1501 3538 in-

397 3587 565 3663 terponere
588 3576 753 3640 noluerim.
800 3576 902 3640 Missa
927 3576 1026 3662 igitur
1051 3576 1111 3641 bac
1137 3583 1334 3655 retentum
1353 3576 1499 3653 monebo,

397 3678 549 3743 statuisse
573 3677 673 3742 videri
701 3676 922 3761 Apollinarem
950 3699 1023 3742 cum
1051 3677 1215 3743 Clemente
1244 3678 1338 3743 Alex.
1367 3678 1500 3763 aliisque

396 3779 506 3843 multis
530 3778 687 3863 patribus,
711 3777 884 3842 Dominum
909 3800 1032 3844 coenam
1053 3801 1144 3843 suam
1170 3779 1324 3858 ultimam,
1347 3801 1444 3864 quam
1466 3781 1500 3844 hi

396 3889 506 3966 patres
525 3880 620 3945 aliter
641 3887 740 3963 atque
762 3879 903 3957 ecclesia,
919 3887 1054 3945 notante
1068 3879 1102 3943 id
1122 3880 1241 3945 Photio
1262 3880 1359 3945 Codd.
1378 3898 1449 3965 115,
1465 3889 1500 3947 et

401 3983 472 4060 116,
487 3981 642 4045 diversam
659 4001 680 4043 a
695 3978 812 4063 pascha
828 3979 924 4064 legali
937 3979 1033 4044 fuisse
1046 3981 1272 4058 autumabant,
1286 4003 1417 4065 vespera
1435 3981 1499 4046 diei

397 4084 494 4148 civilis
510 4104 558 4168 13·
574 4082 690 4146 mensis
705 4081 804 4145 Nisan
822 4081 1019 4158 celebrasse3
1039 4090 1109 4146 tum
1124 4104 1199 4147 vero
1218 4084 1350 4148 meridie
1367 4084 1430 4147 dici
1448 4104 1498 4164 14.

397 4183 448 4247 die
472 4205 563 4248 sacro
591 4181 733 4267 paschali
752 4180 931 4267 incipiente,
955 4182 1025 4246 loco
1049 4183 1124 4267 agni
1146 4184 1306 4268 paschalis
1331 4206 1352 4249 a
1372 4183 1499 4248 Judaeis

397 4293 473 4348 tuno
492 4283 630 4370 jugulati
660 4289 837 4347 mactatum
859 4283 964 4367 ipsum
995 4284 1168 4348 Dominum
1191 4285 1299 4363 fuisse,
1324 4287 1499 4349 secundum

397 4384 546 4468 Apostoli
580 4385 657 4449 illud
694 4385 739 4448 od
780 4385 949 4449 θοήνυλίοο
982 4387 1088 4472 priore
1122 4387 1191 4470 ejus
1232 4387 1338 4471 Epist.
1354 4408 1438 4469 ,cap
1468 4408 1496 4449 v.

396 4504 509 4547 comm.
523 4500 552 4566 7.
591 4485 649 4547 Καὶ
669 4489 727 4566 γὰρ
749 4485 783 4548 τὸ
806 4485 913 4568 πάσχα
935 4487 1018 4565 ἡμῶν
1039 4489 1114 4568 ὑπὲρ
1136 4488 1218 4566 ἡμῶν
1244 4489 1332 4563 ἐτύθη
1356 4486 1496 4566 Χριστός.

398 4584 512 4668 Itaque
526 4607 567 4649 ex
580 4584 605 4647 J
605 4586 718 4649 oannis
732 4586 893 4671 cvangelio
907 4586 1002 4651 iidem
1017 4588 1071 4651 isti
1083 4586 1289 4661 Matthaeum,
1301 4592 1497 4667 caeterosque

396 4683 620 4765 evangelistas,
643 4683 902 4768 interpretandos
924 4707 994 4749 esso
1018 4686 1202 4758 censebant,
1230 4682 1376 4748 similiter
1398 4691 1497 4764 atque
