3809 5650
466 669 534 730 932
722 678 725 684 “
844 667 1199 733 ANNOTATIONES

470 831 619 915 Scaligeri
644 853 808 894 censuram
831 833 959 916 scripsit
982 835 1155 918 Dionysius
1180 838 1330 902 Petavius
1354 839 1387 901 in
1411 840 1505 905 Notis
1526 842 1568 904 ad

471 932 627 995 Haeresim
654 941 703 1011 78.
733 933 912 1017 Epiphanii,
944 944 978 999 et
1004 938 1039 999 P.
1065 937 1247 1002 Halloixius
1278 941 1309 1002 in
1341 940 1568 1006 Notationibus

468 1034 510 1096 ad
526 1033 625 1096 vitam
650 1034 822 1118 llegcsippi
846 1036 972 1119 capili.
999 1039 1157 1101 Vnaesrus.
1204 1040 1241 1103 ld
1260 1042 1400 1125 palmare
1416 1043 1567 1128 Scaligeri

467 1145 700 1220 argumentum.
743 1137 789 1200 At
810 1137 841 1199 in
867 1137 1041 1223 Hegesippi
1067 1148 1168 1204 textu.
1197 1151 1234 1206 ut
1257 1145 1323 1228 ipse
1346 1146 1475 1221 fatetur,
1491 1149 1566 1211 nihil

467 1240 552 1304 aliud
578 1248 627 1303 est
650 1263 745 1324 quam
768 1242 799 1303 in
818 1244 942 1316 tanda,
968 1242 1049 1320 ἅγια,
1074 1245 1215 1326 quotidie
1237 1247 1396 1311 Jacobum
1411 1250 1506 1313 fuisse
1521 1251 1568 1313 in-

467 1363 619 1425 gressum.
643 1343 728 1425 quod
751 1342 877 1425 quidem
899 1344 940 1405 de
963 1343 1082 1407 Sancto
1105 1347 1307 1420 Sanctorum,
1326 1350 1358 1412 in
1376 1352 1460 1435 quod
1483 1351 1567 1415 solus

470 1443 619 1506 Pontifex
639 1443 735 1505 sorricl
756 1451 883 1507 tantum
901 1444 933 1506 in
954 1466 1038 1508 anno
1059 1456 1187 1531 poterat·
1202 1449 1333 1534 ingredi,
1350 1452 1481 1537 intelligi
1505 1474 1568 1515 non

468 1545 575 1620 debet,
592 1547 647 1608 sed
663 1547 702 1608 de
717 1546 899 1609 sanctuario
915 1547 1028 1623 solum,
1044 1549 1096 1611 ubi
1118 1551 1259 1634 quotidie
1275 1553 1464 1618 Sacerdotes
1478 1555 1568 1617 lineis

469 1646 570 1710 induti
588 1648 820 1721 ininistrabant,
837 1671 929 1731 quern
945 1649 1048 1711 locum
1064 1650 1087 1713 J
1090 1652 1198 1734 oseplr.
1216 1652 1268 1716 lib.
1281 1655 1322 1716 iii.
1339 1657 1439 1739 antiq.
1454 1679 1520 1739 cap
1536 1677 1566 1737 5.

468 1750 608 1833 appellnt
625 1751 719 1831 ἅγιον.
760 1750 898 1812 Sindonc
913 1760 1021 1811 autem
1038 1751 1182 1814 indutum
1198 1753 1355 1814 Jacobum
1372 1756 1477 1824 fuisse,
1491 1759 1567 1835 quid

468 1850 581 1913 mirum
605 1854 676 1913 est?
706 1873 777 1913 cum
801 1849 883 1911 idem
909 1851 949 1912 de
971 1850 1181 1920 adolescente,
1204 1849 1255 1928 qui
1279 1855 1373 1928 capto
1395 1870 1415 1906 a
1440 1850 1563 1907 Judaeis

469 1952 597 2014 (lhristo
615 1951 761 2022 Domino,
778 1950 880 2010 nudus
894 1948 1028 2028 aufugit,
1044 1947 1075 2008 in
1093 1944 1265 2026 Evangelio
1280 1953 1450 2006 asseratur.
1496 1944 1563 2007 Uni

468 2061 577 2114 autem
591 2050 650 2131 ipsi
666 2050 781 2111 licebat
796 2048 827 2108 in
842 2068 913 2107 eum
930 2046 1032 2106 locum
1048 2043 1178 2126 ingredi,
1195 2042 1226 2104 id
1243 2051 1292 2105 est
1308 2043 1348 2104 ob
1364 2043 1431 2126 ejus
1447 2047 1563 2109 sancti·

469 2161 580 2225 tatem,
597 2157 715 2231 praeter
728 2146 918 2219 sacerdotes,
930 2144 1044 2227 quibus
1059 2144 1091 2204 id
1101 2143 1183 2227 juris
1199 2165 1238 2206 ex
1256 2144 1358 2208 officio
1374 2145 1488 2210 inerat.
1512 2148 1563 2211 Sic

467 2252 500 2313 id
525 2247 722 2329 abantiquis
747 2244 942 2307 intellectum
961 2242 1057 2305 fuisse
1075 2252 1166 2327 patet
1192 2265 1230 2307 cx
1252 2247 1320 2308 cod.
1339 2247 1487 2310 Ecclesiae
1503 2249 1564 2311 Re·

466 2350 592 2422 mensis,
611 2348 711 2429 (Hist.
727 2346 811 2408 acet.
830 2343 952 2424 Rufini)
973 2343 1025 2407 ubi
1051 2343 1191 2415 additur,
1218 2347 1337 2422 orartdi,
1363 2370 1421 2410 aaa
1444 2351 1561 2431 sacrifi-

466 2451 559 2513 candi
584 2470 685 2511 caasa.
732 2446 932 2532 Epiphanius
958 2455 992 2510 et
1014 2445 1147 2509 Rufinus
1170 2446 1317 2510 videntur
1336 2449 1429 2531 primi
1452 2449 1564 2533 legisse

464 2561 569 2614 sancta
583 2559 761 2611 sanctoruni.
808 2549 928 2611 Tuaen.
945 2548 1139 2621 Reimarus,
1156 2547 1186 2609 iu
1204 2548 1295 2611 Notis
1319 2549 1350 2611 in
1370 2549 1431 2612 hoc
1446 2562 1562 2634 marty-

465 2651 549 2714 rium
575 2652 607 2714 S.
623 2634 751 2725 Jacobi,
774 2651 859 2734 apud
878 2653 963 2713 Acta
989 2651 1161 2712 [mmmm
1183 2651 1364 2732 Martyrum
1387 2653 1515 2715 Sincera
1538 2664 1565 2715 et

466 2753 591 2829 delecta,
608 2775 679 2838 pa.
693 2753 742 2816 ed.
757 2752 862 2815 Amst.
908 2751 1154 2815 Distinctionem
1177 2760 1285 2814 autem
1307 2753 1391 2815 inter
1413 2754 1565 2816 vocabula

464 2867 600 2919 mactum
615 2864 648 2919 et
662 2865 798 2918 sanctam
811 2865 983 2918 mandorum
996 2854 1101 2916 minus
1121 2875 1247 2917 curasse
1262 2861 1385 2918 veteres
1400 2856 1565 2931 videntur;

467 2957 583 3043 quippe
598 2978 668 3020 cum
685 2956 900 3019 Tertullianus
919 2977 1016 3018 unum
1037 2976 1095 3038 pro
1110 2954 1213 3017 altero
1228 2957 1369 3038 posuerit
1382 2981 1390 3031 ;
1413 2958 1562 3019 Memine-

466 3069 538 3123 rant
549 3068 631 3131 cette,
644 3057 758 3141 inquit,
769 3057 832 3119 nisi
839 3057 1048 3119 circumcisam
1056 3056 1165 3118 scirent
1173 3056 1372 3137 (Christum),
1385 3079 1443 3118 aaa
1454 3057 1564 3120 adesit-

466 3162 587 3225 teaalam
610 3161 644 3222 ia
665 3168 770 3222 sancta
791 3169 970 3221 adnarrant.
986 3156 1055 3219 Lib.
1071 3157 1110 3219 iv.
1135 3160 1250 3220 Contra
1264 3160 1417 3221 Marcion.
1434 3182 1503 3243 cap.
1522 3177 1538 3234 7
1553 3187 1562 3232 ;

466 3265 542 3327 dum
558 3270 670 3325 contra
687 3259 861 3343 Apostolus
882 3260 923 3321 ud
941 3257 1098 3320 Hebraeos
1111 3268 1217 3320 saresta
1232 3259 1355 3342 scripsit
1372 3283 1430 3345 pro
1455 3262 1565 3323 marotia

465 3372 635 3425 cunctatam
650 3382 720 3422 cum
736 3360 810 3422 alibi
827 3368 895 3422 tum
911 3359 971 3420 hoc
986 3357 1066 3431 loco,
1081 3360 1182 3437 ὥσπερ
1197 3361 1213 3419 ό
1229 3360 1382 3441 ἀρχιερεὺς
1398 3363 1565 3444 εἰσέρχεται

468 3465 510 3527 εἰς
526 3465 561 3523 τὰ
574 3461 645 3540 όγια
661 3458 721 3520 κατ’
740 3460 879 3521 ἐνιαυτὸν
891 3462 925 3521 ἔν
940 3462 1041 3537 αἵματι
1056 3460 1214 3541 ἀλλοτρίῳ.
1231 3460 1273 3521 ix.
1294 3480 1310 3521 2
1313 3477 1343 3544 5.

510 3563 548 3622 Ρ.
568 3558 739 3621 208.l.16.
764 3560 831 3621 οὐδὲ
854 3562 911 3639 γὰρ
935 3562 1039 3638 ἐρεοῦν
1062 3560 1177 3642 ἐφόρει]
1202 3560 1345 3623 Additur
1367 3564 1476 3640 ἔνδυμα
1491 3572 1565 3645 post

467 3663 570 3741 ἐφόρει
584 3662 616 3722 in
632 3661 810 3736 Bodleiano,
826 3662 909 3744 quod
925 3669 1002 3724 ante
1016 3663 1198 3737 memoravi,
1210 3664 1372 3747 Hepeeippi
1388 3666 1538 3749 Excepto
1552 3694 1566 3738 ,-

467 3764 653 3845 Itafiaueque
674 3769 764 3823 vetus
786 3761 942 3844 interpres
969 3762 1078 3837 habet,
1102 3784 1194 3846 aeque
1220 3764 1298 3825 caim
1322 3765 1406 3827 laneo
1426 3766 1566 3830 utebatur

466 3864 653 3927 indumento
667 3863 722 3926 ssd
734 3874 852 3925 tautam
865 3863 1011 3935 aradam,-
1036 3864 1155 3927 scilicet
1170 3865 1313 3928 imitatus
1328 3869 1520 3931 sacerdotes.

512 3967 592 4029 ibid.
608 3966 628 4029 l.
650 3984 697 4046 17.
731 3968 777 4027 καὶ
792 3968 881 4041 μόνος
896 3963 1053 4046 εἰσήρχετο
1069 3968 1110 4029 εἰς
1125 3966 1178 4027 τὸν
1194 3968 1293 4053 ναόν]
1319 3996 1343 4029 κ.
1361 3996 1390 4045 μ.
1408 3970 1564 4052 εἰσήρχετο

468 4072 500 4131 ἒν
515 4074 555 4153 τῷ
571 4073 631 4153 ναῷ
644 4069 716 4130 Ms.
731 4066 817 4128 Bodl.
834 4088 889 4127 seu
906 4066 1005 4128 Saoil.
1051 4066 1142 4145 Quod
1158 4067 1199 4129 ab
1213 4066 1396 4152 Hegesippo
1413 4070 1563 4134 Hebraeo

468 4169 651 4232 Christiano
674 4169 851 4252 profectum
875 4189 952 4239 esse,
976 4189 1050 4229 vero
1068 4167 1154 4231 haud
1176 4168 1318 4232 absimile
1340 4180 1398 4233 est.
1446 4175 1496 4237 Εἰς
1512 4174 1565 4235 τὸν

467 4272 550 4346 ναὸν,
568 4271 651 4353 quod
667 4269 799 4332 includit
813 4271 851 4330 τὰ
866 4270 937 4349 ἅγια
947 4278 1093 4342 setectum,
1106 4269 1207 4331 solum
1218 4269 1338 4333 intrare
1353 4271 1480 4334 solitum
1496 4294 1565 4336 esse

466 4371 625 4435 Jacobum
654 4371 755 4435 tradit
782 4370 832 4433 hic
862 4378 896 4433 et
919 4392 1016 4452 supra
1043 4369 1254 4454 Hegesippus,
1286 4372 1346 4433 hoc
1373 4382 1431 4448 est,
1441 4373 1565 4466 aeolum

466 4479 583 4555 praeter
597 4472 790 4547 sacerdotes,
806 4479 842 4533 ut
858 4472 1033 4534 Ruinartus
1049 4471 1175 4554 quidem
1191 4494 1287 4556 supra
1301 4474 1456 4558 exposuit.
1486 4476 1565 4538 Hal-

466 4571 580 4637 loixius
601 4592 675 4633 vero
696 4573 790 4650 μόνον
812 4572 1018 4635 inmusitatum
1041 4573 1191 4636 adversus
1214 4574 1408 4659 Scaligerum
1430 4585 1565 4660 utroque

466 4673 547 4747 loco,
563 4680 596 4734 et
611 4678 699 4752 recte¹
711 4671 772 4733 hoc
790 4672 927 4735 sortasse
947 4672 1017 4735 loco
1039 4674 1269 4757 interpretatus
1291 4685 1359 4749 est;
1385 4699 1447 4761 quo
1469 4699 1564 4743 sensu
