3809 5650
421 655 486 716 108
790 647 1146 713 ANNOTATIONES

421 817 456 880 οὗ
480 817 539 895 μὴν
562 817 659 879 οίιίντε
684 817 732 877 καὶ
757 813 975 893 συνετωτέρους
1005 816 1134 889 κινῆσαι,
1154 813 1258 892 φησίν·
1285 819 1303 848 “
1315 813 1383 875 οἵαν
1407 811 1444 889 δὴ
1475 811 1528 875 καὶ

422 923 441 951 “
459 916 618 979 Πατίσκου
642 915 721 980 τινὸς
751 915 799 977 καὶ
821 911 958 978 Ἰάσονος
987 913 1163 992 ἀντιλογίαν
1185 912 1290 991 ἔγνων,
1316 912 1351 974 οὐ
1380 909 1527 992 γέλωτος,

420 1022 442 1053 “
457 1018 540 1079 ἀλλὰ
570 1020 692 1094 μᾶλλον
722 1012 826 1080 ἐλέους
856 1014 904 1076 καὶ
933 1014 1040 1091 μίσους
1069 1014 1165 1089 ἀξίαν.
1198 1009 1290 1091 ἔμοιγ’
1307 1012 1361 1073 οὖν
1383 1011 1419 1074 οὐ
1440 1008 1526 1073 ταῦτ’

422 1124 443 1154 “
459 1115 599 1197 ἐλέγχειν
609 1117 770 1194 πρόκειται·
797 1115 933 1193 ἔστιγὰρ
949 1113 1039 1175 παντί
1052 1138 1109 1175 που
1125 1116 1212 1188 δῆλα,
1229 1112 1277 1173 καὶ
1290 1110 1422 1188 μάλιστα
1437 1113 1468 1174 εί
1480 1134 1528 1176 τις

421 1225 443 1253 “
457 1218 613 1293 ὑπομεῖναι
637 1217 685 1278 καὶ
709 1213 873 1295 ἀνάσχοιτο
901 1214 997 1275 αὐτῶν
1021 1215 1184 1276 ἐπακοῦσαι
1199 1218 1258 1275 τῶν
1273 1210 1523 1292 συγγραμμάτων.

422 1323 441 1352 “
457 1314 526 1378 ἀλλ’
553 1317 649 1378 ἑκεῖνο
679 1319 799 1393 μᾶλλον
824 1311 919 1376 ἐθέλω
946 1313 1059 1390 διδάξαι
1085 1311 1159 1374 &e.''
1204 1310 1266 1375 Sub
1289 1310 1355 1373 Ῐιινσ
1381 1309 1483 1372 Celent
1509 1329 1527 1372 θ

419 1416 543 1499 scripte
565 1414 698 1478 omnibns
721 1435 789 1499 qnae
811 1413 981 1497 nnjnsnwdi
1004 1413 1215 1496 explicationes
1236 1410 1411 1495 nepetae
1430 1410 1526 1473 eonti-

419 1525 498 1592 nent,
522 1524 550 1578 et
572 1516 720 1598 elepantos·
741 1514 855 1598 ecm'pta
878 1523 957 1591 sent,
984 1513 1071 1598 elepit
1096 1513 1189 1576 tibine
1210 1512 1369 1597 quoddam,
1390 1510 1472 1594 qnod
1489 1519 1526 1573 nt

419 1615 561 1679 nonnihil
571 1616 664 1699 pessit
678 1616 723 1678 ad
735 1614 819 1699 νυίρί
831 1614 1026 1699 αι’νιρῑιρὶονίσ
1031 1612 1366 1696 fidentpronnnenden
1376 1611 1524 1694 conferre,

419 1717 502 1780 nnn
513 1727 611 1780 tamen
626 1717 764 1779 nomenti
778 1715 1055 1799 adpnnradendee
1069 1714 1310 1797 intelliyentiores
1322 1711 1417 1774 tabet.
1443 1711 1525 1773 Tenn

419 1818 478 1893 nit,
501 1828 522 1851 ⁴‘
538 1817 648 1898 Qualis
662 1824 712 1880 est
734 1817 788 1880 ille
808 1837 904 1898 quem
925 1816 987 1900 legi
1008 1815 1134 1898 Papisei
1155 1814 1319 1898 cujusdem
1341 1819 1375 1876 et
1389 1809 1524 1874 Jasonis
1649 1841 1653 1846 ·

421 1926 442 1956 “
458 1918 631 1993 eontentio,
653 1939 717 1980 non
740 1916 806 1979 risu
829 1916 885 1979 sed
910 1915 1114 1979 miseratione
1137 1914 1244 1998 potius
1263 1912 1361 1996 digne
1380 1917 1414 1975 et
1436 1909 1522 1973 odio.

420 2025 442 2054 ‘⁶
460 2019 543 2080 Hoee
568 2017 668 2100 igitur
693 2016 858 2079 confutare
884 2015 962 2077 mihi
988 2036 1051 2077 non
1073 2022 1123 2078 est
1143 2012 1351 2099 propositum.
1397 2010 1524 2094 Quippe

422 2124 442 2156 “
459 2138 593 2200 quorum
607 2117 789 2180 absurditas
805 2115 950 2210 omnibus
964 2115 1130 2198 perspicua
1144 2121 1204 2190 est,
1217 2111 1395 2198 praesertim
1409 2110 1436 2174 si
1451 2110 1524 2192 quis

422 2225 442 2254 “
458 2238 479 2280 a
494 2239 527 2280 se
542 2216 713 2300 impetrare
728 2215 840 2299 possit,
856 2222 893 2279 ut
908 2216 1006 2279 libros
1026 2216 1111 2299 ipsos
1131 2216 1252 2279 audiat.
1297 2211 1405 2277 Satius
1424 2211 1524 2275 suerit

422 2326 441 2353 ‘³
458 2318 571 2380 decere
596 2316 628 2379 id
644 2317 730 2400 quod
748 2323 865 2380 natura
886 2318 980 2380 docet
1003 2316 1073 2400 ipsa
1095 2316 1201 2399 eetq.’'
1250 2313 1398 2398 Origenis
1411 2319 1523 2377 nutem

422 2418 570 2481 diluentis
586 2418 668 2480 hane
683 2415 768 2480 Celsi
783 2417 1059 2501 reprehensionem
1074 2424 1108 2480 et
1122 2438 1180 2500 pro
1195 2415 1276 2479 virili
1289 2414 1404 2477 librum
1415 2414 1523 2477 defen-

422 2519 537 2596 dentis,
554 2540 624 2602 quae
639 2517 684 2580 ibi
695 2518 867 2612 adduntur·‚
884 2518 952 2581 haeo
972 2525 1048 2582 sunt
1064 2541 1071 2580 :
1096 2518 1195 2581 Οὐδὲν
1209 2515 1234 2579 δ’
1250 2516 1339 2594 ἧττον
1351 2516 1524 2593 ἐβουλόμην

420 2618 507 2682 πάνθ
522 2622 658 2682 ὁντινοῦν
675 2620 845 2683 ἀκούσαντα
864 2624 1108 2700 δεινολογοῦντος
1130 2615 1264 2690 Κέλσου,
1283 2616 1331 2678 καὶ
1350 2615 1524 2696 φάσκοντος

421 2718 455 2782 τὸ
472 2718 729 2799 ἐπιγεγραμμένον
749 2717 936 2798 σνγγράμμα,
951 2716 1088 2783 Ἰάσονος
1108 2718 1155 2779 καὶ
1171 2717 1332 2779 Πατίσκου
1346 2715 1523 2793 ἀντιλογίαν

421 2820 489 2902 περὶ
511 2823 653 2899 Χριστοῦ,
672 2819 707 2882 οὗ
730 2816 864 2900 γέλωτος
889 2819 971 2881 ἀλλὰ
992 2818 1097 2896 μίσους
1122 2817 1208 2893 ἀξίαν
1232 2814 1317 2891 εἶναι,
1342 2818 1453 2891 λαβεῖν
1480 2813 1524 2879 είς

420 2926 523 3002 χεῖρας
537 2920 571 2982 τὸ
584 2922 836 3001 συγγραμματίον,
850 2920 897 2982 καὶ
906 2922 1063 2997 ὑπομεῖναι
1074 2917 1121 2979 καὶ
1130 2914 1319 2997 ἂνάσχεσθαι
1330 2917 1456 2978 ἀκοῦσαι
1462 2918 1523 2976 τῶν

422 3022 456 3083 έν
472 3023 559 3104 αὐτῷ,
581 3020 617 3084 ἵν’
635 3023 759 3084 αὐτόθεν
780 3022 917 3103 καταγνῷ
932 3023 985 3081 τοῦ
1000 3016 1130 3094 Κέλσου,
1152 3019 1244 3095 μηδὲν
1259 3016 1403 3095 εὑρίσκων
1416 3016 1525 3093 μίσους

422 3118 507 3197 ὄξιον
523 3123 556 3184 έν
571 3125 612 3204 τῷ
630 3123 754 3205 βιβλίῳ,
776 3123 829 3183 ἐὰν
844 3119 867 3183 δ’
885 3117 1054 3184 ἆδεκάστως
1072 3143 1115 3183 τις
1138 3114 1314 3201 ἐντυγχάνῃ,
1336 3115 1454 3195 εὑρήσει
1476 3115 1524 3178 ὅτι

422 3220 482 3284 οὐδ’
499 3222 548 3284 ἐπὶ
562 3219 682 3301 γέλωτα
702 3226 779 3284 κινεῖ
791 3221 825 3282 τὸ
845 3221 982 3298 βιβλίον·
1007 3221 1041 3281 έν
1062 3216 1084 3302 ᾧ
1106 3214 1330 3297 ἀναγέγραπται
1345 3213 1524 3294 Χριστιανὸς

425 3323 480 3383 διο.
498 3323 553 3384 διο.
571 3330 669 3404 atque
698 3323 746 3385 ita
773 3321 930 3405 deinceps,
955 3327 993 3384 ut
1016 3340 1113 3403 supra
1138 3318 1357 3402 pesitumest.
1411 3316 1525 3379 Velbem

422 3431 523 3484 tamen
550 3430 584 3483 nt
613 3422 781 3504 qniennqne
809 3442 845 3482 ου
881 3420 963 3484 Oelee
988 3429 1168 3503 αιτορσιιναν
1195 3418 1405 3483 dnnminnn
1432 3416 1523 3481 aedit

423 3521 554 3603 Papien
579 3529 607 3583 et
630 3522 755 3583 Jaeenn'e
782 3520 818 3582 de
840 3520 961 3583 Christo
980 3521 1190 3584 contentionem
1212 3541 1271 3583 nen
1296 3520 1362 3582 rien
1383 3519 1437 3583 sed
1455 3518 1524 3581 odio

416 3619 521 3702 potine
534 3620 661 3702 diynarn
675 3642 741 3697 een,
758 3619 889 3683 libellum
910 3621 989 3683 Ιιυυσ
1009 3621 1043 3683 in
1065 3641 1173 3682 manns
1194 3629 1342 3691 ουιυονονς
1367 3629 1394 3682 et
1407 3640 1475 3702 φναν
1488 3620 1523 3681 e'n

422 3718 476 3782 nn
501 3718 673 3782 sntbnntnr
696 3720 789 3805 ωροτε
810 3722 990 3797 minorem·
1013 3722 1042 3784 ie
1068 3742 1159 3804 qnnnn
1184 3719 1265 3783 nnn
1287 3720 1322 3781 in
1341 3718 1394 3781 nn
1411 3719 1524 3802 sorpto

421 3822 570 3885 inentiret
591 3821 658 3885 odio
679 3822 813 3905 dipnnm,
839 3823 958 3886 Celsum
979 3824 1081 3906 ntique
1100 3822 1267 3884 dnnnnnret.
1312 3821 1417 3902 Neqnn
1429 3820 1523 3883 etiarn

422 3924 473 3989 nn
486 3925 582 3987 ruerem
599 3922 733 3998 movebit,
754 3925 808 4007 qni
829 3922 921 3987 ίιῗόσνο
931 3924 1053 4006 particio
1071 3923 1159 3986 illurn
1177 3922 1327 3985 evolverit.
1372 3920 1396 3981 I
1396 3918 1425 3981 n·
1442 3921 1523 3983 enim

427 4026 620 4088 Christinnns
635 4033 717 4107 cetq.
763 4025 919 4088 Attamen
935 4047 974 4087 ex
991 4025 1137 4109 Origenis
1149 4024 1294 4106 Celeique
1309 4021 1413 4085 verbis
1435 4029 1522 4085 recte

423 4127 454 4188 id
470 4126 608 4211 colliges,
628 4125 752 4200 librum,
776 4125 816 4187 de
838 4147 901 4208 quo
924 4125 1039 4209 agitur,
1057 4124 1207 4187 nonnulle
1230 4122 1427 4207 praestitisse,
1450 4142 1521 4204 quae

422 4227 531 4290 usibus
557 4226 781 4309 simpliciorum
806 4224 908 4309 magis
934 4246 1030 4308 quam
1053 4224 1293 4308 prudentiorum
1322 4222 1522 4297 inservirent,

423 4328 484 4390 etsi
506 4329 538 4389 in
560 4349 598 4389 eo
619 4347 827 4410 personarum
850 4326 1069 4389 convenientia
1091 4325 1220 4409 pulehre
1235 4325 1315 4389 satis
1332 4346 1370 4388 αα
1393 4331 1521 4387 strenue

423 4434 610 4488 conservata
621 4426 754 4498 suisset3
780 4432 934 4488 tumvero
944 4426 1062 4487 dixeris
1077 4424 1164 4488 illum
1179 4447 1238 4510 pro
1253 4426 1357 4489 indole
1367 4424 1473 4487 saeeuli
1488 4423 1521 4487 in

422 4525 580 4610 allegoriis
595 4526 729 4589 multum
745 4526 850 4589 fuisse.

467 4627 506 4689 P.
523 4641 574 4708 97.
590 4626 611 4687 l.
633 4646 657 4687 1.
703 4626 812 4690 Celsus
830 4626 973 4710 quidam]
994 4627 1095 4692 Periit
1116 4629 1196 4692 eheu
1216 4627 1349 4693 leudntn
1367 4629 1521 4691 haetenus
