3809 5650
671 677 720 743 IN
743 678 900 743 PAPIAE
924 678 1227 745 FRAGMENTA.
1457 686 1501 752 29

402 845 441 910 ὡς
453 845 555 923 μόνων
569 842 646 928 αὐτῷ
662 844 839 925 γραφέντων
851 835 1040 925 μνηρανῶει,
1055 846 1113 910 ὧδέ
1126 871 1187 914 πως
1201 840 1310 928 λε’γαν.
1349 853 1452 911 Ταῦτα
1466 851 1499 912 δὲ

402 946 451 1008 καὶ
467 945 588 1010 Παπίας
604 946 660 1006 δια.
707 944 796 1008 Infra
811 952 921 1010 autem
939 946 1068 1010 Eusebii
1083 955 1174 1011 vetus
1193 948 1351 1033 interpres
1366 950 1502 1012 Rufinus

400 1045 499 1109 babet
513 1046 548 1107 ia
562 1044 664 1130 primo
679 1045 754 1109 libro
767 1069 828 1124 ινα,
843 1048 939 1111 aliter
953 1071 1048 1132 quam
1058 1056 1167 1113 textus
1179 1051 1310 1114 Graecus
1323 1051 1501 1135 lrenaeique

400 1147 570 1230 interpres,
586 1153 620 1210 et
637 1147 798 1212 Maximus
813 1150 973 1213 confessor
987 1173 1008 1214 a
1022 1150 1142 1214 Grabie
1158 1150 1241 1212 infra
1254 1150 1379 1213 allatus.

447 1247 528 1310 lbid.
544 1249 564 1312 l.
580 1249 625 1312 16.
652 1249 812 1314 Videbunt
834 1250 889 1335 qui
911 1251 1037 1314 venient
1054 1252 1122 1336 bra]
1148 1253 1229 1315 Haec
1252 1260 1338 1316 certe
1361 1261 1437 1316 sunt
1460 1276 1500 1316 ex

402 1371 534 1413 numero
553 1349 687 1427 illorum,
703 1353 743 1414 de
763 1352 878 1435 quibus
897 1352 1054 1416 Eusebius
1073 1352 1126 1416 lib.
1140 1353 1182 1416 iii.
1199 1376 1268 1437 cap.
1280 1375 1332 1439 39.
1348 1355 1414 1418 ait:
1442 1357 1500 1418 Καὶ

402 1451 484 1514 ἄλλα
498 1452 531 1514 δὲ
546 1453 563 1514 d
581 1451 669 1518 αὐτὸς
684 1453 875 1534 συγγραφεὺς
889 1455 927 1519 ὡς
942 1456 975 1516 ἐκ
995 1455 1186 1534 παραδόσεως
1200 1455 1337 1536 ἀγράφου
1353 1459 1395 1522 εἰς
1410 1457 1500 1519 αὐτὸν

402 1553 513 1630 ἥκοντα
533 1553 752 1634 παρατέθειται,
767 1553 853 1631 ξένας
873 1554 907 1617 τέ
926 1579 1008 1621 τινας
1025 1559 1204 1635 παραβολὰς
1221 1561 1273 1618 τοῦ
1293 1562 1428 1638 Σωτῆρας
1451 1559 1500 1621 καὶ

402 1657 596 1721 διδασκαλίας
618 1655 716 1732 αὐτοῦ,
740 1657 790 1719 καί
809 1682 876 1720 τινα
897 1658 979 1720 ἄλλα
1000 1657 1193 1737 μυθικώτερα.
1239 1658 1328 1720 Idem
1343 1668 1500 1742 praterea

398 1756 528 1841 scriptor
542 1755 691 1840 (Papias)
706 1757 774 1820 alia
787 1759 933 1821 παιιπιιίἂι
947 1759 1039 1821 azodae
1053 1760 1132 1822 occia
1148 1758 1312 1822 traditione
1326 1760 1371 1822 od
1382 1782 1412 1822 so
1428 1783 1500 1844 por·

399 1860 509 1922 oonieao
522 1866 659 1934 tutatur,
672 1860 835 1923 ioaaitotos
847 1861 962 1924 scilicet
975 1861 1123 1945 quaedam
1143 1863 1314 1925 circatoris
1330 1860 1499 1945 parabolae

398 1981 437 2023 oc
454 1959 617 2037 dodum
632 1960 754 2044 aliaque
768 1961 891 2044 sodalis
905 1964 1066 2047 propiora.
1111 1964 1189 2043 Quae
1205 1969 1314 2026 tamen
1332 1964 1374 2027 ad
1390 1964 1497 2027 defen-

401 2062 522 2126 donem
544 2063 657 2126 horum
674 2062 779 2126 afferri
803 2071 947 2147 pessunt,
964 2064 1078 2128 dicam.
1125 2064 1212 2127 Mira
1229 2085 1305 2127 sanc
1326 2071 1411 2142 sunt,
1427 2087 1498 2150 quae

403 2164 521 2248 Papias
545 2163 662 2248 aliique
682 2163 821 2228 seniores
844 2165 963 2241 dixere,
983 2187 1018 2228 se
1041 2187 1061 2229 a
1082 2164 1209 2228 Joanne
1231 2165 1390 2249 Apostelo
1412 2189 1501 2230 acce-

401 2264 485 2351 pisse
500 2265 678 2330 Servatoris
688 2266 789 2329 nestri
801 2266 898 2330 effata
913 2266 952 2330 de
964 2266 1116 2331 inusitate
1127 2266 1277 2328 frumenti
1288 2265 1414 2350 vinique
1429 2290 1500 2352 pro

403 2372 499 2431 ventu
514 2366 588 2429 olim
609 2367 726 2443 futuro,
743 2389 815 2430 cum
829 2368 948 2432 scilicet
970 2369 1037 2452 ipse
1058 2368 1197 2432 secunda
1218 2367 1285 2431 vice
1305 2367 1346 2431 de
1366 2367 1447 2431 coelo
1467 2368 1501 2431 in

402 2474 522 2532 terram
543 2467 716 2532 advenerit.
761 2469 842 2532 Rem
864 2469 966 2552 ipsam
988 2469 1073 2553 quod
1095 2468 1225 2544 attinet,
1243 2491 1352 2532 omnes
1373 2469 1501 2553 quidem

401 2568 543 2655 primaeri
557 2569 729 2635 Christiani
744 2570 915 2634 orthodoxi
929 2571 1102 2634 secundum
1122 2571 1209 2634 dicta
1223 2570 1453 2653 Apostolorum
1467 2578 1502 2634 et

403 2670 558 2756 premissa
583 2670 817 2756 Prophetarum
842 2694 951 2736 uocum
976 2673 1091 2746 calana,
1115 2680 1149 2735 et
1172 2693 1280 2734 uocato
1305 2681 1420 2734 τιννανι
1448 2695 1502 2736 ex-

404 2779 598 2859 spectarunt,
614 2772 799 2838 insecundo
815 2775 943 2839 Messiae
958 2775 1097 2839 adventu
1116 2772 1169 2837 isti
1185 2773 1414 2838 restituendam
1430 2774 1500 2839 leli·
1526 2843 1531 2848 ,

403 2875 506 2953 citati,
529 2898 594 2960 qua
615 2883 692 2939 aute
715 2876 839 2959 lapsum
865 2876 983 2940 Adami
1005 2876 1151 2940 florebat.
1197 2878 1309 2960 Atque
1332 2875 1414 2939 hanc
1435 2877 1503 2940 feli-

402 2977 534 3041 citatem
552 2975 679 3062 plurimi
693 2999 757 3041 non
777 2977 809 3040 in
832 2978 1049 3061 spiritualibus
1063 2976 1165 3041 selum
1180 2976 1280 3049 benis,
1298 2978 1353 3039 sed
1372 2984 1406 3041 et
1421 2985 1502 3042 tem-

400 3078 562 3164 poralibus
576 3085 761 3163 posuerunt,
778 3079 917 3164 persuasi
932 3085 1010 3142 tunc
1020 3077 1122 3142 selum
1129 3084 1225 3142 terrac
1239 3098 1261 3141 a
1275 3076 1498 3143 maledictione

402 3180 445 3244 ob
458 3185 625 3265 peccatum
640 3179 758 3243 Adami
779 3179 808 3243 ai
826 3179 947 3243 inflicta
961 3179 1095 3242 liberum
1118 3180 1195 3257 lore,
1211 3200 1249 3242 ac
1269 3179 1502 3244 abundantiam

403 3281 505 3344 omnis
518 3280 594 3344 boni
615 3279 682 3344 sine
704 3280 843 3345 humano
863 3281 974 3346 labore
999 3280 1206 3365 prolaturum.
1259 3279 1338 3360 Quae
1360 3286 1395 3343 et
1421 3280 1502 3364 pris-

404 3404 513 3447 corum
537 3382 726 3446 Judaeorum
751 3383 811 3446 fuit
836 3383 1006 3459 sententia,
1033 3389 1070 3445 ut
1097 3404 1138 3445 ex
1164 3379 1384 3445 Rabbinorum
1409 3376 1511 3446 dictis

404 3506 425 3549 a
447 3485 637 3568 Raymundo
660 3484 794 3549 Martini
818 3484 851 3547 in
875 3484 1018 3570 Pugiene
1042 3483 1132 3547 Fidei
1156 3484 1247 3547 Part.
1267 3482 1331 3545 III.
1354 3481 1440 3547 Dist.
1460 3482 1503 3546 iii.

405 3608 474 3672 cap.
495 3606 545 3669 15.
569 3593 603 3650 et
625 3587 779 3650 Galatiae
800 3587 853 3649 lib.
870 3609 899 3649 x.
917 3609 985 3671 cap.
1002 3606 1033 3665 4.
1056 3584 1204 3650 adductis
1224 3584 1333 3670 liquet.
1379 3584 1504 3653 Quibus

405 3689 491 3753 addo
518 3688 616 3752 verba
649 3688 689 3751 R.
716 3686 820 3751 David
851 3687 979 3750 Kimchi
1009 3686 1041 3749 in
1072 3687 1164 3751 Oseae
1194 3707 1263 3770 cap.
1288 3685 1351 3749 xiv.
1383 3708 1447 3750 ver.
1475 3688 1504 3750 8.

404 3783 486 3852 brun
512 3803 569 3850 um
594 3782 672 3854 aurat
704 3805 759 3867 rna
787 3805 846 3856 aaa
872 3805 927 3849 niu
955 3803 1036 3849 rona
1063 3801 1100 3867 pn
1127 3803 1174 3848 rm
1201 3800 1321 3848 nmina
1348 3802 1388 3847 ua
1416 3789 1507 3852 scat

405 3893 460 3979 qai
488 3900 638 3977 ιαραιιιιαι
666 3892 726 3954 iota
754 3891 864 3955 anda:
907 3892 1029 3956 Vivent
1063 3891 1181 3968 tritico,
1212 3891 1293 3977 quood
1316 3892 1433 3974 fictura
1465 3890 1507 3952 rit

405 3994 532 4056 marmio
560 4002 685 4056 notoroe
718 3993 754 4055 ia
787 3993 897 4071 tritico,
931 3994 1052 4078 quoodo
1080 4002 1220 4057 contunsa
1253 4001 1295 4056 oet
1326 3992 1507 4075 Redemptor

406 4093 586 4181 (Messias.)
629 4094 759 4179 Accipit
782 4096 850 4179 ipse
875 4096 958 4159 hanc
983 4095 1194 4159 mutationem
1217 4094 1250 4156 in
1272 4114 1344 4157 eum
1367 4113 1504 4167 sensum,

406 4196 498 4283 quasi
520 4217 585 4259 non
609 4217 738 4259 necesse
764 4202 839 4259 tunc
862 4195 1006 4260 futurum
1028 4196 1081 4272 sit,
1106 4216 1210 4258 serere
1229 4194 1382 4271 triticum,
1409 4193 1507 4278 quod·

407 4323 470 4386 qus
500 4306 614 4384 sponte
644 4299 747 4362 instar
772 4299 846 4363 vitis
874 4300 918 4363 sit
946 4300 1154 4373 nasciturum,
1180 4299 1237 4361 dic.
1285 4296 1395 4380 Atque
1426 4296 1516 4358 hane'

406 4402 587 4489 opinionem
608 4402 649 4465 de
670 4400 837 4464 fertilitate
859 4407 965 4477 terrae,
989 4407 1022 4464 et
1046 4398 1225 4462 mutatione
1250 4396 1349 4460 totius
1371 4401 1508 4471 naturae,

404 4504 517 4591 procul
532 4503 630 4567 dubio
654 4501 772 4587 Papias
787 4524 912 4585 quoquc
935 4510 969 4566 et
990 4500 1045 4565 isti
1068 4499 1205 4563 seniores
1219 4498 1378 4573 severunt,
1393 4496 1448 4580 qui
1467 4495 1510 4558 oi-

404 4613 479 4672 tata
492 4606 535 4671 ab
555 4607 681 4670 Ireuaeo
699 4605 796 4667 verba
815 4610 970 4687 tanquam
990 4625 1011 4667 a
1033 4601 1201 4665 Servatore
1224 4598 1350 4683 prolata
1372 4594 1510 4681 posteris

403 4710 580 4778 tradidere.
627 4706 785 4789 Quicquid
802 4727 877 4769 vero
896 4705 937 4769 de
957 4727 992 4768 re
1011 4704 1082 4789 ipsa
1100 4708 1272 4776 statuatur,
1289 4700 1329 4763 de
1348 4719 1412 4782 qua
1425 4695 1509 4780 judi·
