3809 5650
396 665 462 731 260
770 666 1125 730 ANNOTATIONES

399 853 488 895 renna
502 833 599 895 verba
619 854 716 916 supra
736 835 842 918 posita
864 837 909 896 καὶ
931 841 1023 898 ταῦτα
1041 839 1097 912 μὲν
1117 835 1359 914 otae-tetes:
1385 839 1406 869 “
1418 833 1508 895 'l'ota

402 939 421 968 “
437 932 506 996 haec
520 934 667 1018 pericope
679 957 778 1017 usquc
794 936 835 998 nd
848 936 943 999 linem
956 937 1050 1020 hujus
1066 937 1179 1020 capitis
1194 937 1285 1000 deest
1299 936 1333 999 in
1348 934 1509 999 codicibus

403 1041 423 1069 “
439 1034 557 1098 nostris
571 1035 655 1098 Maz.
670 1036 757 1098 Med.
769 1045 802 1099 ct
819 1037 907 1099 Fulc·
918 1038 980 1100 Sed
999 1060 1100 1121 neque
1116 1038 1250 1100 Rufinus
1264 1058 1335 1101 eam
1349 1035 1507 1122 agnoseit,

403 1143 423 1170 ‘⁴
439 1142 477 1199 ut
490 1158 530 1199 ex
545 1137 687 1200 versione
702 1137 771 1221 ojus
784 1148 929 1222 apparet.
977 1141 1026 1202 Αο
1047 1140 1124 1202 mibi
1144 1140 1271 1224 quidem
1291 1139 1419 1202 videtur
1435 1146 1507 1200 tota

371 1256 374 1262 ’
403 1245 424 1273 “
439 1237 508 1302 haeo
537 1238 679 1301 clausula
706 1239 818 1322 spuriav
844 1262 911 1302 esse
937 1260 975 1302 ac
1001 1240 1214 1324 supposititia.
1261 1237 1394 1303 Putavit
1423 1237 1506 1302 enim

404 1338 581 1422 “quisquis
603 1339 686 1402 hanc
707 1340 843 1415 addidit,
866 1346 908 1404 ca'
927 1364 998 1423 quae
1021 1343 1205 1424 praecedunt
1227 1339 1325 1404 verbo.
1348 1362 1418 1403 esse
1443 1338 1506 1402 He-

404 1448 426 1476 “
437 1441 576 1526 gesippi:
601 1463 673 1504 euni
689 1449 797 1505 tamen
814 1464 876 1504 non
896 1443 962 1506 sint
980 1442 1164 1526 llegcsippi‚
1180 1442 1235 1505 sed
1251 1440 1350 1526 ipsius
1366 1440 1507 1514 Ensebii,

406 1550 426 1578 '‘
443 1550 480 1606 ut
499 1543 649 1605 discimus
668 1564 708 1604 ex
728 1543 833 1626 capite
849 1544 925 1605 xxii.
941 1543 995 1606 lib.
1011 1546 1061 1620 4.”
1105 1545 1207 1606 Deest
1226 1550 1334 1606 eutem
1353 1542 1387 1604 in
1409 1540 1505 1606 codd.

405 1643 496 1705 Bodl.
519 1652 553 1706 et
576 1643 714 1725 Norsolc.
738 1643 885 1728 pericope
908 1644 947 1707 de
974 1666 1037 1727 qua
1061 1644 1180 1726 egitur,
1205 1652 1239 1707 ct
1264 1642 1297 1706 in
1324 1642 1448 1720 ceteris,
1471 1650 1506 1705 nt

404 1762 489 1808 nunc
500 1744 599 1808 refert
611 1743 781 1820 Burtonus
793 1745 846 1827 qui
857 1744 979 1807 omittit
994 1745 1107 1827 ipsam,
1119 1754 1236 1828 praeter
1246 1740 1386 1828 Βορέου,
1397 1745 1505 1808 Puris.

403 1853 562 1929 ametque
575 1851 608 1907 et
622 1845 870 1907 Florentinoram
884 1846 1022 1908 alteram.
1068 1844 1208 1908 Tantum
1225 1845 1268 1907 ed
1283 1866 1374 1908 oram
1387 1847 1507 1930 pneris

402 1948 491 2010 Flor.
507 1953 609 2010 extat.
659 1947 760 2009 Porro
786 1946 907 2009 Valesii
933 1947 974 2008 de
999 1946 1103 2008 verbis
1128 1944 1287 2029 prioribus
1312 1947 1506 2010 sententiam

404 2049 484 2112 satis
498 2048 567 2131 ipsa
582 2048 750 2128 confirmat
769 2048 885 2120 oratio,
900 2069 975 2131 quae
988 2046 1164 2131 Hegesippi
1180 2068 1221 2111 ne
1234 2047 1365 2111 minime
1379 2048 1505 2132 quidem

403 2149 531 2231 sapiens
545 2148 654 2211 stilum
671 2148 846 2212 Eusebium
861 2150 997 2232 predere
1013 2149 1147 2211 videtur.

448 2251 485 2310 P.
504 2266 577 2330 215.
600 2249 620 2310 l.
646 2254 691 2310 16.
720 2252 778 2313 Καὶ
798 2254 874 2328 μετὰ
895 2250 929 2311 τὸ
951 2253 1140 2329 μαρτυρῆσαι
1157 2248 1318 2332 Ἰάκωβον]
1345 2248 1506 2314 Praemisit

405 2348 606 2424 Eusebius&
622 2348 647 2412 δ’
663 2350 752 2415 αὐτὸς
767 2350 1001 2435 (Hegesippus)
1017 2351 1064 2412 καὶ
1083 2356 1143 2412 τῶν
1165 2347 1226 2412 κατ’
1248 2351 1339 2413 αὐτὸν
1359 2351 1506 2431 alpiam

402 2452 455 2514 τὰς
475 2450 570 2531 ἀρχὰς
590 2452 760 2513 ὑποτίθεται
781 2454 830 2513 διὰ
851 2453 973 2514 τούτων·
1006 2457 1074 2513 ΚΑΙ
1096 2454 1172 2528 μετὰ
1190 2451 1225 2512 τὸ
1247 2455 1431 2531 μορτορῆοοι
1449 2454 1504 2516 &aa

405 2550 570 2612 Hcrreeccn
584 2571 696 2635 qaoque
710 2561 875 2635 quaeritate
889 2575 945 2614 οοο
960 2561 1070 2614 mortu
1084 2559 1164 2627 emt,
1176 2551 1269 2614 initia
1284 2552 1364 2615 idem
1378 2554 1507 2638 sciptor

400 2651 520 2735 οφοοίι
533 2651 582 2713 tu
596 2651 704 2717 verbis
749 2652 1011 2733 POSTQUAM,
1026 2653 1139 2736 iaqait,
1153 2650 1177 2714 J
1178 2653 1296 2716 acobus
1312 2655 1367 2717 &e
1414 2652 1506 2718 Dixit

403 2750 560 2817 Eusebius
579 2752 634 2815 lib.
649 2752 694 2816 iii.
715 2775 741 2815 ο.
757 2773 811 2838 32.
833 2775 889 2817 seu
911 2775 1009 2837 supra
1031 2754 1072 2816 ad
1096 2752 1190 2837 hujus
1211 2775 1285 2839 pag.
1299 2753 1354 2818 lin.
1369 2775 1401 2841 3.
1416 2764 1503 2839 post·

403 2878 498 2940 quam
519 2878 560 2919 ex
581 2854 766 2939 Hegesippo
786 2853 841 2917 ille
858 2856 898 2917 de
919 2855 1085 2937 Symeonis
1103 2855 1258 2938 martyrio
1273 2856 1440 2927 retulerat.
1457 2856 1505 2921 ert

402 2959 517 3023 codron
528 2966 599 3040 poet
617 2955 690 3031 Ικοο,
706 2963 743 3019 ut
758 2954 855 3018 vertit
869 2955 1029 3032 Valesius,
1045 2976 1177 3018 narrare
1195 2956 1330 3019 eundem
1350 2957 1505 3043 Hegesip

401 3080 487 3141 pum,
503 3057 655 3141 virginem
676 3055 841 3119 ecelesiam
861 3055 1080 3139 permansisse.
1128 3057 1245 3120 Verum
1264 3065 1383 3132 tamen,
1398 3075 1504 3122 annon

401 3160 509 3243 potius
523 3159 591 3222 haec
606 3157 752 3220 debuerit
767 3159 852 3236 ῥῆσις
866 3156 953 3220 illem
969 3157 1009 3219 de
1022 3157 1139 3220 Jaccbi
1155 3166 1260 3222 morte
1274 3159 1418 3243 proxime
1432 3166 1505 3245 post

403 3260 501 3343 sequi,
518 3258 661 3323 nonnihil
676 3258 801 3321 dubito.

448 3361 530 3424 Ibid
541 3360 563 3422 l.
579 3380 627 3438 ¹7·
642 3361 690 3423 ἐπὶ
705 3361 745 3443 τῷ
762 3360 840 3443 αὐτῷ
855 3357 952 3443 λόγῳ]
971 3359 991 3421 i.
1003 3380 1031 3422 e:
1047 3358 1148 3421 Simili
1164 3360 1300 3436 ratione,
1314 3360 1449 3424 andem
1463 3361 1505 3426 ob

401 3483 542 3525 ceresam.
564 3459 699 3522 Sinone.
746 3459 856 3523 Habet
879 3462 1010 3543 Rufinus
1031 3467 1125 3523 vetus
1144 3459 1311 3545 interpres
1328 3462 1420 3526 otiam
1440 3464 1505 3548 ἱροο

400 3563 528 3627 maden
543 3560 742 3624 testinwniam
756 3561 890 3624 ceritati.
938 3562 1018 3623 Mox
1033 3560 1128 3624 abest
1141 3582 1162 3624 e
1183 3561 1255 3624 Geel.
1272 3562 1412 3646 Norselc.
1427 3562 1505 3628 arti-

402 3663 490 3728 culus
505 3666 521 3725 ὀ
537 3668 613 3724 ante
627 3666 679 3723 τοῦ
696 3666 818 3723 Κλωπᾶ.

444 3765 527 3829 Ibid.
543 3764 565 3827 l.
585 3784 632 3846 19.
648 3766 721 3826 ὄντα
741 3764 873 3844 ἀνεψιὸν
892 3769 944 3826 τοῦ
961 3764 1087 3850 Κυρίου]
1105 3762 1194 3826 Male
1209 3762 1352 3840 Rufinus,
1369 3773 1506 3851 euntque

398 3868 499 3933 secuti
516 3865 681 3930 Masculus
695 3875 729 3929 et
744 3865 1053 3949 Oh'ristophorsonus
1070 3864 1277 3928 masetriaum
1291 3867 1423 3930 Domini
1436 3880 1506 3932 ver·

397 3977 519 4045 terunt,
530 3989 603 4032 eum
612 3967 719 4051 potius
730 3967 863 4029 fratrem
878 3966 1057 4049 patruelem
1070 3972 1196 4028 vertere
1210 3964 1406 4032 debuissent.
1431 3968 1505 4033 cto

397 4094 456 4157 pas
470 4071 554 4135 enim
569 4077 602 4132 et
616 4068 781 4152 Josephus
795 4067 912 4130 fratres
926 4067 1066 4129 fuerunt.
1098 4067 1214 4150 Glopas
1229 4065 1397 4150 Symeonis
1411 4078 1506 4153 peter

396 4174 467 4248 fuit,
479 4180 613 4255 patruus
627 4176 737 4231 autem
749 4167 880 4231 Christi.
914 4167 1035 4230 Errant
1049 4168 1159 4251 itaque
1172 4167 1339 4231 Musculus
1353 4178 1388 4231 et
1398 4170 1506 4234 Obsis-

395 4274 619 4357 tophorsonus‚
635 4270 689 4353 qui
710 4274 793 4332 deice
811 4269 871 4330 hoc
892 4268 962 4331 loeo
980 4269 1171 4331 avunculum
1191 4268 1396 4352 interpretati
1416 4279 1504 4335 sunt.

396 4375 460 4439 Sed
482 4370 678 4455 ineptissime
701 4370 835 4432 Rufinus
858 4374 941 4431 θεῖον
962 4390 1022 4452 pro
1042 4368 1204 4451 adjectivo
1226 4369 1372 4453 sumpsit.
1418 4370 1505 4436 Vide

396 4493 467 4560 quae
489 4491 586 4555 supra
607 4470 715 4535 notavi
738 4470 780 4532 ad
802 4476 900 4554 caput
914 4488 967 4554 32.
983 4468 1055 4531 libri
1077 4470 1178 4533 tertii.
1202 4473 1366 4533 Vstnsrns.
1412 4473 1458 4536 H.
1473 4495 1502 4537 e.

395 4572 539 4660 superius
554 4593 628 4655 pag.
646 4590 663 4636 2
665 4592 683 4653 5
686 4591 717 4653 5.
733 4569 883 4650 Ἀνεψιὸν
902 4570 980 4633 εἶναι
1002 4592 1061 4654 pro
1081 4573 1155 4633 ὄντα
1173 4573 1219 4634 ἀν.
1236 4571 1355 4635 habere
1370 4572 1501 4657 Nicopk.

396 4683 488 4740 notet
504 4671 679 4736 strothius.
