3809 5650
573 738 622 802 IN
644 739 781 805 ANON.
806 739 1025 806 PRESBYT.
1048 739 1213 806 ANNOT.
1378 744 1444 810 387

341 915 363 944 ‘⁶
377 928 434 972 neo
449 927 563 971 nomen
578 928 678 985 suum,
695 930 752 972 nee
767 907 903 994 apostoli
933 908 1119 973 voeabulum
1138 906 1358 994 praeposuisse,
1373 907 1449 994 quia

344 1018 364 1046 “
379 1009 420 1073 do
434 1009 643 1075 Ohristoerat
652 1010 813 1075 dietums:
830 1009 982 1075 Haemus
991 1010 1239 1097 oryopsioripem
1248 1010 1444 1088 mordetur»,

344 1118 364 1147 ‘⁴
379 1121 407 1176 ot
420 1112 586 1197 apostoliam
600 1113 792 1197 wasmioas'a
805 1120 915 1177 oostrae
927 1113 1056 1176 laeam.-
1078 1134 1137 1176 neo
1151 1111 1248 1177 fuisse
1262 1133 1446 1196 congruum,

345 1219 365 1248 “
379 1220 417 1277 ut
438 1213 493 1277 ubi
513 1213 659 1279 Christus
686 1213 849 1299 aposlolus
872 1213 1024 1277 dicendus
1046 1220 1128 1292 erat,
1142 1213 1187 1277 ibi
1212 1214 1311 1278 etiam
1325 1213 1447 1279 Paulus

347 1313 549 1399 “apostolus
575 1313 778 1400 poneretur.”
823 1313 1043 1379 Theodorelus
1064 1336 1189 1398 quoque
1211 1314 1303 1379 initio
1326 1315 1445 1400 lamp.

345 1437 411 1480 suae
431 1415 533 1499 Epiri.
552 1415 598 1480 od
613 1415 766 1495 Hebroeos,
789 1416 858 1481 Vol.
875 1415 917 1479 V.
937 1438 971 1500 p.
992 1431 1068 1500 542.
1088 1414 1165 1480 edit.
1190 1415 1312 1479 Sohulz.
1332 1415 1446 1479 similia

344 1517 396 1581 his
415 1524 543 1593 lustum
568 1520 624 1582 sod
651 1519 796 1584 Strothio
818 1519 991 1584 admodum
1016 1518 1142 1583 infirma
1167 1518 1353 1603 Presbyteri
1377 1518 1446 1583 haeo

345 1619 502 1683 videnlur.
548 1620 627 1701 Quae
641 1621 764 1686 interea
779 1621 1016 1686 Alexandrinus
1029 1620 1174 1687 Clemens
1188 1620 1256 1705 ipse
1270 1621 1310 1684 de
1330 1620 1447 1684 animis

348 1720 761 1787 Hebraeo-Christianorum
783 1725 824 1787 ab
846 1722 992 1809 apostolo
1011 1722 1113 1787 Paulo
1134 1722 1246 1787 alienis
1266 1721 1445 1806 proposuit,

347 1824 434 1888 haud
448 1822 548 1900 saone,
565 1823 597 1886 ni
612 1823 713 1899 fallor,
730 1826 962 1890 oontemnenda
975 1823 1119 1901 fuissent,
1135 1824 1161 1888 si
1176 1825 1272 1887 modo
1286 1824 1354 1887 haeo
1379 1823 1445 1908 epi-

347 1925 431 1990 stola
452 1926 599 2010 primitus
621 1925 774 2010 inscripta
799 1934 884 1991 esset
904 1927 947 1991 ad
972 1925 1145 2003 Hebrae0s3
1173 1947 1244 2010 quae
1266 1933 1384 2003 tamen,
1409 1930 1446 1989 ut

348 2049 388 2091 ex
403 2028 465 2092 fine
479 2028 548 2113 ejus
562 2035 664 2112 patet,
676 2029 719 2093 ad
733 2028 873 2113 aliquam
888 2028 1079 2114 singularem
1093 2026 1258 2092 ecelesiam
1269 2033 1363 2090 extra
1378 2026 1446 2089 Ila·

347 2128 423 2194 liam
438 2129 535 2193 missa
549 2136 598 2193 est
607 2155 617 2206 ;
643 2130 729 2208 dum,
747 2132 829 2194 siout
844 2130 877 2193 in
896 2130 1000 2215 prima
1019 2128 1074 2193 illa
1095 2130 1127 2192 S.
1143 2127 1280 2192 «Ioannis
1300 2126 1445 2213 epistola,

349 2230 435 2294 nulla
449 2230 555 2316 posita
569 2238 619 2294 est
633 2231 664 2294 in
680 2253 719 2295 ea
733 2233 956 2313 προσφώνησις,
973 2230 1049 2315 quin
1064 2237 1099 2294 et
1113 2251 1171 2315 per
1184 2230 1300 2293 fratrea
1315 2227 1383 2292 lata
1396 2235 1446 2293 est

348 2332 493 2417 epistola,
504 2332 569 2396 sive
583 2354 695 2409 sermo,
708 2333 750 2396 ad
761 2332 933 2396 eeclesiam.
966 2332 1029 2396 Sed
1040 2331 1175 2396 fortasse
1189 2338 1302 2417 postea
1315 2336 1446 2415 propter

348 2434 434 2498 loeos
455 2455 554 2498 sacrae
576 2433 736 2518 religionis
751 2433 783 2495 in
805 2433 859 2496 illa
876 2439 1043 2511 tractatos,
1064 2433 1117 2517 qui
1138 2454 1210 2496 eum
1229 2430 1328 2496 volari
1348 2438 1447 2496 testa·

348 2541 458 2597 mento
478 2534 676 2618 potissimum
696 2534 941 2618 conjunguntur,
962 2533 1057 2598 titulo
1078 2533 1123 2596 ad
1142 2532 1284 2596 Helroeoa
1303 2532 1446 2616 epistolae

349 2634 501 2717 inseripta
515 2643 574 2698 est.
603 2635 681 2715 Quis
694 2634 830 2718 denique
843 2633 940 2698 fuerit
956 2635 1130 2718 Presbyter
1143 2655 1164 2697 a
1174 2633 1337 2697 Clemente
1347 2633 1445 2696 Alex-

349 2735 483 2801 andrino
505 2735 556 2799 hie
580 2737 746 2812 addamus,
768 2756 862 2820 quom
883 2734 1024 2798 nonnulli
1045 2736 1236 2799 Pantaenum
1258 2733 1443 2818 magistrum

350 2839 418 2921 ejus
432 2838 527 2903 luisse
546 2846 685 2916 censent,
701 2860 764 2901 non
779 2838 890 2923 liquet.
