<?xml version="1.0" encoding="UTF-8"?>
<!DOCTYPE html PUBLIC "-//W3C//DTD XHTML 1.0 Transitional//EN"
    "http://www.w3.org/TR/xhtml1/DTD/xhtml1-transitional.dtd">
<html xmlns="http://www.w3.org/1999/xhtml" xml:lang="en" lang="en">
 <head>
  <title>
</title>
<meta http-equiv="Content-Type" content="text/html;charset=utf-8" />
  <meta name='ocr-system' content='tesseract 3.04.00' />
  <meta name='ocr-capabilities' content='ocr_page ocr_carea ocr_par ocr_line ocrx_word'/>
</head>
<body>
  <div class='ocr_page' id='page_1' title='image "./reliquiaesacrae07routgoog_0561.png"; bbox 0 0 3809 5650; ppageno 0'>
   <div class='ocr_carea' id='block_1_1' title="bbox 366 680 1134 766">
    <p class='ocr_par' dir='ltr' id='par_1_1' title="bbox 366 680 1134 766">
     <span class='ocr_line' id='line_1_1' title="bbox 366 680 1134 766; baseline -0.009 -17"><span class='ocrx_word' id='word_1_1' title='bbox 366 684 434 749; x_wconf 80' lang='lat' dir='ltr'>sos</span> <span class='ocrx_word' id='word_1_2' title='bbox 696 684 937 766; x_wconf 75' lang='lat' dir='ltr'>naulorum</span> <span class='ocrx_word' id='word_1_3' title='bbox 962 680 1134 746; x_wconf 69' lang='lat' dir='ltr'>sunam.</span> 
     </span>
    </p>
   </div>
   <div class='ocr_carea' id='block_1_2' title="bbox 317 845 1505 1544">
    <p class='ocr_par' dir='ltr' id='par_1_2' title="bbox 317 845 1505 1544">
     <span class='ocr_line' id='line_1_2' title="bbox 409 845 741 924; baseline 0.006 -22"><span class='ocrx_word' id='word_1_4' title='bbox 409 845 451 903; x_wconf 85' lang='lat' dir='ltr'>Et</span> <span class='ocrx_word' id='word_1_5' title='bbox 465 846 596 924; x_wconf 86' lang='lat' dir='ltr'><strong>proxime</strong></span> <span class='ocrx_word' id='word_1_6' title='bbox 610 857 675 924; x_wconf 90' lang='lat' dir='ltr'>post</span> <span class='ocrx_word' id='word_1_7' title='bbox 689 846 741 915; x_wconf 88' lang='lat' dir='ltr'>ait,</span> 
     </span>
     <span class='ocr_line' id='line_1_3' title="bbox 412 943 1476 1030; baseline -0.006 -20"><span class='ocrx_word' id='word_1_8' title='bbox 412 949 470 1011; x_wconf 80' lang='grc' dir='ltr'>Καὶ</span> <span class='ocrx_word' id='word_1_9' title='bbox 485 952 577 1011; x_wconf 83' lang='grc' dir='ltr'>ταῦτα</span> <span class='ocrx_word' id='word_1_10' title='bbox 590 951 646 1027; x_wconf 70' lang='grc' dir='ltr'>μὲν</span> <span class='ocrx_word' id='word_1_11' title='bbox 661 950 728 1030; x_wconf 82' lang='grc' dir='ltr'>περὶ</span> <span class='ocrx_word' id='word_1_12' title='bbox 742 953 795 1014; x_wconf 82' lang='grc' dir='ltr'>τοῦ</span> <span class='ocrx_word' id='word_1_13' title='bbox 810 947 981 1012; x_wconf 84' lang='grc' dir='ltr'>Μοντθνου·</span> <span class='ocrx_word' id='word_1_14' title='bbox 1005 949 1053 1011; x_wconf 74' lang='grc' dir='ltr'>καὶ</span> <span class='ocrx_word' id='word_1_15' title='bbox 1067 947 1134 1027; x_wconf 83' lang='grc' dir='ltr'>περὶ</span> <span class='ocrx_word' id='word_1_16' title='bbox 1148 949 1208 1008; x_wconf 74' lang='grc' dir='ltr'>τῶν</span> <span class='ocrx_word' id='word_1_17' title='bbox 1222 943 1416 1025; x_wconf 74' lang='grc' dir='ltr'>προφητίδων</span> <span class='ocrx_word' id='word_1_18' title='bbox 1438 943 1476 1004; x_wconf 74' lang='grc' dir='ltr'>δὲ</span> 
     </span>
     <span class='ocr_line' id='line_1_4' title="bbox 369 1056 1153 1141; baseline 0 -19"><span class='ocrx_word' id='word_1_19' title='bbox 369 1058 459 1122; x_wconf 75' lang='grc' dir='ltr'>αὐτοῦ</span> <span class='ocrx_word' id='word_1_20' title='bbox 472 1061 663 1139; x_wconf 75' lang='grc' dir='ltr'>ὑποκαταβὰς</span> <span class='ocrx_word' id='word_1_21' title='bbox 677 1061 752 1123; x_wconf 76' lang='grc' dir='ltr'>οὕτω</span> <span class='ocrx_word' id='word_1_22' title='bbox 766 1056 887 1141; x_wconf 69' lang='grc' dir='ltr'>γράφει·</span> <span class='ocrx_word' id='word_1_23' title='bbox 1151 1062 1153 1066; x_wconf 44' lang='lat'><strong><em>⁴</em></strong></span> 
     </span>
     <span class='ocr_line' id='line_1_5' title="bbox 317 1159 1476 1270; baseline -0.008 -18"><span class='ocrx_word' id='word_1_24' title='bbox 317 1192 360 1252; x_wconf 92' lang='lat'>11.</span> <span class='ocrx_word' id='word_1_25' title='bbox 426 1168 621 1267; x_wconf 82' lang='grc' dir='ltr'>Δείκνυμεν</span> <span class='ocrx_word' id='word_1_26' title='bbox 640 1170 702 1247; x_wconf 79' lang='grc' dir='ltr'>οὖν</span> <span class='ocrx_word' id='word_1_27' title='bbox 720 1166 828 1252; x_wconf 74' lang='grc' dir='ltr'>αὐτὰς</span> <span class='ocrx_word' id='word_1_28' title='bbox 846 1166 991 1270; x_wconf 77' lang='grc' dir='ltr'>πρώτας</span> <span class='ocrx_word' id='word_1_29' title='bbox 1007 1164 1073 1249; x_wconf 76' lang='grc' dir='ltr'>τὰς</span> <span class='ocrx_word' id='word_1_30' title='bbox 1089 1161 1312 1269; x_wconf 76' lang='grc' dir='ltr'>προφήτιδας</span> <span class='ocrx_word' id='word_1_31' title='bbox 1325 1159 1476 1243; x_wconf 61' lang='lat' dir='ltr'>ramae</span> 
     </span>
     <span class='ocr_line' id='line_1_6' title="bbox 371 1297 1505 1406; baseline -0.011 -24"><span class='ocrx_word' id='word_1_32' title='bbox 371 1303 438 1406; x_wconf 67' lang='grc' dir='ltr'>ἀφ’</span> <span class='ocrx_word' id='word_1_33' title='bbox 454 1302 496 1381; x_wconf 81' lang='grc' dir='ltr'>οὗ</span> <span class='ocrx_word' id='word_1_34' title='bbox 514 1311 577 1382; x_wconf 81' lang='grc' dir='ltr'>τοῦ</span> <span class='ocrx_word' id='word_1_35' title='bbox 594 1301 793 1401; x_wconf 82' lang='grc' dir='ltr'>πνεύματος</span> <span class='ocrx_word' id='word_1_36' title='bbox 810 1301 1086 1403; x_wconf 77' lang='grc' dir='ltr'>ἐπληρώθησαν,</span> <span class='ocrx_word' id='word_1_37' title='bbox 1104 1297 1186 1382; x_wconf 80' lang='grc' dir='ltr'>τοὺς</span> <span class='ocrx_word' id='word_1_38' title='bbox 1204 1297 1335 1398; x_wconf 79' lang='grc' dir='ltr'>ἄνδρας</span> <span class='ocrx_word' id='word_1_39' title='bbox 1352 1328 1470 1372; x_wconf 87' lang='grc' dir='ltr'>κατα·</span> <span class='ocrx_word' id='word_1_40' title='bbox 1486 1330 1505 1387; x_wconf 82' lang='lat'>5</span> 
     </span>
     <span class='ocr_line' id='line_1_7' title="bbox 371 1430 1473 1544; baseline -0.009 -28"><span class='ocrx_word' id='word_1_41' title='bbox 371 1437 566 1521; x_wconf 65' lang='lat' dir='ltr'>arrodens.</span> <span class='ocrx_word' id='word_1_42' title='bbox 592 1445 669 1521; x_wconf 82' lang='grc' dir='ltr'>πῶς</span> <span class='ocrx_word' id='word_1_43' title='bbox 688 1439 750 1517; x_wconf 82' lang='grc' dir='ltr'>οὖν</span> <span class='ocrx_word' id='word_1_44' title='bbox 768 1436 963 1544; x_wconf 72' lang='grc' dir='ltr'>ἐψεύδοντο</span> <span class='ocrx_word' id='word_1_45' title='bbox 983 1437 1151 1538; x_wconf 86' lang='grc' dir='ltr'>Πρίσκαν</span> <span class='ocrx_word' id='word_1_46' title='bbox 1173 1467 1225 1512; x_wconf 93' lang='grc' dir='ltr'>πα</span> <span class='ocrx_word' id='word_1_47' title='bbox 1271 1430 1349 1508; x_wconf 81' lang='grc' dir='ltr'>ε’νον</span> <span class='ocrx_word' id='word_1_48' title='bbox 1372 1431 1473 1508; x_wconf 86' lang='grc' dir='ltr'>ἀπο·</span> 
     </span>
    </p>
   </div>
   <div class='ocr_carea' id='block_1_3' title="bbox 304 1582 1530 2326">
    <p class='ocr_par' dir='ltr' id='par_1_3' title="bbox 372 1582 1058 1789">
     <span class='ocr_line' id='line_1_8' title="bbox 372 1582 590 1671; baseline 0.023 -19"><span class='ocrx_word' id='word_1_49' title='bbox 372 1582 590 1671; x_wconf 84' lang='grc' dir='ltr'>καλοῦντες;</span> 
     </span>
     <span class='ocr_line' id='line_1_9' title="bbox 417 1706 1058 1789; baseline 0 -19"><span class='ocrx_word' id='word_1_50' title='bbox 417 1706 479 1770; x_wconf 80' lang='grc' dir='ltr'>Εἶτ’</span> <span class='ocrx_word' id='word_1_51' title='bbox 498 1713 608 1789; x_wconf 82' lang='lat' dir='ltr'>(inquit</span> <span class='ocrx_word' id='word_1_52' title='bbox 624 1713 782 1786; x_wconf 78' lang='lat' dir='ltr'>Eusebius)</span> <span class='ocrx_word' id='word_1_53' title='bbox 800 1707 935 1789; x_wconf 69' lang='grc' dir='ltr'>ἐπιφέρει</span> <span class='ocrx_word' id='word_1_54' title='bbox 948 1706 1058 1788; x_wconf 71' lang='grc' dir='ltr'>λέγων·</span> 
     </span>
    </p>

    <p class='ocr_par' dir='ltr' id='par_1_4' title="bbox 304 1810 1530 2326">
     <span class='ocr_line' id='line_1_10' title="bbox 304 1810 1472 1924; baseline -0.009 -24"><span class='ocrx_word' id='word_1_55' title='bbox 304 1837 365 1900; x_wconf 92' lang='lat'>111.</span> <span class='ocrx_word' id='word_1_56' title='bbox 431 1820 489 1898; x_wconf 77' lang='lat' dir='ltr'>Ori</span> <span class='ocrx_word' id='word_1_57' title='bbox 508 1822 605 1898; x_wconf 86' lang='grc' dir='ltr'>δοκεῖ</span> <span class='ocrx_word' id='word_1_58' title='bbox 618 1852 680 1897; x_wconf 92' lang='grc' dir='ltr'>σοι</span> <span class='ocrx_word' id='word_1_59' title='bbox 698 1825 803 1898; x_wconf 84' lang='grc' dir='ltr'>πᾶσα</span> <span class='ocrx_word' id='word_1_60' title='bbox 815 1817 940 1924; x_wconf 78' lang='grc' dir='ltr'>γραφὴ</span> <span class='ocrx_word' id='word_1_61' title='bbox 954 1817 1104 1898; x_wconf 77' lang='grc' dir='ltr'>κωλύειν</span> <span class='ocrx_word' id='word_1_62' title='bbox 1115 1813 1305 1922; x_wconf 66' lang='grc' dir='ltr'>προφφτην</span> <span class='ocrx_word' id='word_1_63' title='bbox 1318 1810 1472 1910; x_wconf 81' lang='grc' dir='ltr'>λαμβά-</span> 
     </span>
     <span class='ocr_line' id='line_1_11' title="bbox 376 1949 1530 2059; baseline -0.013 -24"><span class='ocrx_word' id='word_1_64' title='bbox 376 1989 447 2035; x_wconf 86' lang='grc' dir='ltr'>νειν</span> <span class='ocrx_word' id='word_1_65' title='bbox 476 1960 573 2058; x_wconf 81' lang='grc' dir='ltr'>δῶρα</span> <span class='ocrx_word' id='word_1_66' title='bbox 600 1957 659 2034; x_wconf 84' lang='grc' dir='ltr'>καὶ</span> <span class='ocrx_word' id='word_1_67' title='bbox 686 1955 876 2059; x_wconf 74' lang='grc' dir='ltr'>χρήματος</span> <span class='ocrx_word' id='word_1_68' title='bbox 905 1954 992 2034; x_wconf 81' lang='grc' dir='ltr'>ὅταν</span> <span class='ocrx_word' id='word_1_69' title='bbox 1021 1954 1083 2032; x_wconf 82' lang='grc' dir='ltr'>οὖν</span> <span class='ocrx_word' id='word_1_70' title='bbox 1108 1952 1171 2032; x_wconf 75' lang='lat' dir='ltr'>&#39;ido</span> <span class='ocrx_word' id='word_1_71' title='bbox 1196 1949 1262 2049; x_wconf 81' lang='grc' dir='ltr'>τὴν</span> <span class='ocrx_word' id='word_1_72' title='bbox 1288 1951 1476 2052; x_wconf 82' lang='grc' dir='ltr'>προφῆτιν</span> <span class='ocrx_word' id='word_1_73' title='bbox 1490 1984 1530 2021; x_wconf 82' lang='grc' dir='ltr'>ιο</span> 
     </span>
     <span class='ocr_line' id='line_1_12' title="bbox 375 2085 1472 2194; baseline -0.007 -26"><span class='ocrx_word' id='word_1_74' title='bbox 375 2096 562 2194; x_wconf 76' lang='grc' dir='ltr'>εἰληφυῖαν</span> <span class='ocrx_word' id='word_1_75' title='bbox 579 2092 638 2167; x_wconf 81' lang='grc' dir='ltr'>καὶ</span> <span class='ocrx_word' id='word_1_76' title='bbox 659 2088 798 2192; x_wconf 78' lang='grc' dir='ltr'>χρυσὸν</span> <span class='ocrx_word' id='word_1_77' title='bbox 824 2095 882 2169; x_wconf 79' lang='grc' dir='ltr'>καὶ</span> <span class='ocrx_word' id='word_1_78' title='bbox 906 2090 1063 2192; x_wconf 77' lang='grc' dir='ltr'>ἄργυρον</span> <span class='ocrx_word' id='word_1_79' title='bbox 1086 2089 1145 2165; x_wconf 80' lang='grc' dir='ltr'>καὶ</span> <span class='ocrx_word' id='word_1_80' title='bbox 1168 2089 1375 2165; x_wconf 83' lang='grc' dir='ltr'>πολυτελεῖς</span> <span class='ocrx_word' id='word_1_81' title='bbox 1402 2085 1472 2161; x_wconf 87' lang='grc' dir='ltr'>ε’σ·</span> 
     </span>
     <span class='ocr_line' id='line_1_13' title="bbox 376 2221 1095 2326; baseline -0.001 -25"><span class='ocrx_word' id='word_1_82' title='bbox 376 2228 486 2322; x_wconf 77' lang='grc' dir='ltr'>θῆτας</span> <span class='ocrx_word' id='word_1_83' title='bbox 503 2229 580 2304; x_wconf 84' lang='grc' dir='ltr'>πῶς</span> <span class='ocrx_word' id='word_1_84' title='bbox 598 2221 708 2320; x_wconf 74' lang='grc' dir='ltr'>αὐτὸν</span> <span class='ocrx_word' id='word_1_85' title='bbox 724 2223 774 2323; x_wconf 83' lang='grc' dir='ltr'>μὴ</span> <span class='ocrx_word' id='word_1_86' title='bbox 792 2223 1095 2326; x_wconf 71' lang='grc' dir='ltr'>παραιτήσομαι,</span> 
     </span>
    </p>
   </div>
   <div class='ocr_carea' id='block_1_4' title="bbox 311 2349 1528 3353">
    <p class='ocr_par' dir='ltr' id='par_1_5' title="bbox 311 2349 1528 3353">
     <span class='ocr_line' id='line_1_14' title="bbox 420 2349 1476 2438; baseline -0.005 -20"><span class='ocrx_word' id='word_1_87' title='bbox 420 2358 510 2421; x_wconf 76' lang='grc' dir='ltr'>Αὖθις</span> <span class='ocrx_word' id='word_1_88' title='bbox 525 2358 557 2418; x_wconf 79' lang='grc' dir='ltr'>δὲ</span> <span class='ocrx_word' id='word_1_89' title='bbox 576 2356 767 2434; x_wconf 77' lang='grc' dir='ltr'>ὑποκαταβὰς</span> <span class='ocrx_word' id='word_1_90' title='bbox 783 2361 941 2432; x_wconf 80' lang='lat' dir='ltr'>(Eusebius</span> <span class='ocrx_word' id='word_1_91' title='bbox 955 2361 1064 2438; x_wconf 85' lang='lat' dir='ltr'>inquit)</span> <span class='ocrx_word' id='word_1_92' title='bbox 1080 2356 1151 2436; x_wconf 87' lang='grc' dir='ltr'>περί</span> <span class='ocrx_word' id='word_1_93' title='bbox 1166 2379 1247 2419; x_wconf 87' lang='grc' dir='ltr'>τινος</span> <span class='ocrx_word' id='word_1_94' title='bbox 1265 2357 1324 2416; x_wconf 84' lang='grc' dir='ltr'>τῶν</span> <span class='ocrx_word' id='word_1_95' title='bbox 1344 2349 1405 2414; x_wconf 90' lang='grc' dir='ltr'>κατ’</span> <span class='ocrx_word' id='word_1_96' title='bbox 1422 2350 1476 2413; x_wconf 82' lang='grc' dir='ltr'>αὖ·</span> 
     </span>
     <span class='ocr_line' id='line_1_15' title="bbox 376 2464 881 2545; baseline -0.004 -17"><span class='ocrx_word' id='word_1_97' title='bbox 376 2464 444 2532; x_wconf 66' lang='grc' dir='ltr'>τοὺς</span> <span class='ocrx_word' id='word_1_98' title='bbox 458 2466 658 2545; x_wconf 81' lang='grc' dir='ltr'>δμαλογητῶν,</span> <span class='ocrx_word' id='word_1_99' title='bbox 673 2469 765 2527; x_wconf 80' lang='grc' dir='ltr'>ταῦτα</span> <span class='ocrx_word' id='word_1_100' title='bbox 778 2465 881 2544; x_wconf 76' lang='grc' dir='ltr'>φησίν</span> 
     </span>
     <span class='ocr_line' id='line_1_16' title="bbox 311 2571 1526 2681; baseline -0.01 -24"><span class='ocrx_word' id='word_1_101' title='bbox 311 2588 368 2648; x_wconf 78' lang='lat' dir='ltr'>W·</span> <span class='ocrx_word' id='word_1_102' title='bbox 425 2573 512 2656; x_wconf 84' lang='grc' dir='ltr'>Ἔτι</span> <span class='ocrx_word' id='word_1_103' title='bbox 540 2574 659 2655; x_wconf 77' lang='grc' dir='ltr'>δὲκαὶ</span> <span class='ocrx_word' id='word_1_104' title='bbox 687 2575 860 2675; x_wconf 77' lang='grc' dir='ltr'>Θεμίσων</span> <span class='ocrx_word' id='word_1_105' title='bbox 885 2577 905 2653; x_wconf 85' lang='grc' dir='ltr'>δ</span> <span class='ocrx_word' id='word_1_106' title='bbox 932 2572 998 2674; x_wconf 82' lang='grc' dir='ltr'>τὴν</span> <span class='ocrx_word' id='word_1_107' title='bbox 1025 2574 1237 2681; x_wconf 80' lang='grc' dir='ltr'>ἀξιόπιστον</span> <span class='ocrx_word' id='word_1_108' title='bbox 1260 2571 1477 2678; x_wconf 78' lang='grc' dir='ltr'>πλεονεξίαν</span> <span class='ocrx_word' id='word_1_109' title='bbox 1492 2605 1526 2662; x_wconf 84' lang='lat'>¹5</span> 
     </span>
     <span class='ocr_line' id='line_1_17' title="bbox 378 2707 1478 2820; baseline -0.006 -27"><span class='ocrx_word' id='word_1_110' title='bbox 378 2711 663 2820; x_wconf 77' lang='grc' dir='ltr'>ἠμφιεσμένος,ὁ</span> <span class='ocrx_word' id='word_1_111' title='bbox 682 2711 731 2812; x_wconf 87' lang='grc' dir='ltr'>μὴ</span> <span class='ocrx_word' id='word_1_112' title='bbox 750 2708 945 2807; x_wconf 78' lang='grc' dir='ltr'>βαστάσας</span> <span class='ocrx_word' id='word_1_113' title='bbox 959 2715 1023 2809; x_wconf 77' lang='grc' dir='ltr'>τῆς</span> <span class='ocrx_word' id='word_1_114' title='bbox 1042 2713 1237 2812; x_wconf 80' lang='grc' dir='ltr'>ὁμολογίας</span> <span class='ocrx_word' id='word_1_115' title='bbox 1254 2707 1296 2788; x_wconf 79' lang='grc' dir='ltr'>τὸ</span> <span class='ocrx_word' id='word_1_116' title='bbox 1314 2713 1478 2809; x_wconf 85' lang='grc' dir='ltr'>σημεῖον,</span> 
     </span>
     <span class='ocr_line' id='line_1_18' title="bbox 378 2843 1479 2951; baseline -0.006 -24"><span class='ocrx_word' id='word_1_117' title='bbox 378 2847 479 2927; x_wconf 80' lang='grc' dir='ltr'>ἀλλὰ</span> <span class='ocrx_word' id='word_1_118' title='bbox 496 2847 626 2947; x_wconf 84' lang='grc' dir='ltr'>πλήθει</span> <span class='ocrx_word' id='word_1_119' title='bbox 644 2845 837 2951; x_wconf 81' lang='grc' dir='ltr'>χρημάτων</span> <span class='ocrx_word' id='word_1_120' title='bbox 855 2845 1070 2944; x_wconf 78' lang='grc' dir='ltr'>ἀποθέμενος</span> <span class='ocrx_word' id='word_1_121' title='bbox 1088 2845 1133 2924; x_wconf 80' lang='grc' dir='ltr'>τὰ</span> <span class='ocrx_word' id='word_1_122' title='bbox 1153 2843 1281 2944; x_wconf 81' lang='grc' dir='ltr'>δεσμοί·</span> <span class='ocrx_word' id='word_1_123' title='bbox 1314 2844 1393 2921; x_wconf 79' lang='grc' dir='ltr'>δέον</span> <span class='ocrx_word' id='word_1_124' title='bbox 1418 2844 1479 2922; x_wconf 80' lang='grc' dir='ltr'>ἐπὶ</span> 
     </span>
     <span class='ocr_line' id='line_1_19' title="bbox 378 2975 1479 3089; baseline -0.005 -26"><span class='ocrx_word' id='word_1_125' title='bbox 378 2982 492 3089; x_wconf 77' lang='grc' dir='ltr'>τούτῳ</span> <span class='ocrx_word' id='word_1_126' title='bbox 511 2987 810 3087; x_wconf 88' lang='grc' dir='ltr'>ταπεινοφρονεῖυ,</span> <span class='ocrx_word' id='word_1_127' title='bbox 829 2985 877 3065; x_wconf 88' lang='grc' dir='ltr'>ὡς</span> <span class='ocrx_word' id='word_1_128' title='bbox 894 2979 1029 3082; x_wconf 77' lang='grc' dir='ltr'>μάρτυς</span> <span class='ocrx_word' id='word_1_129' title='bbox 1048 2978 1283 3084; x_wconf 80' lang='grc' dir='ltr'>καυχώμενος,</span> <span class='ocrx_word' id='word_1_130' title='bbox 1296 2975 1479 3076; x_wconf 84' lang='grc' dir='ltr'>ἐτόλμησε</span> 
     </span>
     <span class='ocr_line' id='line_1_20' title="bbox 379 3111 1477 3219; baseline -0.004 -24"><span class='ocrx_word' id='word_1_131' title='bbox 379 3115 591 3217; x_wconf 86' lang='grc' dir='ltr'>μιμούμενος</span> <span class='ocrx_word' id='word_1_132' title='bbox 620 3114 683 3196; x_wconf 84' lang='grc' dir='ltr'>τὸν</span> <span class='ocrx_word' id='word_1_133' title='bbox 710 3115 930 3212; x_wconf 83' lang='grc' dir='ltr'>ἀπόστολον,</span> <span class='ocrx_word' id='word_1_134' title='bbox 958 3113 1153 3214; x_wconf 75' lang='grc' dir='ltr'>καθολικῆν</span> <span class='ocrx_word' id='word_1_135' title='bbox 1181 3149 1260 3193; x_wconf 92' lang='grc' dir='ltr'>τινα</span> <span class='ocrx_word' id='word_1_136' title='bbox 1289 3111 1477 3219; x_wconf 83' lang='grc' dir='ltr'>συνταξά-</span> 
     </span>
     <span class='ocr_line' id='line_1_21' title="bbox 379 3247 1528 3353; baseline -0.003 -24"><span class='ocrx_word' id='word_1_137' title='bbox 379 3286 484 3353; x_wconf 84' lang='grc' dir='ltr'>μενος</span> <span class='ocrx_word' id='word_1_138' title='bbox 520 3249 727 3350; x_wconf 81' lang='grc' dir='ltr'>ἐπιστολήν·</span> <span class='ocrx_word' id='word_1_139' title='bbox 771 3256 934 3353; x_wconf 81' lang='grc' dir='ltr'>κατηχεῖν</span> <span class='ocrx_word' id='word_1_140' title='bbox 971 3248 1035 3347; x_wconf 77' lang='grc' dir='ltr'>μὲν</span> <span class='ocrx_word' id='word_1_141' title='bbox 1071 3247 1152 3332; x_wconf 79' lang='grc' dir='ltr'>τοὺς</span> <span class='ocrx_word' id='word_1_142' title='bbox 1190 3248 1331 3345; x_wconf 78' lang='grc' dir='ltr'>ἄμεινον</span> <span class='ocrx_word' id='word_1_143' title='bbox 1368 3248 1480 3327; x_wconf 81' lang='grc' dir='ltr'>αὑτοῦ</span> <span class='ocrx_word' id='word_1_144' title='bbox 1490 3281 1528 3319; x_wconf 86' lang='lat'>20</span> 
     </span>
    </p>
   </div>
   <div class='ocr_carea' id='block_1_5' title="bbox 383 3538 1481 3827">
    <p class='ocr_par' dir='ltr' id='par_1_6' title="bbox 383 3538 1481 3827">
     <span class='ocr_line' id='line_1_22' title="bbox 420 3538 1209 3619; baseline 0.009 -29"><span class='ocrx_word' id='word_1_145' title='bbox 420 3538 487 3591; x_wconf 85' lang='lat' dir='ltr'>Haec</span> <span class='ocrx_word' id='word_1_146' title='bbox 499 3539 542 3591; x_wconf 87' lang='lat' dir='ltr'>ille</span> <span class='ocrx_word' id='word_1_147' title='bbox 554 3538 587 3592; x_wconf 89' lang='lat' dir='ltr'>de</span> <span class='ocrx_word' id='word_1_148' title='bbox 601 3539 740 3593; x_wconf 87' lang='lat' dir='ltr'>Montano.</span> <span class='ocrx_word' id='word_1_149' title='bbox 769 3541 811 3593; x_wconf 87' lang='lat' dir='ltr'>De</span> <span class='ocrx_word' id='word_1_150' title='bbox 825 3541 905 3594; x_wconf 89' lang='lat' dir='ltr'>Mon·</span> <span class='ocrx_word' id='word_1_151' title='bbox 957 3560 1014 3598; x_wconf 90' lang='lat' dir='ltr'>nou</span> <span class='ocrx_word' id='word_1_152' title='bbox 1030 3540 1209 3619; x_wconf 83' lang='lat' dir='ltr'>repudiabo?</span> 
     </span>
     <span class='ocr_line' id='line_1_23' title="bbox 383 3607 1480 3688; baseline 0.015 -31"><span class='ocrx_word' id='word_1_153' title='bbox 383 3608 438 3660; x_wconf 83' lang='lat' dir='ltr'>tani</span> <span class='ocrx_word' id='word_1_154' title='bbox 448 3607 693 3687; x_wconf 36' lang='lat' dir='ltr'>&#39;veroprophetissis</span> <span class='ocrx_word' id='word_1_155' title='bbox 703 3609 837 3679; x_wconf 84' lang='lat' dir='ltr'>aliquanto</span> <span class='ocrx_word' id='word_1_156' title='bbox 845 3617 906 3678; x_wconf 74' lang='lat' dir='ltr'>post</span> <span class='ocrx_word' id='word_1_157' title='bbox 991 3618 1026 3673; x_wconf 88' lang='lat' dir='ltr'>Et</span> <span class='ocrx_word' id='word_1_158' title='bbox 1042 3620 1121 3688; x_wconf 85' lang='lat' dir='ltr'>paulo</span> <span class='ocrx_word' id='word_1_159' title='bbox 1137 3628 1197 3688; x_wconf 87' lang='lat' dir='ltr'>post</span> <span class='ocrx_word' id='word_1_160' title='bbox 1215 3617 1248 3672; x_wconf 85' lang='lat' dir='ltr'>de</span> <span class='ocrx_word' id='word_1_161' title='bbox 1266 3618 1383 3688; x_wconf 88' lang='lat' dir='ltr'>quodam</span> <span class='ocrx_word' id='word_1_162' title='bbox 1401 3637 1435 3673; x_wconf 83' lang='lat' dir='ltr'>ex</span> <span class='ocrx_word' id='word_1_163' title='bbox 1450 3637 1480 3673; x_wconf 91' lang='lat' dir='ltr'>e-</span> 
     </span>
     <span class='ocr_line' id='line_1_24' title="bbox 383 3677 1481 3759; baseline 0.009 -26"><span class='ocrx_word' id='word_1_164' title='bbox 383 3678 501 3748; x_wconf 83' lang='lat' dir='ltr'>loqultur</span> <span class='ocrx_word' id='word_1_165' title='bbox 512 3694 540 3729; x_wconf 84' lang='lat' dir='ltr'>m</span> <span class='ocrx_word' id='word_1_166' title='bbox 552 3677 624 3731; x_wconf 81' lang='lat' dir='ltr'>hunc</span> <span class='ocrx_word' id='word_1_167' title='bbox 636 3678 756 3731; x_wconf 80' lang='lat' dir='ltr'>modum·</span> <span class='ocrx_word' id='word_1_168' title='bbox 955 3704 1033 3741; x_wconf 87' lang='lat' dir='ltr'>orum</span> <span class='ocrx_word' id='word_1_169' title='bbox 1045 3706 1156 3741; x_wconf 89' lang='lat' dir='ltr'>numero</span> <span class='ocrx_word' id='word_1_170' title='bbox 1169 3688 1214 3758; x_wconf 90' lang='lat' dir='ltr'>qui</span> <span class='ocrx_word' id='word_1_171' title='bbox 1230 3688 1394 3741; x_wconf 83' lang='lat' dir='ltr'>confessores</span> <span class='ocrx_word' id='word_1_172' title='bbox 1406 3688 1481 3759; x_wconf 91' lang='lat' dir='ltr'>apud</span> 
     </span>
     <span class='ocr_line' id='line_1_25' title="bbox 425 3748 1336 3827; baseline 0.007 -22"><span class='ocrx_word' id='word_1_173' title='bbox 425 3748 615 3806; x_wconf 81' lang='lat' dir='ltr'>Ostendimus</span> <span class='ocrx_word' id='word_1_174' title='bbox 640 3749 729 3825; x_wconf 85' lang='lat' dir='ltr'>igitur</span> <span class='ocrx_word' id='word_1_175' title='bbox 750 3750 801 3807; x_wconf 88' lang='lat' dir='ltr'>has</span> <span class='ocrx_word' id='word_1_176' title='bbox 825 3750 904 3827; x_wconf 88' lang='lat' dir='ltr'>prin·</span> <span class='ocrx_word' id='word_1_177' title='bbox 955 3757 1028 3826; x_wconf 90' lang='lat' dir='ltr'>ipsos</span> <span class='ocrx_word' id='word_1_178' title='bbox 1041 3758 1181 3820; x_wconf 83' lang='lat' dir='ltr'>habentur,</span> <span class='ocrx_word' id='word_1_179' title='bbox 1194 3757 1251 3811; x_wconf 86' lang='lat' dir='ltr'>haec</span> <span class='ocrx_word' id='word_1_180' title='bbox 1264 3756 1336 3811; x_wconf 86' lang='lat' dir='ltr'>dicit.</span> 
     </span>
    </p>
   </div>
   <div class='ocr_carea' id='block_1_6' title="bbox 383 3829 1531 4782">
    <p class='ocr_par' dir='ltr' id='par_1_7' title="bbox 383 3829 1531 4782">
     <span class='ocr_line' id='line_1_26' title="bbox 384 3829 1527 3913; baseline 0.002 -27"><span class='ocrx_word' id='word_1_181' title='bbox 384 3829 462 3907; x_wconf 82' lang='lat' dir='ltr'>cipes</span> <span class='ocrx_word' id='word_1_182' title='bbox 476 3829 671 3907; x_wconf 79' lang='lat' dir='ltr'>prophetissas</span> <span class='ocrx_word' id='word_1_183' title='bbox 689 3830 776 3887; x_wconf 90' lang='lat' dir='ltr'>simul</span> <span class='ocrx_word' id='word_1_184' title='bbox 794 3850 827 3888; x_wconf 84' lang='lat' dir='ltr'>oo</span> <span class='ocrx_word' id='word_1_185' title='bbox 846 3829 905 3908; x_wconf 87' lang='lat' dir='ltr'>spi·</span> <span class='ocrx_word' id='word_1_186' title='bbox 998 3830 1143 3887; x_wconf 75' lang='lat' dir='ltr'>Praeterea</span> <span class='ocrx_word' id='word_1_187' title='bbox 1167 3829 1324 3886; x_wconf 86' lang='lat' dir='ltr'>Themison</span> <span class='ocrx_word' id='word_1_188' title='bbox 1350 3830 1527 3913; x_wconf 83' lang='lat' dir='ltr'>speciosa25</span> 
     </span>
     <span class='ocr_line' id='line_1_27' title="bbox 384 3908 1480 3986; baseline 0.003 -21"><span class='ocrx_word' id='word_1_189' title='bbox 384 3909 444 3965; x_wconf 87' lang='lat' dir='ltr'>ritu</span> <span class='ocrx_word' id='word_1_190' title='bbox 458 3908 585 3986; x_wconf 69' lang='lat' dir='ltr'>impletas</span> <span class='ocrx_word' id='word_1_191' title='bbox 599 3921 677 3975; x_wconf 85' lang='lat' dir='ltr'>sunt,</span> <span class='ocrx_word' id='word_1_192' title='bbox 695 3910 768 3967; x_wconf 88' lang='lat' dir='ltr'>viros</span> <span class='ocrx_word' id='word_1_193' title='bbox 781 3931 849 3969; x_wconf 88' lang='lat' dir='ltr'>suos</span> <span class='ocrx_word' id='word_1_194' title='bbox 863 3910 905 3968; x_wconf 92' lang='lat' dir='ltr'>di·</span> <span class='ocrx_word' id='word_1_195' title='bbox 957 3910 1076 3967; x_wconf 85' lang='lat' dir='ltr'>avaritia</span> <span class='ocrx_word' id='word_1_196' title='bbox 1102 3909 1260 3976; x_wconf 79' lang='lat' dir='ltr'>obvelatus,</span> <span class='ocrx_word' id='word_1_197' title='bbox 1286 3910 1336 3984; x_wconf 90' lang='lat' dir='ltr'>qui</span> <span class='ocrx_word' id='word_1_198' title='bbox 1366 3911 1480 3968; x_wconf 84' lang='lat' dir='ltr'>confes·</span> 
     </span>
     <span class='ocr_line' id='line_1_28' title="bbox 383 3988 1482 4067; baseline 0.004 -23"><span class='ocrx_word' id='word_1_199' title='bbox 383 3988 503 4045; x_wconf 86' lang='lat' dir='ltr'>misisse.</span> <span class='ocrx_word' id='word_1_200' title='bbox 539 3990 728 4067; x_wconf 87' lang='lat' dir='ltr'>Quantopere</span> <span class='ocrx_word' id='word_1_201' title='bbox 742 4011 810 4067; x_wconf 84' lang='lat' dir='ltr'>ergo</span> <span class='ocrx_word' id='word_1_202' title='bbox 824 4011 904 4049; x_wconf 89' lang='lat' dir='ltr'>men·</span> <span class='ocrx_word' id='word_1_203' title='bbox 957 3990 1045 4047; x_wconf 86' lang='lat' dir='ltr'>sionis</span> <span class='ocrx_word' id='word_1_204' title='bbox 1066 3989 1180 4066; x_wconf 84' lang='lat' dir='ltr'>signum</span> <span class='ocrx_word' id='word_1_205' title='bbox 1203 4008 1258 4045; x_wconf 90' lang='lat' dir='ltr'>non</span> <span class='ocrx_word' id='word_1_206' title='bbox 1282 3990 1412 4064; x_wconf 84' lang='lat' dir='ltr'>pertulit,</span> <span class='ocrx_word' id='word_1_207' title='bbox 1428 3990 1482 4048; x_wconf 86' lang='lat' dir='ltr'>sed</span> 
     </span>
     <span class='ocr_line' id='line_1_29' title="bbox 384 4068 1480 4147; baseline -0.001 -20"><span class='ocrx_word' id='word_1_208' title='bbox 384 4068 531 4127; x_wconf 81' lang='lat' dir='ltr'>tiebantur</span> <span class='ocrx_word' id='word_1_209' title='bbox 550 4070 600 4145; x_wconf 91' lang='lat' dir='ltr'>qui</span> <span class='ocrx_word' id='word_1_210' title='bbox 621 4069 747 4127; x_wconf 84' lang='lat' dir='ltr'>Priscmn</span> <span class='ocrx_word' id='word_1_211' title='bbox 766 4071 905 4147; x_wconf 86' lang='lat' dir='ltr'>virginem</span> <span class='ocrx_word' id='word_1_212' title='bbox 958 4089 1060 4146; x_wconf 85' lang='lat' dir='ltr'>magna</span> <span class='ocrx_word' id='word_1_213' title='bbox 1082 4069 1211 4147; x_wconf 79' lang='lat' dir='ltr'>pecunia</span> <span class='ocrx_word' id='word_1_214' title='bbox 1231 4068 1257 4124; x_wconf 89' lang='lat' dir='ltr'>vi</span> <span class='ocrx_word' id='word_1_215' title='bbox 1280 4081 1396 4145; x_wconf 80' lang='lat' dir='ltr'>erogata</span> <span class='ocrx_word' id='word_1_216' title='bbox 1414 4070 1480 4126; x_wconf 86' lang='lat' dir='ltr'>vin·</span> 
     </span>
     <span class='ocr_line' id='line_1_30' title="bbox 385 4149 1482 4226; baseline 0.002 -23"><span class='ocrx_word' id='word_1_217' title='bbox 385 4149 546 4206; x_wconf 85' lang='lat' dir='ltr'>vocabant?</span> <span class='ocrx_word' id='word_1_218' title='bbox 958 4149 1022 4207; x_wconf 90' lang='lat' dir='ltr'>cula</span> <span class='ocrx_word' id='word_1_219' title='bbox 1041 4150 1163 4226; x_wconf 85' lang='lat' dir='ltr'>abjecit:</span> <span class='ocrx_word' id='word_1_220' title='bbox 1186 4169 1251 4206; x_wconf 88' lang='lat' dir='ltr'>cum</span> <span class='ocrx_word' id='word_1_221' title='bbox 1271 4150 1308 4205; x_wconf 94' lang='lat' dir='ltr'>ob</span> <span class='ocrx_word' id='word_1_222' title='bbox 1327 4170 1388 4206; x_wconf 76' lang='lat' dir='ltr'>earn</span> <span class='ocrx_word' id='word_1_223' title='bbox 1412 4170 1482 4207; x_wconf 84' lang='lat' dir='ltr'>enn-</span> 
     </span>
     <span class='ocr_line' id='line_1_31' title="bbox 420 4228 1531 4311; baseline 0.005 -29"><span class='ocrx_word' id='word_1_224' title='bbox 420 4229 525 4283; x_wconf 86' lang='lat' dir='ltr'>Deinde</span> <span class='ocrx_word' id='word_1_225' title='bbox 537 4230 677 4302; x_wconf 76' lang='lat' dir='ltr'>subjungit</span> <span class='ocrx_word' id='word_1_226' title='bbox 688 4231 746 4285; x_wconf 85' lang='lat' dir='ltr'>hoec</span> <span class='ocrx_word' id='word_1_227' title='bbox 758 4234 847 4287; x_wconf 84' lang='lat' dir='ltr'>verba.</span> <span class='ocrx_word' id='word_1_228' title='bbox 958 4249 1017 4285; x_wconf 86' lang='lat' dir='ltr'>sam</span> <span class='ocrx_word' id='word_1_229' title='bbox 1032 4229 1191 4287; x_wconf 89' lang='lat' dir='ltr'>modestius</span> <span class='ocrx_word' id='word_1_230' title='bbox 1205 4228 1340 4306; x_wconf 86' lang='lat' dir='ltr'>deinceps</span> <span class='ocrx_word' id='word_1_231' title='bbox 1359 4250 1392 4288; x_wconf 86' lang='lat' dir='ltr'>ac</span> <span class='ocrx_word' id='word_1_232' title='bbox 1411 4231 1479 4288; x_wconf 91' lang='lat' dir='ltr'>sub·</span> <span class='ocrx_word' id='word_1_233' title='bbox 1489 4255 1531 4311; x_wconf 78' lang='lat'>30</span> 
     </span>
     <span class='ocr_line' id='line_1_32' title="bbox 425 4303 1482 4385; baseline 0.004 -22"><span class='ocrx_word' id='word_1_234' title='bbox 425 4303 497 4363; x_wconf 89' lang='lat' dir='ltr'>Non</span> <span class='ocrx_word' id='word_1_235' title='bbox 528 4304 581 4363; x_wconf 93' lang='lat' dir='ltr'>tibi</span> <span class='ocrx_word' id='word_1_236' title='bbox 617 4305 732 4364; x_wconf 82' lang='lat' dir='ltr'>videtur</span> <span class='ocrx_word' id='word_1_237' title='bbox 766 4308 907 4383; x_wconf 84' lang='lat' dir='ltr'>scripturo</span> <span class='ocrx_word' id='word_1_238' title='bbox 958 4308 1074 4366; x_wconf 90' lang='lat' dir='ltr'>missius</span> <span class='ocrx_word' id='word_1_239' title='bbox 1092 4328 1178 4385; x_wconf 88' lang='lat' dir='ltr'>agere</span> <span class='ocrx_word' id='word_1_240' title='bbox 1197 4308 1326 4376; x_wconf 84' lang='lat' dir='ltr'>deberet,</span> <span class='ocrx_word' id='word_1_241' title='bbox 1342 4321 1482 4385; x_wconf 84' lang='lat' dir='ltr'>tanquam</span> 
     </span>
     <span class='ocr_line' id='line_1_33' title="bbox 385 4385 1482 4466; baseline 0.006 -25"><span class='ocrx_word' id='word_1_242' title='bbox 385 4385 520 4442; x_wconf 84' lang='lat' dir='ltr'>universa</span> <span class='ocrx_word' id='word_1_243' title='bbox 534 4385 695 4462; x_wconf 85' lang='lat' dir='ltr'>prohibere,</span> <span class='ocrx_word' id='word_1_244' title='bbox 711 4405 748 4442; x_wconf 89' lang='lat' dir='ltr'>ne</span> <span class='ocrx_word' id='word_1_245' title='bbox 767 4389 908 4466; x_wconf 85' lang='lat' dir='ltr'>propheta</span> <span class='ocrx_word' id='word_1_246' title='bbox 959 4400 1068 4465; x_wconf 84' lang='lat' dir='ltr'>martyr</span> <span class='ocrx_word' id='word_1_247' title='bbox 1088 4408 1151 4446; x_wconf 89' lang='lat' dir='ltr'>sese</span> <span class='ocrx_word' id='word_1_248' title='bbox 1171 4389 1303 4453; x_wconf 81' lang='lat' dir='ltr'>efferens,</span> <span class='ocrx_word' id='word_1_249' title='bbox 1325 4410 1412 4447; x_wconf 88' lang='lat' dir='ltr'>ausus</span> <span class='ocrx_word' id='word_1_250' title='bbox 1437 4401 1482 4448; x_wconf 88' lang='lat' dir='ltr'>est</span> 
     </span>
     <span class='ocr_line' id='line_1_34' title="bbox 386 4466 1483 4547; baseline 0.001 -27"><span class='ocrx_word' id='word_1_251' title='bbox 386 4483 506 4521; x_wconf 85' lang='lat' dir='ltr'>munera</span> <span class='ocrx_word' id='word_1_252' title='bbox 533 4477 563 4522; x_wconf 84' lang='lat' dir='ltr'>et</span> <span class='ocrx_word' id='word_1_253' title='bbox 595 4466 732 4543; x_wconf 86' lang='lat' dir='ltr'>pecunias</span> <span class='ocrx_word' id='word_1_254' title='bbox 763 4469 906 4545; x_wconf 86' lang='lat' dir='ltr'>occipiat?</span> <span class='ocrx_word' id='word_1_255' title='bbox 959 4468 1093 4546; x_wconf 81' lang='lat' dir='ltr'>exemplo</span> <span class='ocrx_word' id='word_1_256' title='bbox 1117 4467 1240 4545; x_wconf 85' lang='lat' dir='ltr'>apostoli</span> <span class='ocrx_word' id='word_1_257' title='bbox 1265 4470 1426 4547; x_wconf 85' lang='lat' dir='ltr'>conscripta</span> <span class='ocrx_word' id='word_1_258' title='bbox 1451 4489 1483 4527; x_wconf 89' lang='lat' dir='ltr'>e.</span> 
     </span>
     <span class='ocr_line' id='line_1_35' title="bbox 386 4543 1481 4625; baseline 0.006 -27"><span class='ocrx_word' id='word_1_259' title='bbox 386 4543 461 4599; x_wconf 88' lang='lat' dir='ltr'>Cum</span> <span class='ocrx_word' id='word_1_260' title='bbox 473 4544 562 4619; x_wconf 82' lang='lat' dir='ltr'>igitur</span> <span class='ocrx_word' id='word_1_261' title='bbox 573 4545 685 4603; x_wconf 83' lang='lat' dir='ltr'>videam</span> <span class='ocrx_word' id='word_1_262' title='bbox 699 4548 906 4623; x_wconf 84' lang='lat' dir='ltr'>prophetissam</span> <span class='ocrx_word' id='word_1_263' title='bbox 959 4547 1064 4625; x_wconf 90' lang='lat' dir='ltr'>pistola</span> <span class='ocrx_word' id='word_1_264' title='bbox 1096 4547 1245 4612; x_wconf 84' lang='lat' dir='ltr'>catholico,</span> <span class='ocrx_word' id='word_1_265' title='bbox 1277 4568 1326 4605; x_wconf 88' lang='lat' dir='ltr'>eos</span> <span class='ocrx_word' id='word_1_266' title='bbox 1362 4548 1481 4624; x_wconf 89' lang='lat' dir='ltr'>quidem</span> 
     </span>
     <span class='ocr_line' id='line_1_36' title="bbox 385 4627 1529 4706; baseline 0.006 -28"><span class='ocrx_word' id='word_1_267' title='bbox 385 4641 488 4678; x_wconf 87' lang='lat' dir='ltr'>aurum</span> <span class='ocrx_word' id='word_1_268' title='bbox 513 4634 543 4679; x_wconf 88' lang='lat' dir='ltr'>et</span> <span class='ocrx_word' id='word_1_269' title='bbox 567 4636 729 4700; x_wconf 86' lang='lat' dir='ltr'>argentum.</span> <span class='ocrx_word' id='word_1_270' title='bbox 755 4639 906 4703; x_wconf 85' lang='lat' dir='ltr'>vestesque</span> <span class='ocrx_word' id='word_1_271' title='bbox 957 4628 1007 4704; x_wconf 90' lang='lat' dir='ltr'>qui</span> <span class='ocrx_word' id='word_1_272' title='bbox 1033 4627 1176 4686; x_wconf 83' lang='lat' dir='ltr'>fideliores</span> <span class='ocrx_word' id='word_1_273' title='bbox 1206 4628 1269 4705; x_wconf 91' lang='lat' dir='ltr'>ipso</span> <span class='ocrx_word' id='word_1_274' title='bbox 1296 4630 1506 4704; x_wconf 82' lang='lat' dir='ltr'>exstiterant,3</span> <span class='ocrx_word' id='word_1_275' title='bbox 1512 4650 1529 4706; x_wconf 83' lang='lat'>5</span> 
     </span>
     <span class='ocr_line' id='line_1_37' title="bbox 385 4700 1481 4782; baseline 0.006 -25"><span class='ocrx_word' id='word_1_276' title='bbox 385 4700 525 4782; x_wconf 87' lang='lat' dir='ltr'>pretiosas</span> <span class='ocrx_word' id='word_1_277' title='bbox 534 4704 836 4780; x_wconf 82' lang='lat' dir='ltr'>aocepisse‚quomodo</span> <span class='ocrx_word' id='word_1_278' title='bbox 844 4728 907 4765; x_wconf 88' lang='lat' dir='ltr'>eam</span> <span class='ocrx_word' id='word_1_279' title='bbox 957 4708 1130 4778; x_wconf 88' lang='lat' dir='ltr'>instituere;</span> <span class='ocrx_word' id='word_1_280' title='bbox 1153 4727 1234 4765; x_wconf 81' lang='lat' dir='ltr'>novae</span> <span class='ocrx_word' id='word_1_281' title='bbox 1253 4718 1350 4766; x_wconf 88' lang='lat' dir='ltr'>autem</span> <span class='ocrx_word' id='word_1_282' title='bbox 1372 4708 1481 4765; x_wconf 90' lang='lat' dir='ltr'>doctri.</span> 
     </span>
    </p>
   </div>
   <div class='ocr_carea' id='block_1_7' title="bbox 0 0 1936 5650">
    <p class='ocr_par' dir='ltr' id='par_1_8' title="bbox 0 0 1936 5650">
     <span class='ocr_line' id='line_1_38' title="bbox 0 0 1936 5650; baseline 0 0"><span class='ocrx_word' id='word_1_283' title='bbox 0 0 1936 5650; x_wconf 95' lang='lat' dir='ltr'> </span> 
     </span>
    </p>
   </div>
  </div>
 </body>
</html>
