3809 5650
840 662 1040 726 MELITO.
1429 667 1488 729 121

387 828 445 904 καὶ
464 828 488 925 ἦ
506 830 616 911 κλείς·
646 832 704 906 καὶ
723 827 769 906 τὰ
787 834 867 934 περὶ
885 841 948 911 τοῦ
974 832 1157 930 διαβόλου,
1177 839 1236 915 καὶ
1259 840 1323 932 τῆς
1348 838 1486 916 ἀποκα-

386 959 535 1063 λύψεως
552 959 730 1043 Ἰωάννου.
757 966 815 1041 καὶ
834 967 854 1043 ὁ
876 969 957 1068 περὶ
981 966 1190 1060 ε’νσωμάτου
1209 975 1317 1049 Θεοῦ.
1346 987 1396 1050 ἐπὶ
1414 990 1490 1054 πᾶσι

386 1109 434 1172 καὶ
446 1109 479 1172 τδ
493 1113 567 1196 πρὸς
580 1101 774 1178 Ἀνπωνῖνον
785 1102 980 1196 βιβλίδιον.

386 1300 422 1357 do
445 1299 580 1365 Diabolo.
604 1315 634 1360 ot
659 1304 695 1362 de
721 1307 910 1368 Revelotione
961 1324 1006 1369 est
1051 1310 1167 1369 libellus
1205 1310 1243 1368 od
1277 1312 1487 1389 Imperatorem

349 1379 518 1449 .5J0annis.
551 1381 598 1438 De
621 1387 761 1462 corporali
788 1390 853 1446 Deo
874 1390 909 1447 li·
961 1391 1155 1451 Antoninum.

384 1458 436 1517 ber
459 1479 543 1517 unus.
587 1460 755 1525 Postremus
779 1468 908 1527 omnium

757 1692 1114 1732 -ῳ-

779 1861 822 1902 ltx
839 1861 942 1904 muno
958 1862 1088 1905 TERTIO

561 1997 704 2056 OPERIS
726 2001 779 2057 DE
800 2001 1117 2060 INCARNATIONE
1138 2003 1300 2061 CHRISTI

616 2149 818 2205 ADVERSUS
838 2151 1076 2207 MARCIONEM
1096 2152 1243 2208 SCRIPPI

337 2295 372 2334 ¹0
437 2271 598 2367 Οὐδεμία
623 2270 760 2374 ἀνάγκη
789 2282 862 2357 τοῖς
892 2284 975 2355 νοῦν
1002 2274 1157 2379 ἔχουσιν,
1184 2275 1228 2380 ἐξ
1248 2271 1299 2355 ὧν
1325 2273 1416 2372 μετὰ
1438 2273 1481 2355 τὸ

379 2400 572 2500 βάπτισμα
597 2406 617 2482 ὁ
643 2405 804 2506 Χριστὸς
830 2408 972 2514 ἔπραξε,
991 2416 1174 2514 παριστᾷν
1201 2408 1242 2488 τῦ
1271 2407 1403 2508 ἀληθὲς
1421 2415 1481 2489 καὶ
1563 2390 1580 2413 ⁶

379 2537 615 2640 ἀφανταστῦν
632 2543 696 2638 τῆς
1321 2546 1384 2640 τῆς
1400 2543 1479 2621 καθ’

378 2670 471 2767 ἡμᾶς
488 2674 712 2774 ἀνθρωπίνης
737 2675 894 2778 φύσεως.
926 2674 972 2753 τὰ
997 2675 1069 2777 γὰρ
1092 2674 1183 2774 μετὰ
1205 2674 1247 2754 τῦ
1275 2674 1480 2773 βάπτισμα,

378 2819 473 2900 &nstv
491 2821 637 2895 (Melito),
656 2805 725 2889 ὑπὸ
744 2813 909 2910 Χριστοῦ
934 2809 1150 2913 πραχθέντα,
1169 2812 1227 2888 καὶ
1252 2805 1418 2907 μάλιστα
1434 2808 1481 2889 τῦ

334 2947 520 3037 ι5σημεῖα,
539 2941 604 3039 τὴν
630 2944 739 3021 αῦτοῦ
764 2942 1005 3044 κεκρυμμένην
1023 2945 1060 3021 ε’ν
1083 2946 1192 3044 σαρκὶ
1219 2942 1383 3040 Θείντητα
1401 2944 1480 3041 ε’δη-

377 3081 476 3168 λοῦν,
495 3078 554 3153 καὶ
572 3077 784 3154 ἐπιστοῦντο
802 3081 854 3181 τῷ
873 3076 1012 3181 κόσμιρ.
1054 3073 1146 3158 Θεὸς
1172 3073 1243 3176 γὰρ
1262 3072 1312 3154 etv
1331 3076 1421 3172 ὁμοῦ
1439 3110 1479 3156 τε

376 3210 435 3285 καὶ
464 3208 652 3312 ἅνθρωπος
675 3209 808 3293 τέλειος
838 3212 859 3289 ὁ
887 3208 1003 3306 αῦτὸς,
1031 3206 1095 3292 τὰς
1124 3208 1187 3286 δύο
1215 3209 1324 3287 αὐτοῦ
1351 3210 1477 3293 οὐσίας

375 3341 605 3421 ἐπιστώσατο
624 3344 716 3441 ἡμῖν·
746 3340 812 3440 τὴν
829 3342 894 3440 μὲν
912 3343 1077 3440 Θείντητα
1095 3342 1203 3419 αὐτοῦ
1222 3338 1282 3418 διὰ
1305 3347 1378 3419 τῶν
1399 3376 1471 3441 ση-

374 3474 482 3567 μείων
500 3476 538 3553 ἒν
555 3479 600 3578 τῇ
618 3475 748 3580 τριετίᾳ
762 3479 807 3579 τῇ
823 3473 913 3569 μετὰ
928 3476 970 3553 τὸ
983 3473 1186 3573 βάπτισμα,
1200 3473 1266 3571 τὴν
1283 3472 1322 3553 δὲ
1339 3478 1476 3578 ἀνθρω-

328 3606 512 3705 αοπότητα
536 3610 655 3704 αὐτοῦ,
673 3609 710 3686 ἐν
735 3615 807 3690 τοῖς
832 3607 1022 3707 τριάκοντα
1047 3607 1187 3713 χρόνοις
1215 3617 1288 3692 τοῖς
1315 3609 1387 3710 πρὸ
1409 3617 1474 3688 τοῦ

721 3831 881 3908 Interprete
894 3830 962 3889 1Ιασ.
981 3831 1125 3887 Gretsero.

413 4032 481 4088 Non
521 4042 566 4089 est
607 4031 798 4088 necessarium
840 4032 895 4099 his,
946 4043 1024 4096 sunt,
1051 4031 1156 4106 inquit,
1182 4029 1306 4086 maxime
1335 4027 1473 4087 miraculo

371 4131 444 4188 quos
465 4111 539 4168 ratio
558 4131 615 4167 non
638 4111 727 4187 fugit,
749 4130 786 4168 ex
805 4113 895 4168 notio·
946 4111 1085 4168 latentem
1114 4109 1176 4184 ejus
1204 4107 1386 4165 divinitatem
1420 4127 1472 4184 po·

371 4191 457 4247 nibus
485 4190 594 4247 Christi
625 4202 691 4266 pont
719 4191 894 4267 baptismum
946 4191 1089 4247 tissimum
1141 4186 1251 4245 mundo
1302 4188 1471 4265 comproba-

324 4285 359 4344 25
370 4270 528 4335 adstruere,
553 4281 584 4328 et
608 4269 805 4327 demonstrare
832 4271 894 4326 nni·
946 4269 1015 4326 bont
1057 4279 1087 4325 et
1126 4266 1354 4325 confirmabant:
1404 4285 1469 4324 cnm

370 4368 423 4406 mae
445 4361 476 4407 et
494 4350 624 4427 corporis
646 4349 720 4423 ejus,
741 4357 773 4407 et
792 4348 894 4405 huma.
945 4346 1022 4405 enim
1037 4347 1113 4403 idem
1135 4346 1217 4402 Deus
1236 4343 1322 4402 simul
1339 4354 1370 4403 et
1384 4345 1471 4404 homo

369 4448 413 4486 nm
441 4441 553 4486 noturoe
581 4427 729 4486 nobiscum
757 4428 893 4485 conveni·
945 4427 1093 4503 perfectus
1121 4436 1206 4489 esset,
1245 4424 1317 4482 duos
1353 4436 1472 4483 natum

369 4509 454 4576 entis,
486 4509 647 4574 veritatem,
681 4520 711 4565 et
746 4508 783 4564 ab
814 4508 893 4564 omni
944 4526 1010 4563 suas
1044 4505 1127 4563 nobis
1161 4503 1319 4579 patefecit;
1363 4503 1469 4561 divini·

370 4586 486 4645 fictione
500 4588 702 4645 remotionem.
738 4588 814 4643 Nam
829 4606 894 4663 quae
944 4595 1033 4643 tatem
1050 4584 1167 4659 quidem
1187 4603 1238 4660 per
1261 4583 1398 4641 miraculo
1415 4584 1467 4640 tri-

320 4687 360 4742 30
371 4676 435 4743 post
450 4667 624 4744 baptismum
642 4684 659 4721 a
678 4665 796 4722 Christo
812 4678 894 4741 gesta
944 4666 1031 4721 ennio
1054 4663 1105 4720 illo
1128 4674 1193 4741 post
1218 4663 1394 4740 baptismum
1419 4681 1468 4738 pa·

413 4782 479 4824 VOL.
496 4784 516 4823 Ι.
973 4780 993 4818 Β
