3809 5650
503 709 727 775 EPISTOLA
751 709 1074 776 VIENNENSIUM
1099 710 1157 775 ΕΤ
1182 708 1320 775 LUGD.
1405 713 1470 775 305

370 875 442 956 ἀπὸ
461 881 563 957 τοῦδε
586 876 809 978 Χριστιανὴν
830 876 958 975 ἑαυτὸν
984 875 1172 978 ὡμολόγει,
1192 879 1251 955 Καὶ
1278 881 1328 983 Τῷ
1347 875 1470 983 Κλήρῳ

370 1016 443 1089 τῶν
460 1009 649 1112 μαρτύρων
667 1009 879 1111 προσετέθη.

426 1142 472 1240 η’.
506 1143 813 1245 Καταργηθέντων
832 1141 870 1221 δὲ
889 1150 963 1223 τῶν
981 1151 1198 1246 τυραννικῶν
1217 1145 1470 1246 κολαστηρίων

374 1277 442 1357 ὑπὸ
472 1285 536 1356 τοῦ
568 1283 734 1379 Χριστοῦ
767 1274 825 1356 διὰ
856 1282 920 1376 τῆς
957 1284 1031 1356 τῶν
1062 1278 1245 1379 μακαρίων
1282 1280 1473 1377 ὑπομονῆς,

347 1411 494 1511 5ἐτέρας
529 1408 693 1513 μηχανὰς
730 1412 750 1488 ὁ
788 1408 959 1505 διάβολος
995 1409 1137 1506 ἐπενόει,
1175 1409 1240 1493 τὰς
1276 1410 1367 1489 κατὰ
1407 1410 1474 1511 τὴν

375 1544 514 1647 εἱρκτὴν
532 1548 570 1623 ἐν
588 1551 639 1651 τῷ
658 1543 779 1623 σκότει
805 1547 863 1623 καὶ
890 1551 941 1651 τῷ
967 1546 1212 1652 χαλεπωτάτῳ
1238 1546 1358 1653 χωρίῳ
1384 1580 1478 1647 συγ-

376 1680 543 1764 κλείσεις·
586 1683 644 1759 καὶ
670 1679 736 1763 τὰς
762 1681 800 1758 ἐν
828 1686 879 1785 τῷ
906 1678 1008 1785 ξύλῳ
1036 1677 1217 1761 διατάσεις
1243 1686 1316 1758 τῶν
1343 1682 1477 1775 ποδῶν,

376 1815 434 1891 ε’πὶ
461 1811 625 1909 πέμπτον
652 1811 917 1909 διατεινομένων
945 1809 1124 1912 τρύπημα·
1163 1814 1222 1889 καὶ
1249 1809 1314 1894 τὰς
1345 1812 1477 1895 λοιπὰς

377 1948 501 2043 αἰκίας,
521 1944 612 2029 ὅσας
639 1944 808 2024 εἰώθασιν
836 1943 1054 2047 ὀργιζῖιμενοι
1079 1946 1260 2046 ὑπουργοὶ,
1284 1948 1342 2023 καὶ
1364 1953 1477 2023 ταῦτα

334 2078 550 2174 ιοδιαθόλον
574 2078 736 2181 πλήρεις,
755 2078 945 2158 διατιθέναι
964 2078 1046 2162 τοὺς
1070 2077 1351 2179 ἐγκλειομένοις·
1382 2075 1478 2157 ὥστε

377 2217 618 2314 ἀποπνιγῆναι
649 2211 731 2296 τοὺς
761 2215 958 2297 πλείστους
989 2215 1027 2292 ἐν
1056 2218 1103 2316 τῇ
1135 2219 1265 2316 εἱρκτῇ,
1296 2212 1406 2295 ὅσους
1434 2245 1478 2314 γε

379 2351 400 2426 ὁ
435 2347 568 2450 Κύριος
599 2349 711 2429 οὕτως
742 2347 902 2453 ἐξελθεῖν
938 2348 1128 2446 ἠθέλησεν,
1159 2347 1383 2428 ἐπιδεικνύων
1415 2347 1482 2446 τὴν

380 2484 490 2560 αὐτοῦ
516 2480 640 2587 δόξαν.
671 2486 704 2558 οὶ
728 2478 794 2577 μὲν
818 2480 890 2582 γὰρ
912 2479 1198 2571 βασανισθέντες
1222 2489 1367 2584 πικρῶς,
1385 2478 1481 2560 ὥστε

382 2619 496 2693 δοκεῖν
524 2612 612 2712 μηδὲ
640 2618 704 2711 τῆς
730 2612 854 2711 πάσης
882 2615 1068 2713 θεραπείας
1094 2612 1266 2716 τυχόντας
1296 2614 1347 2693 ἐτι
1372 2614 1485 2716 ζῆσαι

339 2747 569 2845 ι5δύνασθαι,
601 2748 799 2848 παρέμενον
836 2748 874 2825 ἐν
905 2751 950 2849 τῇ
983 2750 1115 2850 εἱρκτῇ·
1160 2745 1282 2848 ἐρημοι
1320 2744 1386 2844 μὲν
1418 2752 1483 2847 τῆς

384 2878 483 2983 παρὰ
520 2878 719 2982 ἀνθρώπων
750 2879 962 2977 ἐπιμελείας·
1007 2878 1313 2982 ἀναῤῥωννύμενοι
1346 2878 1384 2959 δέ
1417 2880 1487 2959 ὑπὸ

384 3027 448 3097 τοῦ
469 3018 603 3118 Κυρίου
629 3019 687 3095 καὶ
710 3014 1002 3112 ἐνδυναμούμενοι
1028 3016 1086 3092 καὶ
1110 3012 1253 3112 σῶματι
1282 3015 1340 3091 καὶ
1367 3017 1486 3120 ψυχῇ,

386 3154 443 3230 καὶ
480 3148 562 3233 τοὺς
598 3147 747 3232 λοιποὺς
778 3156 1031 3253 παρορμῶντες
1063 3152 1121 3228 καὶ
1158 3147 1483 3250 παραμυθούμενοι.

387 3448 495 3506 tianam
515 3466 545 3504 se
560 3466 622 3506 esse
636 3446 777 3517 confessa,
792 3447 823 3505 in
844 3467 912 3506 con·
963 3444 1171 3526 quamplurimi
1199 3445 1229 3503 in
1258 3467 1372 3507 carcere
1401 3448 1490 3506 suffo-

341 3551 378 3589 20
388 3527 509 3585 sortium
524 3537 685 3604 martyrum
700 3526 791 3586 relata
805 3538 860 3586 est.
965 3528 1021 3585 cati
1056 3526 1232 3597 interierint,
1269 3547 1343 3603 quos
1381 3527 1491 3587 scilicet

428 3607 457 3663 8.
479 3608 569 3664 Porro
583 3626 649 3663 cum
664 3606 799 3666 universa
813 3618 914 3685 tyran.
966 3607 1058 3674 Deus,
1073 3607 1124 3683 qui
1138 3626 1219 3664 suam
1232 3608 1264 3664 in
1278 3608 1414 3666 omnibus
1427 3607 1490 3685 glo·

388 3706 491 3744 norum
514 3695 659 3743 tormenta
680 3705 732 3763 per
753 3697 914 3765 martyrum
966 3687 1038 3745 riam
1052 3686 1190 3751 ostendit,
1201 3686 1255 3744 hoc
1269 3687 1371 3745 mortis
1385 3706 1492 3765 genere

389 3766 581 3825 constantiam
616 3785 633 3823 a
667 3765 786 3824 Christo
817 3775 915 3825 essent
966 3765 1087 3842 defungi
1098 3765 1239 3823 voluerat.
1270 3765 1332 3822 Alii
1347 3765 1490 3843 siquidem

388 3845 525 3903 hebetata
552 3865 585 3902 ac
611 3855 720 3911 retusa,
749 3845 819 3903 alias
851 3865 912 3903 ma·
965 3846 1016 3921 qui
1038 3844 1222 3902 acerbissime
1244 3845 1401 3902 excruciati
1425 3844 1491 3901 fue-

342 3925 489 4006 a5chinas
502 3924 644 3982 Diabolus
663 3925 857 4001 excogitavit:
881 3935 915 3982 ut
966 3935 1042 3989 rant,
1065 3925 1107 3981 ita
1136 3934 1169 3980 ut
1192 3943 1229 3980 ne
1252 3924 1349 3982 vivere
1373 3921 1491 3999 quidem

390 4003 499 4062 scilicet
513 4005 544 4061 in
558 4004 792 4061 obscurissimum
807 4023 840 4061 ac
853 4023 916 4060 mo.
967 4002 1080 4060 diutius
1095 4022 1179 4082 posse
1193 4002 1380 4060 crederentur
1390 4021 1493 4078 quam.

390 4083 577 4142 lestissimum
592 4083 714 4141 carceris
730 4081 826 4140 locum
846 4102 917 4139 con-
967 4082 1012 4139 vis
1035 4084 1115 4140 omni
1138 4082 1296 4139 curationis
1320 4101 1426 4158 genere
1446 4100 1493 4139 re-

388 4163 560 4238 jicerentur,
572 4172 664 4236 utque
677 4160 766 4239 pedes
781 4162 811 4218 in
825 4180 917 4218 nervo
968 4161 1089 4219 focillati
1103 4162 1248 4231 fuissent5
1272 4169 1494 4238 permanserunt

391 4242 428 4299 od
443 4243 580 4318 quintum
595 4260 688 4316 usque
707 4242 837 4300 foramen
857 4239 916 4297 dis·
968 4241 999 4298 in
1021 4241 1170 4300 custodia:
1198 4240 1348 4297 hominum
1375 4238 1492 4316 quidem

343 4347 381 4402 30
391 4333 490 4380 tensos
510 4321 660 4387 haberent,
676 4341 709 4378 ac
729 4320 842 4398 reliqua
860 4320 916 4378 hu·
968 4320 1079 4379 auxilio
1093 4320 1239 4385 destituti,
1250 4339 1350 4377 verum
1366 4319 1492 4376 roborati

389 4400 518 4477 jusmodi
533 4401 714 4458 cruciatuum
731 4420 839 4478 genera
852 4420 918 4478 per-
970 4402 1006 4459 ab
1020 4400 1086 4458 Deo
1100 4411 1130 4458 et
1145 4411 1203 4458 tam
1219 4399 1308 4457 animi
1329 4418 1416 4475 quam
1431 4418 1493 4456 aor-

392 4482 513 4545 ferrent,
533 4480 640 4557 quibus
660 4480 796 4546 ministri,
815 4490 919 4558 utpote
970 4480 1049 4559 poris
1063 4480 1162 4557 vigore
1176 4479 1281 4536 firmati
1290 4500 1300 4547 3
1314 4479 1366 4556 qui
1376 4477 1495 4554 quidem

392 4561 500 4619 infensi
528 4570 558 4619 et
586 4581 603 4617 a
628 4559 769 4619 Damone
793 4560 919 4628 incitati,
971 4559 1165 4619 accendebant
1186 4570 1298 4618 ceteros
1316 4568 1347 4617 et
1365 4557 1494 4616 consola-

392 4660 499 4699 vexare
531 4640 659 4699 inclusos
693 4651 918 4700 consueverunt.
971 4641 1087 4699 bantur.
1130 4639 1192 4697 Alii
1221 4658 1288 4697 vero
1311 4637 1418 4696 novelli
1444 4638 1496 4714 qui

346 4732 383 4790 35
394 4720 480 4779 Adeo
517 4731 552 4778 ut
590 4740 626 4779 ex
661 4741 763 4779 eorum
797 4739 919 4780 numero
970 4740 1070 4780 recens
1078 4719 1278 4799 comprehensi
1286 4719 1413 4787 fuerant,
1423 4736 1497 4794 quo-

438 4844 508 4887 VOL.
525 4845 544 4885 1.
1065 4846 1086 4885 B
1099 4843 1117 4885 1¹
