3809 5650
399 683 464 744 130
802 677 1159 742 ANNOTATIONES

397 845 475 912 Veri
505 849 616 912 Marco
642 847 785 911 oblatum
808 847 914 910 luisse.
961 846 1100 910 Proinde
1129 846 1161 909 in
1184 845 1314 910 Eusebii
1342 846 1505 910 Chronico

400 957 487 1014 recte
502 950 535 1012 id
550 949 688 1013 refertur
701 971 786 1012 anuo
807 969 853 1012 10.
871 949 974 1012 Marci
990 948 1168 1012 Antonini:
1191 970 1276 1012 anno
1293 947 1414 1012 scilicet
1429 955 1507 1032 post

397 1061 533 1115 mortem
549 1053 589 1114 L.
601 1051 684 1115 Veri.
738 1051 1034 1134 Ariminumque,
1051 1052 1135 1135 Imp.
1147 1050 1257 1114 Melia
1272 1050 1413 1114 Asioaaa
1427 1050 1506 1112 Sor-

396 1153 508 1216 dicnaia
522 1154 690 1238 Episcopus
704 1153 931 1238 Apolopctioum
941 1174 1002 1236 pro
1022 1152 1210 1216 Christiania
1231 1150 1373 1215 tradidit.
1418 1149 1504 1213 Cum

397 1254 527 1318 Eusebii
543 1255 698 1318 Chronico
714 1255 873 1318 consentit
887 1261 1001 1318 auctor
1016 1253 1164 1316 Chronici
1180 1250 1401 1316 Alexandrini.
1440 1250 1505 1331 Qui

397 1355 496 1419 etiam
517 1355 577 1418 hoc
599 1355 702 1431 addit,
728 1356 875 1419 Marcum
891 1355 1092 1419 Antoninum
1117 1354 1283 1418 Melitonis
1304 1353 1504 1435 aliorumque

398 1456 657 1521 Christianorum
679 1456 862 1520 antistitum
884 1456 1170 1541 supplicationibus
1191 1462 1381 1539 permotum,
1405 1452 1505 1537 scrip-

397 1556 476 1620 sisse
491 1557 673 1641 Epistolam
694 1556 736 1619 ad
760 1555 934 1619 Commune
958 1555 1058 1627 Asiae,
1083 1577 1147 1638 qua
1169 1556 1301 1618 vetabat
1322 1553 1451 1637 nequis
1471 1553 1505 1614 in

398 1665 561 1743 posterum
575 1657 774 1721 Christianos
788 1657 949 1742 religionis
964 1679 1030 1721 suae
1046 1679 1143 1721 causa
1158 1656 1414 1720 calumniaretur.
1438 1653 1505 1717 Ex·

397 1768 465 1825 stat
478 1760 547 1824 boeo
562 1759 712 1844 Epistola
726 1781 823 1842 supra
838 1759 870 1821 in
883 1781 951 1843 cap.
972 1778 1020 1842 ¹3·
1036 1758 1132 1843 hujus
1147 1759 1229 1823 libri.
1258 1759 1308 1822 Ao
1323 1758 1505 1822 laudandus

397 1862 593 1947 estquidam
612 1867 726 1924 auctor
747 1861 830 1924 illius
845 1860 1013 1936 Chroni0i3
1037 1861 1153 1946 quippe
1175 1861 1228 1946 qui
1250 1869 1338 1924 recte
1360 1859 1504 1922 animad-

392 1962 540 2039 uerterit,
555 1960 733 2046 Epistolam
753 1960 839 2024 illam
856 1983 920 2024 non
936 1961 1103 2024 Antonino
1120 1961 1191 2037 Pio,
1207 1966 1244 2024 ut
1261 1959 1419 2023 Eusebius
1436 1980 1504 2023 cre-

397 2065 532 2140 diderat,
558 2063 614 2126 sed
642 2064 756 2125 Marco
783 2062 890 2146 potius
913 2083 982 2124 esse
1011 2062 1225 2126 tribuendam.
1270 2061 1309 2124 In
1332 2083 1370 2124 eo
1394 2070 1504 2125 tamen

397 2164 526 2239 fallitur,
544 2163 629 2246 quod
644 2164 777 2226 eandem
794 2163 972 2247 Epistolam
986 2185 1071 2226 anno
1094 2163 1217 2226 decimo
1237 2161 1436 2248 principatus
1453 2162 1504 2224 M.

398 2263 553 2328 Antonini
575 2263 727 2348 scriptam
749 2286 818 2328 esse
840 2264 1045 2329 existimavit.
1094 2265 1222 2350 Scripta
1244 2272 1295 2328 est
1317 2264 1402 2328 enim
1418 2284 1504 2326 anno

397 2365 501 2448 primo
509 2364 578 2447 ejus
589 2365 730 2449 imperii,
745 2373 782 2430 ut
797 2366 957 2452 colligitur
971 2387 1010 2430 ex
1025 2388 1110 2430 anno
1125 2384 1175 2451 15.
1191 2364 1382 2429 Tribuniciae
1397 2371 1505 2449 potes-

396 2465 475 2529 tatis
489 2465 521 2528 in
532 2467 645 2530 eadem
656 2467 802 2551 Epistola
816 2476 1006 2551 praenotato.
1023 2468 1188 2531 quaarus.
1217 2466 1250 2530 Si
1268 2464 1505 2529 eruditissimus

399 2566 547 2630 Valesius
568 2567 854 2645 animadvertisset,
873 2569 1056 2634 Armeniaci
1077 2591 1193 2633 nomen
1208 2568 1332 2640 Marco,
1353 2567 1430 2629 dum
1445 2565 1504 2630 tri-

397 2667 555 2732 bunitiam
563 2677 758 2754 potestatem
769 2693 819 2733 xv.
831 2686 966 2755 gereret,
976 2671 1088 2736 datum
1098 2692 1160 2733 non
1172 2669 1280 2747 fuisse,
1290 2666 1505 2732 intellexisset

398 2780 561 2834 auctorem
577 2767 726 2836 Chronici
741 2770 950 2836 Alexandrini
970 2794 1041 2838 eam
1060 2771 1230 2857 epistolam
1246 2791 1331 2835 anuo
1355 2790 1412 2833 suo
1433 2767 1508 2831 red·

398 2872 526 2946 didisse,
542 2873 576 2935 in
590 2894 691 2957 eoque
710 2881 840 2938 tantum
855 2896 1015 2959 peccasse,
1032 2874 1118 2958 qnod
1140 2893 1306 2936 numerum
1328 2868 1506 2934 tribunitiae

398 2975 570 3058 potestatis
597 2996 649 3039 xv.
680 2997 810 3060 prorsus
846 2976 1033 3039 mendosum
1071 2974 1251 3039 retinuerit.
1319 2972 1508 3057 Legendum

399 3075 525 3138 videtur
550 3073 584 3137 τὸ
610 3078 709 3155 τρίτον
735 3078 783 3140 καὶ
810 3075 957 3153 εἰκοστὸν,
981 3076 1015 3138 id
1042 3083 1103 3150 est,
1129 3074 1306 3138 tribunitiae
1333 3071 1509 3157 potestatis

400 3196 500 3238 xxni.
515 3178 592 3238 Act.
611 3176 697 3259 Papi
714 3177 793 3239 Oria
808 3178 843 3239 ia
858 3178 994 3241 Baroaii
1008 3177 1148 3241 Annales
1166 3177 1208 3239 ad
1228 3198 1280 3239 au.
1300 3193 1370 3259 152.
1388 3174 1510 3238 allatus

397 3300 419 3340 a
434 3277 620 3340 Raxmucro.
666 3277 810 3340 Valesius
829 3278 862 3340 in
874 3278 1049 3341 Emendat.
1064 3278 1118 3340 lib.
1135 3277 1180 3341 iii.
1195 3299 1266 3361 cap.
1282 3275 1347 3339 xiii.
1363 3295 1435 3359 pag.
1453 3295 1507 3359 94.

398 3377 509 3441 laudat
538 3377 622 3440 hunc
646 3376 812 3441 Melitonis
841 3377 954 3456 locum,
986 3378 1019 3441 in
1044 3400 1145 3462 eoquo
1168 3377 1304 3441 miratur
1327 3375 1507 3460 elegantem

399 3478 584 3541 Graecorum
605 3478 798 3562 adprecandi
820 3479 998 3556 formulam,
1018 3478 1162 3543 'Errare
1184 3480 1232 3542 καὶ
1253 3482 1310 3556 εἴη,
1327 3485 1364 3541 ut
1380 3473 1509 3541 Latinis

398 3588 439 3642 ost
460 3578 528 3655 tibi,
549 3580 666 3663 aitque.-
690 3580 774 3663 quod
797 3580 919 3664 aliquot
942 3580 1111 3645 confirmat
1134 3579 1295 3665 exemplis.
1341 3580 1507 3643 Gxxnsun.

401 3679 462 3760 Qui
485 3680 518 3742 in
544 3681 679 3744 Petram
702 3680 897 3746 Bibliotheca
920 3705 986 3747 suae
1016 3689 1105 3746 tomo
1135 3682 1238 3767 primo
1265 3702 1338 3765 pag.
1355 3682 1417 3761 677
1443 3682 1505 3743 &a

401 3782 567 3847 Melitonis
587 3785 784 3869 Fragmenta
804 3792 878 3869 post
897 3784 1098 3849 Halloixium
1120 3783 1248 3869 posuit;
1276 3783 1344 3847 haeo
1363 3781 1508 3845 Grabius

400 3886 488 3950 haud
503 3885 615 3951 edidit.

444 3989 481 4051 P.
503 4008 572 4069 117.
587 3988 608 4051 l.
624 4008 658 4067 4.
681 3993 732 4067 τῆς
751 3992 914 4067 βασιλείας
931 3990 985 4067 τὴν
1005 3988 1186 4072 σύντροφον]
1210 3991 1245 4073 τῇ
1266 3986 1411 4068 βασιλείᾳ
1433 3985 1508 4048 σύν-

400 4100 513 4172 τροφον
530 4091 696 4175 Olristcpl.
721 4091 854 4154 Sraorn.

444 4192 614 4257 Ι1)ἰ(1.1.6.
637 4191 711 4273 πρὸς
736 4190 866 4275 ἀγαθοῦ]
890 4188 948 4270 πρὸ
975 4193 1025 4270 ἀγ.
1052 4188 1098 4252 ed.
1120 4188 1226 4273 Stcplr.
1260 4186 1370 4251 Lectio
1393 4191 1507 4248 nostra

399 4301 490 4357 extat
513 4294 545 4356 in
563 4294 732 4378 christoph.
749 4292 877 4377 Nioepl.
893 4291 940 4355 ed.
968 4290 1090 4354 Valerii.
1123 4289 1243 4352 Verbis
1266 4288 1303 4367 ἣν
1319 4288 1368 4351 καὶ
1388 4289 1417 4349 oi
1431 4287 1507 4366 πρό-

399 4396 487 4475 γονοί
501 4419 557 4457 σου
568 4397 623 4457 &a
639 4394 799 4478 designari
814 4392 933 4457 Tiberii
949 4383 1114 4455 consilium
1126 4391 1159 4453 in
1172 4390 1301 4454 Christo
1316 4389 1401 4450 inter
1417 4386 1506 4449 Deos

398 4495 572 4571 referendo,
598 4504 655 4559 aut
677 4495 797 4580 templa
819 4518 858 4559 ex
884 4493 1020 4557 Adriani
1045 4492 1196 4556 instituto
1221 4492 1288 4554 sine
1315 4488 1506 4572 imaginibus

398 4594 553 4659 collocata
577 4595 704 4677 conjicit
732 4595 786 4657 W.
809 4594 986 4658 Lowtbius.
1033 4594 1114 4657 lllud
1145 4593 1222 4655 inihi
1254 4592 1380 4677 quidem
1411 4612 1502 4653 voro-

398 4695 537 4760 similius.
563 4696 697 4759 Srncrn.
743 4696 802 4759 Ait
821 4695 1019 4759 Moshcmius
1037 4696 1070 4758 in
1086 4695 1214 4757 Diam.
1233 4695 1281 4756 Dc
1297 4691 1411 4756 Studio
1425 4692 1503 4755 Etl-
