3809 5650
529 697 579 761 IN
601 697 866 764 FRAGMENT.
888 697 1074 762 INOERTI
1098 696 1370 763 SCRIPTORIS.
1432 698 1497 762 427

399 873 583 947 sequuntur.
607 865 726 929 Confer
735 865 899 929 Philostrii
909 866 1025 944 locum,
1036 887 1130 950 quem
1141 888 1238 951 supra
1248 865 1366 929 adduxi
1378 888 1410 949 p.
1421 885 1496 949 419.

400 964 486 1042 Quot
501 986 575 1027 vero
590 966 761 1049 scriptores
774 965 852 1029 (laio
867 966 1054 1050 presbytero
1069 974 1126 1029 aut
1141 967 1341 1040 vetustiores,
1357 972 1416 1028 aut
1436 965 1497 1027 sal-

398 1071 465 1127 tem
488 1066 628 1149 ejusdem
649 1068 767 1142 aetatis,
786 1067 902 1131 librum
922 1067 1188 1151 Apoealyptioum
1209 1066 1346 1151 amplexi
1368 1065 1497 1143 luerint,

399 1164 466 1226 dixi
481 1166 523 1228 ad
538 1166 611 1229 (lan
626 1166 822 1251 Fragmenta
836 1188 867 1231 n.
881 1185 951 1231 121.
962 1167 1022 1229 vol.
1032 1167 1064 1229 ii.
1075 1187 1209 1250 quorum
1224 1174 1258 1230 et
1272 1166 1400 1228 nomina
1414 1185 1497 1227 nune

398 1286 578 1347 apponnm;
603 1274 851 1331 commemorato
874 1267 968 1330 simul
989 1267 1120 1349 hujusoe
1140 1265 1327 1351 Fragmenti
1343 1267 1496 1341 Anotera,

399 1364 454 1446 qui
469 1365 501 1426 in
517 1367 731 1449 superioribus
741 1367 866 1431 videtur
879 1368 996 1430 librum
1011 1366 1043 1429 in
1058 1387 1210 1430 annonem
1221 1365 1395 1429 admisisse.
1433 1365 1497 1427 Sed

400 1463 488 1546 prius
502 1464 535 1526 id
550 1466 740 1528 monendum
755 1475 816 1543 est,
829 1467 897 1549 jam
911 1466 1101 1529 luoulentins
1115 1486 1212 1548 quam
1227 1473 1323 1529 antea
1342 1465 1497 1528 indicasse

400 1562 502 1625 virum
527 1565 687 1628 eruditum
710 1565 744 1628 J.
759 1566 794 1630 0.
816 1566 951 1649 Knight,
973 1564 1102 1649 Ignatio
1126 1571 1236 1627 notam
1258 1563 1403 1627 extitisse
1425 1583 1498 1626 oum

400 1664 631 1746 approbatione
648 1665 680 1728 S.
696 1665 720 1728 J
721 1667 833 1729 oannis
847 1665 1067 1749 Apoealypsis.
1112 1665 1238 1727 Addito
1261 1684 1337 1747 ergo
1356 1662 1496 1748 Ignatio,

400 1764 583 1826 nominandi
598 1765 631 1826 in
645 1765 705 1828 hae
724 1787 759 1828 re
779 1773 863 1840 sunt,
881 1765 1009 1848 Papias,
1025 1765 1049 1826 J
1051 1765 1175 1828 ustinus
1190 1764 1239 1827 M.
1257 1764 1389 1827 Fratres
1407 1763 1498 1826 Vien-

400 1882 513 1926 nenses
536 1872 570 1928 et
589 1867 819 1950 Lugdunenses
842 1887 913 1929 oum
928 1866 1062 1940 Irenaeo,
1079 1865 1204 1940 Melite,
1221 1862 1414 1947 Theophilus
1429 1867 1498 1925 An-

399 1961 574 2040 tioohenns,
598 1967 796 2050 Apollonius,
816 1965 1022 2050 Hippolytus,
1043 1965 1268 2041 Tertullianus,
1292 1963 1498 2047 Clemensque

307 2105 309 2109 ψ
401 2062 657 2140 Alexandrinus;
697 2088 791 2152 quem
821 2067 947 2150 quidem
977 2067 1165 2151 scriptorem
1194 2065 1215 2128 J
1218 2064 1313 2128 oanni
1341 2063 1498 2147 apostolo,

399 2183 463 2225 non
478 2164 532 2228 alii
546 2165 570 2228 J
572 2167 677 2242 oanni,
688 2166 903 2249 Apocalypsim
913 2167 1108 2243 attribuisse,
1118 2167 1285 2245 ostendere
1300 2163 1447 2228 convenit
1458 2185 1498 2226 ex

400 2265 576 2330 Clementis
595 2268 757 2352 opusculo,
772 2269 856 2350 quod
876 2267 1064 2352 inscriptum
1083 2275 1143 2345 est,
1162 2267 1236 2346 Quis
1254 2266 1337 2329 diosa
1355 2263 1497 2328 miretur.

400 2364 480 2428 Gum
495 2367 578 2429 enim
593 2369 626 2430 in
641 2369 779 2431 sectione
793 2370 861 2451 ejus
876 2369 989 2432 ultima
1002 2368 1150 2443 refertur,
1161 2367 1185 2428 J
1186 2389 1320 2432 oannem
1335 2365 1499 2450 apostolum

399 2473 473 2549 post
495 2467 623 2550 tyranni
642 2468 764 2531 obitum
787 2489 804 2530 e
821 2467 938 2531 Patmo
960 2469 1063 2531 insula
1080 2468 1242 2551 Ephesum
1261 2467 1411 2538 rediisse;
1434 2487 1499 2529 me-

400 2574 506 2630 morat
521 2566 603 2630 hano
617 2568 718 2650 ipsam
737 2567 965 2650 relegationem
986 2589 1076 2632 suam
1091 2568 1292 2650 Apocalypsis
1310 2579 1424 2630 auotor
1442 2566 1465 2628 J
1466 2589 1499 2629 o-

398 2688 507 2741 annes,
528 2688 598 2751 oap.
618 2666 639 2729 i.
663 2687 775 2728 oomm.
799 2686 830 2747 9.
875 2667 967 2730 Alios
995 2667 1166 2750 seriptores
1191 2667 1306 2730 omitto
1331 2686 1430 2748 usque
1454 2666 1498 2729 ad

400 2767 589 2851 Dionysium
600 2765 862 2841 Alexandrinum,
875 2788 947 2830 eum
957 2768 1010 2852 qui
1025 2767 1211 2852 presbytero
1226 2767 1352 2851 quidem
1367 2765 1390 2827 J
1392 2765 1496 2843 oanni,

400 2854 632 2952 non'apostolo,
648 2869 763 2931 librum
778 2868 987 2945 attribuebat,
1003 2868 1120 2931 ibidem
1141 2877 1249 2931 tamen
1269 2888 1350 2950 opus
1371 2867 1431 2929 hoo
1452 2867 1499 2929 di-

401 2968 508 3031 vinum
528 2990 549 3032 a
567 2968 667 3031 saeris
686 2968 813 3030 minime
833 2968 1039 3051 abjudicans,
1063 2968 1126 3031 vid.
1142 2966 1197 3031 lib.
1211 2967 1251 3030 vi.
1270 2967 1357 3029 Hist.
1373 2963 1500 3028 Eusebii

399 3090 426 3131 o.
445 3089 495 3135 22.
511 3068 608 3131 immo
622 3090 697 3131 vero
712 3068 745 3131 in
759 3068 939 3151 fragmento
954 3066 1101 3152 Epistola
1115 3089 1180 3130 suae
1195 3067 1240 3130 ad
1255 3068 1497 3142 Hammonem,

399 3190 471 3252 quae
485 3169 653 3232 abeodem
669 3168 811 3230 Eusebio
826 3174 1043 3242 conservatur,
1057 3166 1111 3229 lib.
1128 3165 1181 3229 vii.
1197 3188 1226 3229 o.
1246 3186 1293 3229 ιο.
1309 3165 1407 3228 verba
1424 3165 1498 3227 inde

399 3268 535 3332 adduxit
560 3268 741 3352 Dionysius,
772 3274 937 3352 tamquam
966 3289 1007 3330 ex
1035 3266 1116 3330 libro
1144 3266 1329 3350 prophetico
1357 3272 1391 3328 et
1421 3269 1499 3328 Θεο·

399 3371 547 3453 πνεύστῳ.
581 3369 640 3431 Καὶ
662 3370 702 3453 τῷ
716 3367 840 3446 Ἰωάννῃ
864 3369 907 3445 δὲ,
922 3366 1027 3450 inquit
1049 3365 1111 3442 ille,
1130 3368 1237 3445 ὁμοίως
1259 3366 1500 3429 ἀποκαλύπτεται

399 3467 456 3531 &a

445 3569 482 3629 P.
498 3569 573 3651 396.
589 3567 609 3629 l.
629 3582 678 3646 17.
696 3569 863 3629 Pastorem
878 3587 951 3628 vero
966 3566 1145 3648 nuperrime
1165 3566 1361 3648 temporibus
1380 3563 1498 3627 nostris

402 3669 474 3750 δια]
493 3666 617 3730 Contra
636 3687 746 3729 eorum
766 3666 957 3750 opinionem,
973 3666 1026 3748 qui
1047 3676 1211 3729 auctorem
1232 3665 1304 3728 libri
1326 3663 1403 3728 dieti
1418 3666 1498 3726 Pas-

398 3768 473 3829 toris
496 3765 594 3828 velint
619 3764 775 3828 Hermam
798 3786 879 3840 esse,
898 3765 988 3849 eujus
1012 3765 1043 3827 S.
1061 3765 1180 3828 Paulus
1203 3763 1346 3827 meminit
1370 3762 1499 3845 matous

399 3868 462 3929 fine
476 3866 521 3928 od
532 3866 683 3927 Romame
697 3886 766 3948 oap.
783 3865 845 3928 xvi.
857 3886 969 3926 eornm.
986 3883 1035 3941 14.
1047 3872 1105 3926 aut
1119 3864 1232 3927 saltem
1243 3861 1498 3944 antiquissimum

398 3965 587 4048 scriptorem
602 3964 745 4047 quiante
761 3962 1017 4045 Hierosolymam
1037 3963 1176 4026 excisam
1190 3961 1316 4036 vixerit,
1332 3981 1498 4043 argumen-

399 4071 470 4127 tum
484 4063 577 4127 all'ert
591 4063 648 4126 oel.
665 4062 873 4136 Moshemius,
889 4062 922 4124 in
937 4062 991 4124 lib.
1008 4063 1056 4124 De
1066 4059 1165 4124 Bedese
1179 4060 1420 4124 Christianorum
1430 4068 1500 4122 oete

402 4166 556 4227 Cantent.
572 4164 623 4225 M.
640 4161 719 4225 Saeo.
737 4162 765 4223 l.
783 4162 812 4241 ξ.
828 4160 880 4222 liv.
897 4182 937 4223 ex
952 4159 1164 4224 vetustissimo
1177 4151 1331 4243 seriptbre
1344 4158 1500 4220 damian

399 4272 504 4326 contra
523 4261 715 4324 Marciorum
736 4260 949 4341 desumptum,
970 4258 1054 4341 quod
1077 4257 1204 4340 quidem
1226 4276 1354 4319 oarmen
1375 4256 1499 4318 Tertul-

400 4363 486 4426 liano
500 4361 671 4435 tribuitur;
693 4359 748 4423 ubi
763 4358 822 4421 sub
837 4359 892 4420 fin.
908 4358 961 4421 lib.
977 4358 1022 4420 iii.
1037 4359 1105 4421 haeo
1119 4363 1204 4432 sunt,

528 4461 662 4543 Jamque
675 4459 735 4522 loeo
748 4479 824 4521 nono
838 4457 1011 4520 cathedram
1025 4457 1152 4540 suscepit
1165 4455 1316 4540 Hypinus,

531 4562 607 4623 Post
619 4559 698 4623 lsmo
711 4556 820 4621 demde
835 4557 927 4634 Piae,
943 4556 1076 4620 Hermos
1090 4556 1141 4619 ossi
1150 4556 1408 4639 permisissem,

531 4661 693 4744 septuns
707 4659 831 4732 Pastor,
846 4656 921 4740 qaia
935 4656 1055 4720 tradita
1069 4652 1159 4719 verbo
1174 4653 1293 4717 nouas

911 4774 991 4838 312
