3809 5650
750 703 798 769 IN
823 703 1138 771 APOLLONIUM.
1439 704 1503 771 479

398 890 461 951 qua
476 874 617 955 pecunia
633 874 766 957 publicae
786 873 1052 949 recondebantur,
1067 881 1104 937 ut
1120 895 1159 937 ex
1179 873 1394 936 Demosthene
1410 872 1504 934 decet

401 970 647 1056 Harpocration.
694 973 757 1036 Sed
780 981 813 1035 et
835 973 867 1035 in
889 973 1036 1036 omnibus
1058 975 1184 1057 templis
1204 981 1275 1038 erat
1297 974 1503 1049 ὀπισθόδομος.

401 1069 507 1135 Varro
523 1074 554 1135 in
570 1074 623 1136 lib.
636 1073 675 1136 iv.
692 1074 731 1136 de
751 1073 860 1156 lingua
876 1072 1002 1136 Latina.
1034 1073 1110 1136 Ideo
1128 1075 1162 1136 ia
1186 1074 1304 1137 redibas
1322 1075 1418 1137 sacris
1437 1081 1506 1134 aare

399 1172 515 1248 cellam,
538 1172 590 1235 cti
611 1173 691 1236 aedes
713 1174 773 1235 Dei
799 1183 849 1248 eat,
876 1173 980 1235 Groect‘
1002 1172 1109 1235 dictum
1132 1172 1299 1254 τρόδομοιιι
1330 1173 1410 1257 qood
1425 1181 1505 1255 post,

400 1271 610 1350 ὀπισθόδομον.
657 1272 780 1335 Eadem
795 1273 893 1335 habet
910 1273 1026 1336 Pollux
1041 1272 1073 1334 in
1087 1273 1141 1335 lib.
1158 1273 1183 1333 Ι.
1216 1273 1281 1335 Hic
1297 1295 1370 1335 vere
1384 1268 1506 1334 ὀπισθό·

400 1376 489 1450 tepor
506 1395 564 1456 pre
585 1372 743 1436 tabulario
763 1373 910 1448 sumitur,
927 1396 982 1436 seu
1004 1394 1062 1455 pro
1077 1373 1146 1435 loeo
1167 1373 1199 1435 in
1215 1395 1277 1455 quo
1293 1373 1411 1436 tabulae
1429 1372 1507 1455 pub·

400 1472 468 1535 licae
490 1474 755 1546 asservabantur;
781 1495 843 1535 nen
866 1495 924 1556 pre
945 1472 1069 1548 aerario,
1087 1480 1123 1536 ut
1142 1472 1278 1535 sumitur
1297 1473 1383 1555 apud
1404 1473 1509 1534 Athe-

401 1571 533 1635 nienses.
580 1573 667 1634 Inlra
689 1571 830 1651 δημόσιον
852 1575 976 1654 ἀρχεῖον
998 1581 1090 1635 vocat
1113 1572 1311 1655 Apollonius.
1344 1573 1506 1634 Vauasms.

403 1671 521 1733 Itidem
541 1673 572 1734 in
593 1673 726 1756 epistola
749 1673 790 1734 ad
817 1671 896 1755 Imp.
919 1672 1068 1735 Marcum
1088 1672 1223 1747 Fronto,
1247 1673 1335 1756 cujus
1352 1673 1508 1755 Reliquiae

401 1779 512 1834 nestra
534 1773 659 1835 demum
682 1779 780 1835 aetote
802 1794 862 1855 ope
885 1772 943 1834 ccl.
966 1773 1048 1834 Maii
1073 1773 1272 1854 prodierunt,
1292 1773 1360 1836 haee
1384 1774 1507 1849 scribit,

402 1872 474 1933 elim
494 1883 666 1935 testamenta
688 1895 724 1934 ea
749 1873 872 1935 dceram
893 1873 1106 1935 munitissimis
1129 1872 1245 1934 adibas
1261 1872 1507 1956 proferebantur,

406 1979 464 2035 ant
473 1973 638 2035 tabulariis
650 1981 706 2036 ant
718 1973 839 2058 [luleia
851 1973 923 2054 (sor.
934 1973 1049 2051 thecis)
1061 1980 1119 2036 aut
1129 1972 1256 2047 archiis,
1264 1979 1333 2055 (seu
1345 1973 1506 2052 archivis)

408 2078 465 2134 aut
489 2072 727 2155 episthedemis.
748 2073 823 2136 edit.
847 2073 1003 2135 Niebuhr.
1029 2096 1060 2155 p.
1085 2089 1136 2156 73.
1183 2071 1288 2134 Abest
1312 2071 1465 2134 articulus
1488 2094 1509 2135 a

408 2174 481 2235 Ma
498 2174 637 2256 Norselc.
653 2174 864 2258 scribiturque
885 2174 916 2236 in
935 2174 996 2236 ced.
1014 2173 1112 2236 codice
1131 2171 1216 2252 λέγει
1230 2194 1288 2255 pre
1304 2173 1377 2253 ἔχει.
1419 2170 1509 2254 Ἔχει

406 2282 514 2336 autem
536 2277 666 2357 Itnfiaas
690 2276 821 2350 invenit,
847 2275 900 2358 qui
925 2274 1031 2350 vertit,
1045 2274 1098 2337 sed
1118 2281 1188 2336 ecta
1209 2272 1272 2335 dcc
1284 2272 1413 2356 publica
1433 2295 1510 2337 con-

405 2374 521 2452 tinent,
541 2377 600 2438 etsi
623 2377 725 2458 magis
746 2377 788 2437 ad
811 2376 936 2437 literam
963 2375 1123 2438 redditum
1148 2382 1242 2448 esset,
1264 2374 1317 2436 scd
1339 2383 1409 2436 acte
1427 2373 1508 2458 pad-

405 2473 465 2536 lico
474 2475 655 2557 posticulum
672 2475 823 2537 continet.
841 2475 913 2537 ἀλλ’
928 2476 945 2536 ὁ
962 2477 1062 2536 ὀτισθ.
1079 2474 1207 2556 ΝιόοῙιΙι.

450 2574 486 2635 P.
497 2579 570 2653 469.
586 2573 607 2634 l.
626 2593 671 2635 11.
694 2576 710 2635 ὁ
733 2573 970 2657 neomartyr-rei
990 2574 1140 2654 προφήτῃ]
1160 2573 1324 2638 Strothius
1345 2575 1471 2658 quidem
1491 2576 1510 2653 ἡ

404 2678 549 2753 προφῆτις
558 2681 592 2735 et
603 2678 637 2758 τῇ
647 2673 805 2753 προφήτιδι
816 2673 1044 2757 οτιΝἱοορΙιοιο,
1055 2675 1176 2755 Restm,
1189 2673 1511 2758 Cdrhtmrlorsenoque

405 2775 542 2859 reeepit;
568 2777 652 2858 quod
668 2775 716 2838 bis
732 2796 856 2859 queque
871 2775 946 2839 feeit
962 2774 1055 2850 inira,
1071 2775 1174 2838 neutri
1189 2774 1316 2838 lectioni
1331 2775 1375 2839 ibi
1385 2776 1511 2841 favente

404 2877 525 2957 Rufino,
552 2884 657 2939 tetum
680 2885 787 2939 autem
815 2876 916 2939 locum
945 2876 1114 2939 emittente
1140 2876 1323 2960 Niccplero.
1363 2880 1411 2940 At
1436 2899 1511 2940 vero

405 2999 467 3037 non
490 2984 617 3039 tantum
639 2975 764 3040 [desedit
778 2977 891 3039 cedices
910 2976 943 3037 in
964 2983 1015 3039 tot
1032 2975 1109 3037 locis
1129 2976 1315 3052 reclamant,
1331 2978 1387 3040 sed
1413 2979 1511 3041 etiam

405 3077 609 3159 Hieronymus
631 3077 884 3160 Niceptorasque
906 3075 980 3138 leet.
1004 3075 1139 3138 alteram
1162 3076 1258 3158 paulo
1283 3086 1356 3159 pest
1379 3084 1512 3142 tuentur

405 3199 435 3258 p.
451 3194 525 3259 471.
541 3178 594 3239 ubi
616 3178 739 3239 duobus
761 3175 793 3238 in
815 3176 892 3239 locis
913 3175 1048 3237 Rufinus
1068 3174 1195 3257 quidem
1208 3176 1428 3259 propter-issam
1454 3199 1511 3261 pro

401 3278 551 3362 propheta
575 3278 690 3361 posuit.
735 3276 799 3339 Res
825 3276 923 3360 igitur
952 3274 1000 3338 ita
1028 3296 1062 3337 se
1088 3274 1205 3338 habere
1234 3285 1353 3359 potest,
1383 3282 1420 3339 ut
1450 3277 1511 3360 sig-

408 3386 502 3441 natus
525 3379 567 3442 sit
593 3376 872 3462 pseudopropheta
895 3376 1081 3438 Montanus.
1147 3378 1229 3438 Haee
1255 3375 1329 3438 elim
1351 3376 1511 3441 adnotavi.

408 3479 453 3544 Et
469 3480 611 3562 quamvis
631 3500 714 3542 nunc
733 3478 827 3542 aliter
846 3477 947 3540 visum
967 3476 1064 3540 fuerit
1079 3477 1118 3540 de
1138 3477 1199 3541 hac
1218 3478 1354 3542 lectione
1369 3486 1512 3542 statuere

408 3580 664 3642 Zimmermanne
693 3586 727 3642 et
757 3577 969 3652 Heinicheno‚
999 3578 1054 3661 qui
1084 3577 1264 3641 Strothium
1296 3578 1396 3643 secuti
1426 3588 1512 3655 sunt,

408 3680 550 3745 Burtono
564 3689 673 3745 tamen
688 3688 812 3743 mutare
827 3678 994 3742 lectionem
1009 3678 1094 3742 haud
1109 3678 1238 3762 placuit.

453 3783 534 3846 lbid.
554 3782 575 3846 l.
590 3800 638 3862 17.
654 3784 723 3862 παρ’
738 3782 849 3866 αὐτοῖς]
865 3780 933 3860 παρ’
956 3781 1044 3842 αὐτοῦ
1064 3779 1111 3842 cd.
1127 3779 1228 3861 sapt.
1242 3778 1374 3840 Sanora.
1407 3778 1513 3842 Aliter

407 3884 498 3947 codd.
514 3906 632 3947 omnes.
679 3883 792 3947 Posuit
807 3882 906 3946 αὐτοῖς
921 3902 961 3943 ex
976 3880 1073 3943 MSto
1087 3900 1145 3941 suo
1160 3876 1302 3961 Scaliger
1320 3878 1352 3940 in
1367 3900 1467 3961 marg.

454 3986 490 4046 P.
503 4002 577 4066 470.
594 3986 614 4048 l.
628 4004 655 4048 2.
680 3985 838 4061 στήτωσον
859 3982 1008 4065 ἐντούτῳ]
1028 3980 1110 4043 Cum
1131 3979 1247 4043 MSStl
1266 4001 1376 4042 omnes
1394 3987 1513 4062 praeter

408 4086 492 4148 cedd.
515 4088 588 4170 Itcy.
612 4093 646 4148 et
671 4087 767 4147 Veact.
791 4082 964 4145 exhibeant
985 4081 1071 4144 istud
1092 4102 1150 4165 pro
1175 4081 1321 4164 ἐντούτῳ
1344 4080 1511 4158 στήτωσαν,

409 4187 522 4270 recipit
541 4187 626 4249 idem
645 4186 678 4247 in
698 4192 824 4248 textum
847 4190 939 4244 suum
959 4182 1133 4257 Burtonus‚
1158 4202 1252 4264 quem
1279 4202 1361 4243 nune
1385 4193 1513 4245 secutus

410 4309 489 4350 sum.
535 4287 654 4351 Itidem
674 4284 767 4369 paulo
788 4290 862 4367 pest
881 4304 952 4345 cum
968 4282 1112 4346 Burtono
1130 4284 1221 4360 ξύλου
1241 4303 1299 4366 pro
1320 4283 1442 4361 δένδρον
1466 4304 1513 4346 re-

412 4388 514 4472 posui,
529 4389 613 4471 quod
629 4387 716 4449 ceder
730 4392 858 4448 tantum
872 4384 986 4468 Recito
1000 4391 1033 4447 et
1048 4383 1237 4446 Perisicasah
1244 4384 1337 4466 prior
1347 4390 1512 4467 praestant.

412 4489 451 4550 ln
467 4496 602 4572 utraque
618 4511 652 4551 re
667 4488 811 4550 Burtone
826 4486 985 4549 consentit
1000 4487 1089 4549 rodco
1101 4484 1290 4559 Dradensir,
1305 4490 1388 4547 teste
1401 4485 1513 4548 Heini-

410 4590 511 4652 chcno
526 4590 559 4652 in
573 4590 784 4673 Supplemcoto
799 4590 964 4650 Noteram.

458 4692 539 4755 lbid.
557 4692 576 4754 l.
586 4711 616 4775 3.
630 4692 871 4771 διορισόσθωοον
880 4689 929 4751 ἐπὶ
943 4686 1067 4769 τούτοις]
1084 4684 1249 4749 Museulus
1264 4684 1370 4765 vertit,
1385 4697 1413 4751 ct
1427 4710 1516 4771 serpet·
