3809 5650
559 1264 621 1357 B.
665 1266 1143 1382 QUADRATUS.

739 1553 955 1584 4--

418 1752 455 1822 S.
473 1752 735 1839 Hmuouuuus,
753 1755 861 1829 Libro
878 1757 935 1830 Dc
962 1758 1057 1830 Viris
1073 1759 1286 1844 Iliensibus,

678 1913 754 1981 cap.
771 1892 845 1959 xix.
863 1914 942 1984 pag.
963 1896 1021 1961 84.

301 2021 630 2153 Qunnuuuus
646 2058 904 2151 Apostolorum
922 2058 1125 2150 usooipoloo
1144 2058 1272 2129 rostro
1285 2057 1402 2128 nouo.

300 2201 425 2248 narum
453 2179 628 2272 Episcopo
655 2182 701 2251 ob
732 2181 862 2250 Christi
893 2180 1000 2250 fidem
1028 2183 1196 2273 martyrio
1222 2190 1401 2263 coronato,

300 2301 363 2369 ⁸in
379 2301 496 2371 locum
514 2304 590 2394 ejus
608 2304 843 2384 substituitur,
861 2311 899 2372 ct
915 2302 1098 2372 ecclesiam
1125 2303 1249 2394 grandi
1267 2311 1401 2372 terrore

300 2425 491 2516 dispersam
518 2425 588 2495 fide
615 2434 652 2494 ct
669 2425 854 2495 industria
883 2447 947 2494 sua
976 2434 1177 2518 congregat.
1238 2425 1401 2515 Cumque

302 2546 504 2617 Hadrianus
521 2548 676 2618 Athenis
701 2550 877 2640 exegisset
902 2547 1070 2630 hiemem,
1088 2548 1242 2616 invisens
1265 2542 1402 2616 bEleu·

302 2671 387 2752 siua,
405 2678 442 2738 et
466 2671 628 2740 omnibus
653 2693 744 2762 pene
762 2669 907 2739 Graeciae
932 2670 1038 2738 sacris
1062 2669 1222 2739 initiatus
1247 2669 1402 2739 dedisset

302 2795 522 2865 occasionem
547 2793 611 2876 his,
638 2794 695 2885 qui
723 2792 941 2863 Christianos
971 2792 1129 2873 oderant,
1155 2792 1288 2884 absque
1317 2814 1403 2884 prae-

303 2925 407 3008 cepto
424 2917 645 3007 imperatoris
663 2938 791 2985 vexare
815 2915 1019 2984 credentes:
1046 2916 1203 3006 porrexit
1220 2916 1253 2983 ei
1271 2914 1401 2983 librum

303 3060 366 3128 pro
383 3035 552 3128 religione
569 3047 688 3107 nostra
706 3040 941 3129 compositum
961 3036 1063 3108 valde
1087 3037 1223 3117 utilem,
1242 3037 1404 3129 plenum·
1508 3134 1510 3137 Ι

304 3186 373 3255 que
398 3163 543 3231 rationis
568 3171 605 3231 et
631 3163 724 3244 fidei,
751 3172 789 3233 et
814 3163 1023 3255 Apostolica
1050 3163 1210 3232 doctrina
1235 3163 1402 3255 dignum:

303 3287 340 3355 in
358 3308 427 3377 quo
445 3294 482 3354 et
499 3286 748 3376 antiquitatem
769 3309 843 3355 suae
867 3287 980 3356 aetatis
1002 3286 1201 3366 ostendam,
1218 3286 1281 3365 ait,
1296 3284 1405 3376 pluri-

303 3430 380 3477 mos
403 3417 449 3476 ea
470 3430 508 3477 se
526 3408 627 3490 visos,
646 3410 705 3499 qui
731 3409 797 3478 sub
821 3408 978 3483 Domino
1002 3410 1105 3478 variis
1134 3409 1170 3477 in
1188 3408 1317 3478 Judaea
1342 3431 1405 3499 op-

305 3534 411 3623 pressi
442 3531 702 3601 calamitatibus
731 3533 843 3601 sanati
874 3533 1024 3613 buerant,
1055 3533 1178 3624 etqui
1207 3555 1228 3602 a
1256 3533 1405 3602 mortuis

306 3664 578 3725 resurrexerant.

346 3860 361 3891 ⁸
376 3849 522 3906 Eusebius
536 3848 573 3905 iv.
590 3848 669 3905 Hist.
688 3867 734 3921 23.
749 3868 784 3906 eu
801 3849 935 3927 Dionysii
948 3850 1093 3907 Corinthii
1111 3849 1245 3929 Epistola
1259 3849 1295 3906 ad
1310 3848 1405 3906 Athe-

307 3954 439 4010 ilienses:
468 3955 598 4024 llodpdrov
626 3956 654 4008 to*
681 3956 745 4022 μετὰ
771 3956 818 4008 τὸν
844 3955 1043 4026 μαρτυρήσαντα
1070 3955 1204 4010 Πούπλιον
1231 3955 1406 4008 καταστάντος

305 4061 389 4113 αὐτῶν
400 4059 560 4113 Ἐπισκότου
580 4060 711 4128 μέμνηται·
733 4060 767 4115 ὡς
783 4061 825 4113 διὰ
843 4062 888 4127 τῆς
904 4061 984 4113 αὐτοῦ
1000 4060 1116 4125 σπονδῆς
1130 4058 1352 4126 ἐπισυνοχθίντων
1366 4057 1407 4110 καὶ

305 4166 350 4231 τῆς
363 4166 476 4218 πίστεως
490 4163 686 4235 ἀναζωπύρησιν
699 4163 850 4233 εἰληχότων.
885 4160 1020 4218 Eundem
1035 4180 1097 4218 esse
1112 4158 1295 4229 Quadratum
1311 4157 1406 4215 Athe-

306 4266 433 4323 niensem
463 4265 630 4344 episcopum
660 4287 725 4324 cum
748 4266 899 4336 Quadrato
927 4267 977 4341 qui
1002 4266 1140 4323 Eleusine
1166 4265 1259 4320 vicina
1281 4262 1409 4320 Athenis

264 4420 268 4427 .
308 4368 459 4426 Hadriano
473 4369 632 4446 apologiam
649 4369 766 4437 obtulit,
779 4369 978 4447 Hieronymus
993 4380 1055 4426 tum
1071 4369 1126 4425 hoc
1140 4368 1213 4434 loco,
1229 4378 1291 4434 tupi
1309 4366 1407 4444 Epist.

308 4472 356 4544 84.
371 4472 407 4529 ad
424 4473 577 4550 Magnum,
593 4493 717 4549 eumque
739 4474 830 4531 secuti
847 4474 941 4531 Graeci
960 4493 991 4531 21
1012 4474 1093 4551 Sept.
1116 4484 1145 4530 et
1162 4472 1258 4528 Latini
1285 4473 1321 4528 26
1337 4472 1409 4529 Maii

307 4579 513 4637 consentiunt:
538 4578 621 4635 Licet
644 4578 712 4635 viris
733 4578 907 4636 doctissimis
923 4561 1057 4646 valesio,
1080 4576 1242 4645 Lemoinio‚
1267 4575 1408 4652 Dupinisu

307 4693 336 4738 et
352 4681 543 4740 Tillemontio
562 4681 599 4737 ob
619 4690 779 4774 temporum
798 4682 934 4749 rationes,
949 4681 999 4744 aed
1014 4680 1133 4738 minime
1148 4679 1309 4757 expeditas,
1324 4676 1410 4735 aliter
