3809 5650
765 709 1065 776 HEGESIPPUS.
1401 714 1467 783 209

362 884 422 964 διὰ
440 884 481 965 τὸ
500 888 553 964 dei
571 884 746 984 κάμπτειν
765 887 822 964 ἐπὶ
838 880 927 982 γόνυ
944 891 1218 984 προσκυνοῦντα
1230 888 1282 989 τῷ
1296 888 1391 989 θεῷ,
1408 887 1467 963 καὶ

361 1024 536 1097 αἰτεῖσθαι
554 1019 688 1125 ἄφεσιν
706 1024 758 1125 τῷ
777 1022 867 1123 λαῷ.
900 1013 959 1094 διὰ
976 1016 1073 1114 γε’τοι
1090 1012 1157 1114 τὴν
1176 1014 1382 1117 ὑπερβολὴν
1401 1020 1467 1115 τῆς

361 1151 586 1251 δικαιοσύνης
599 1154 718 1249 αῦτοῦ,
726 1155 886 1231 ἐκαλεῖτο
900 1150 1049 1232 Δίκαιος
1063 1151 1122 1228 καὶ
1131 1150 1296 1245 Ὠβλίας·
1328 1150 1348 1230 ὅ
1366 1152 1468 1231 εὀπιν

360 1288 577 1385 Ἑλληνιστὶ
590 1285 739 1389 περιοχὴ
749 1291 813 1364 τοῦ
825 1291 918 1363 λαοῦ
930 1285 989 1363 καὶ
999 1284 1270 1384 inumbraris
1281 1289 1314 1364 oi
1324 1288 1469 1390 προφῆ-

335 1446 421 1502 5ται
439 1424 591 1519 δηλοῦσι
604 1423 685 1522 περὶ
700 1420 820 1497 αὐτοῦ.
842 1450 933 1499 τινες
947 1415 1010 1494 οῦν
1022 1420 1095 1493 τῶν
1109 1414 1200 1495 ἑπτὰ
1212 1416 1385 1518 αἱρέσεων
1396 1423 1469 1496 τῶν

361 1554 400 1630 ἐν
424 1557 475 1659 τῷ
502 1558 591 1659 λαῷ,
610 1558 682 1632 τῶν
708 1549 1035 1654 προγεγραμμένων
1058 1581 1120 1645 μοι
1149 1549 1187 1625 ἐν
1211 1554 1286 1631 τοῖς
1311 1544 1470 1647 ὑπομνή-

362 1719 485 1782 μασιν,
518 1685 757 1766 ἐπυνθάνοντο
789 1686 908 1780 αάτοῦ,
939 1684 993 1765 τίς
1029 1682 1052 1781 ἡ
1084 1680 1177 1783 θύρα
1207 1689 1272 1760 τοῦ
1305 1683 1467 1781 Ἰησοῦ“·

364 1821 422 1896 καὶ
449 1818 551 1920 ἔλεγε
578 1828 706 1898 τοῦτον
733 1814 820 1897 εἶναι
848 1814 912 1895 τόν
940 1819 1104 1917 Σωτῆρα.
1135 1816 1180 1921 ἐξ
1205 1812 1255 1894 ὧν
1280 1815 1371 1899 τινὲς
1388 1817 1465 1896 ἐπί·

365 1987 535 2052 στευσαν,
553 1953 609 2034 ότι
628 1956 771 2054 Ἰησοῦς
789 1955 891 2033 ἐστὶν
909 1956 929 2033 ό
951 1949 1125 2056 Χριστός.
1150 1957 1188 2030 αὶ
1206 1950 1244 2031 δὲ
1262 1951 1416 2055 αἱρέσεις
1432 1956 1469 2031 αἱ

319 2089 623 2191 ιοπροειρημέναι,
642 2090 705 2169 οῦκ
723 2088 910 2169 ἐπίστευον
929 2088 1008 2166 οὔτε
1032 2083 1246 2183 ἀνάστασιν,
1265 2088 1345 2165 οὔτε
1363 2085 1469 2190 ἐρχό-

365 2259 472 2322 μενον
490 2228 684 2304 ἀποδοῦναι
709 2223 851 2330 ἑκάστῳ
869 2220 962 2302 κατὰ
989 2219 1036 2300 τὰ
1060 2222 1150 2324 ἔργα
1174 2221 1296 2300 αὐτοῦ.
1323 2220 1408 2300 όσοι
1429 2218 1470 2300 δὲ

366 2360 424 2436 καὶ
456 2356 685 2454 ἐπίστευσαν,
719 2354 778 2435 διὰ
807 2354 992 2450 Ἰάκωβον.
1024 2359 1177 2434 πολλῶν
1210 2354 1273 2435 οὖν
1303 2356 1361 2432 καὶ
1397 2359 1470 2436 τῶν

367 2488 551 2594 ἀρχόντων
575 2485 830 2586 πιστευόντων,
855 2487 901 2588 ἦν
926 2487 1080 2591 θόρυβος
1108 2493 1181 2566 τῶν
1209 2488 1390 2567 Ἰουδαίων
1413 2489 1472 2567 καὶ

367 2623 606 2726 γραμματέων
620 2626 678 2702 καὶ
693 2625 899 2727 φαρισαίων
912 2621 1103 2726 λεγόντων,
1121 2622 1177 2703 ότι
1194 2623 1383 2703 κινδυνεύει
1400 2629 1472 2707 πᾶν

322 2759 388 2858 155
419 2755 508 2841 λαὸς
533 2757 678 2856 Ἰησοῦν
705 2755 769 2836 τὸν
798 2755 964 2861 Χριστόν
989 2760 1212 2863 προσδοκᾷν.
1251 2756 1377 2859 ἔλεγον
1408 2757 1472 2837 οὖν

369 2889 606 2975 συνελθόντες
635 2897 686 2998 τῷ
715 2892 891 2998 Ἰακώβῳ·
927 2891 1217 2995 Παρακαλοῦμέν
1240 2918 1299 2969 σε·
1324 2893 1473 2995 ἐπισχετ

370 3023 433 3104 τόν
451 3023 552 3123 λαόν,
572 3027 648 3105 ἐπεὶ
664 3023 849 3125 ἐπλανήθη
868 3032 916 3109 εἰς
933 3027 1089 3125 Ἰησοῦν,
1105 3028 1153 3108 ὡς
1170 3024 1279 3104 αὐτοῦ
1294 3022 1396 3107 ὄντος
1407 3033 1472 3106 τοῦ

370 3183 568 3251 occallueriut,
582 3184 652 3242 dum
666 3184 781 3243 assidue
797 3184 893 3243 Deum
948 3186 1082 3243 futurum
1112 3183 1222 3242 Christi
1252 3183 1410 3242 adrentum
1438 3194 1473 3243 ut

371 3283 521 3328 venerans,
545 3273 575 3322 et
599 3284 652 3341 pro
677 3262 772 3323 salute
794 3264 896 3342 populi
949 3264 1108 3341 unicuique
1149 3283 1203 3342 pro
1243 3262 1356 3322 meritis
1396 3283 1472 3322 mer·

325 3354 440 3406 20rotu
463 3344 573 3401 faciens
597 3343 680 3400 humi
709 3353 896 3402 sterneretur.
950 3344 1048 3403 oedem
1064 3342 1360 3413 tribuat,oredebant.
1375 3342 1473 3414 Quot·

372 3424 428 3480 Hie
455 3443 525 3499 ergo
552 3423 590 3480 ob
621 3421 798 3500 singularem
832 3423 896 3499 jus·
949 3433 1023 3500 quot
1050 3443 1119 3482 vero
1146 3443 1183 3482 ex
1211 3422 1248 3480 iia
1274 3422 1472 3493 erediderunt,

371 3502 467 3560 titiam
489 3501 712 3579 cognominatus
731 3512 775 3560 est
793 3501 899 3561 Justus
948 3502 1052 3562 Jueobi
1100 3523 1118 3560 ο
1156 3523 1188 3561 ra
1235 3522 1268 3561 ac
1312 3503 1473 3562 ministerio

370 3594 400 3640 et
425 3581 538 3648 Oblias.
561 3580 640 3658 quod
663 3581 769 3641 Latine
802 3582 897 3639 muni·
948 3583 1050 3661 utique
1069 3602 1099 3640 cr
1137 3583 1266 3641 iderunt.
1307 3584 1381 3641 Cum
1404 3602 1474 3661 ergo

370 3672 503 3719 mentum
546 3659 648 3740 populi
688 3672 719 3720 et
753 3661 897 3738 justitiam
949 3662 1035 3720 multi
1068 3681 1105 3720 ex
1137 3663 1208 3741 ipsis
1244 3661 1332 3721 etism
1364 3661 1473 3742 primo·

324 3741 524 3826 25signilieat,
542 3740 786 3817 quemadmodum
809 3741 897 3800 etiam
948 3742 1030 3800 ribus
1081 3741 1243 3807 crederent.
1298 3742 1472 3801 tumultuari

373 3820 528 3897 Prophetes
558 3820 594 3878 de
621 3840 657 3879 eo
690 3820 897 3900 predixerunt.
949 3831 1101 3899 coeperrrnt
1126 3820 1225 3878 Judaei
1249 3831 1281 3880 et
1303 3820 1413 3882 Scribe
1440 3840 1474 3879 ae

372 3898 498 3969 Quidam
523 3910 622 3959 autem
645 3919 681 3958 ex
706 3910 817 3979 septem
839 3919 898 3958 seo-
950 3900 1108 3958 Pharisaei:
1136 3919 1171 3957 eo
1189 3900 1250 3976 jam
1267 3911 1387 3958 veutmn
1411 3918 1474 3958 esse

372 3980 411 4037 tis
443 3998 508 4054 quoe
542 3978 622 4057 apud
655 3980 774 4038 Judaeos
804 3991 897 4044 eraut,
948 3978 1115 4046 clamantes,
1138 3989 1173 4037 ut
1196 3998 1287 4058 prope
1306 3979 1400 4037 omnis
1421 3997 1473 4056 po-

372 4057 532 4134 dequibus
550 4058 580 4115 iu
600 4060 799 4137 superioribus
818 4058 899 4116 libris
949 4058 1037 4136 pulus
1071 4059 1174 4117 Jesum
1210 4057 1293 4134 quasi
1322 4057 1474 4116 Christum

321 4169 362 4223 30
373 4137 519 4212 scripsisse
567 4139 762 4204 meminimus,
807 4139 898 4196 inter·
949 4148 1141 4215 exspectaret.
1186 4136 1316 4210 ,Proinde
1332 4137 1364 4194 in
1382 4155 1473 4195 unum

372 4227 512 4295 rogarunt
540 4236 618 4284 eum,
647 4218 793 4294 quodnam
822 4226 898 4275 esset
949 4216 1117 4295 congregati
1161 4216 1305 4274 Jaoohum
1354 4216 1473 4284 adeunt,

372 4298 480 4355 ostium
505 4296 590 4355 Jssu.
633 4297 750 4368 Quibus
773 4296 825 4355 ille
845 4296 898 4356 Je-
948 4296 1053 4374 hisque
1077 4315 1142 4355 erun
1167 4295 1263 4354 verbis
1286 4295 1472 4373 compellant.

373 4396 437 4433 sum
452 4395 515 4434 esse
534 4376 718 4435 servatorem
736 4375 897 4454 respondit.
952 4377 1112 4433 Hortamur
1132 4386 1173 4445 te,
1195 4374 1343 4453 inquiunt,
1366 4386 1401 4435 ut
1420 4395 1473 4454 po·

374 4456 428 4513 His
470 4455 588 4521 auditis.
623 4455 756 4513 nonnulli
797 4474 898 4513 eorum
950 4454 1013 4533 puli
1048 4474 1174 4514 errorem
1210 4455 1391 4533 oomprimas.
1422 4456 1474 4532 qui

322 4564 360 4626 35
373 4536 476 4593 Jesum
511 4553 611 4592 revera
647 4534 796 4592 Christum
836 4553 899 4593 esse
949 4534 1051 4594 falsam
1073 4534 1110 4593 de
1132 4535 1204 4593 Jesu
1228 4534 1394 4612 opinionem
1418 4535 1473 4594 im.

373 4614 571 4673 erediderunt.
598 4613 694 4690 Supra
704 4615 819 4691 scripte
832 4634 900 4672 vero
950 4614 1034 4680 bibit,
1100 4614 1183 4672 rinde
1217 4614 1299 4691 quasi
1339 4615 1474 4674 Christus

373 4706 459 4753 seete
488 4712 542 4751 nee
568 4694 818 4760 resurrectionem.
846 4713 900 4751 nec
950 4704 1036 4753 esset.
1092 4693 1213 4754 ersuade
1230 4694 1320 4774 igitur
1339 4695 1474 4757 omnibus

836 4797 848 4820 ¹
857 4788 931 4842 Jmu.
941 4805 967 4838 ι.
977 4803 1002 4853 9.

416 4890 484 4934 VOL.
500 4891 520 4932 Ι.
909 4892 927 4932 Ε
940 4890 960 4933 Θ
