3809 5650
613 1251 1196 1366 ANNOTATIONES

513 1548 574 1632 IN
609 1541 956 1632 ARISTONEM
989 1529 1313 1623 PELLAEUM.

762 1802 1078 1836 Ἦ*-

415 2016 451 2077 P.
461 2034 512 2097 95.
526 2015 546 2076 l.
557 2033 586 2092 9.
608 2015 746 2090 Λοιδορίο
766 2013 860 2094 Θεοῦ]
886 2007 1042 2092 Aquilam
1059 2012 1094 2068 et
1113 1997 1376 2066 Theodotionem
1400 1991 1481 2054 hmo

375 2116 484 2179 eodem
509 2115 602 2176 modo
630 2112 811 2187 reddidisse,
840 2132 899 2174 nee
924 2129 989 2172 non
1019 2105 1180 2170 Ebionem
1210 2092 1489 2164 Haeresinrohum

376 2215 617 2298 interpretatum
644 2212 759 2276 suisset
788 2215 833 2275 ὅτι
858 2215 943 2292 ὕβρις
967 2214 1051 2273 Θεοῦ
1075 2210 1092 2269 ὁ
1123 2202 1320 2285 κρεμάμενος,
1352 2196 1388 2259 id
1421 2199 1489 2269 est,

377 2316 450 2398 qnia
471 2314 588 2396 injuria
609 2314 670 2376 Dei
691 2323 732 2376 eet
751 2334 918 2396 οοοροοιοιοο,
942 2310 1159 2392 Hieronymus
1181 2303 1301 2367 ibidem
1323 2302 1490 2362 testatur.

380 2415 480 2498 Atqui
501 2415 568 2476 haee
589 2414 684 2476 verbe
706 2414 875 2497 Pspiseum
896 2410 1011 2475 Jasoni
1034 2408 1189 2494 objecisse
1207 2401 1323 2485 eolligo
1345 2419 1389 2461 ex
1405 2395 1491 2459 Ter-

383 2514 504 2578 tulliani
528 2513 581 2576 lib.
605 2522 716 2577 eontrn
740 2514 763 2576 J
766 2515 873 2577 udaeos
898 2534 969 2596 esp.
1001 2531 1048 2573 10.
1073 2508 1132 2572 sub
1159 2506 1251 2589 eujus
1276 2498 1410 2564 initium
1439 2495 1494 2560 ite

379 2614 510 2677 Judaeos
532 2614 722 2697 alloquitur:
754 2615 803 2676 De
829 2614 911 2676 erile
928 2613 1026 2696 plene
1042 2608 1198 2695 puniendo
1225 2605 1291 2688 synt
1313 2597 1494 2684 0⁷¹³&le

379 2725 513 2798 repentes
521 2715 688 2798 passionem
703 2715 801 2777 neeis
815 2715 848 2777 in
866 2714 1019 2777 Olrt’srnm
1034 2710 1253 2796 predicatum,
1269 2713 1299 2769 et
1319 2720 1494 2786 arprsmen·

382 2825 476 2878 tontes
497 2815 619 2899 insuper
639 2837 696 2877 rwn
715 2837 773 2878 esse
790 2814 982 2889 eredendum,
995 2823 1029 2876 nl
1046 2811 1092 2876 ad
1108 2810 1145 2874 id
1157 2829 1253 2893 penus
1271 2802 1380 2868 rnortr'e
1398 2820 1494 2885 expo·

382 2917 473 2979 suerit
495 2917 577 2978 Deus
589 2916 694 2997 fili-nm
716 2938 812 2992 wem,
836 2916 915 2999 qnod
939 2917 1001 2998 lpse
1030 2913 1137 2976 diret:
1169 2907 1361 2975 Maledictus
1389 2900 1498 2965 onesi·

384 3015 474 3087 loro,
489 3020 540 3099 qni
548 3016 689 3099 pependit
703 3016 737 3077 in
752 3016 841 3097 lipno.
887 3015 989 3078 Sicuti
1008 3035 1082 3077 vero
1097 3010 1316 3075 Tertullianus
1337 3005 1380 3069 nd
1404 3003 1497 3066 hune

388 3114 593 3197 objectionem
614 3115 729 3177 ibidem
747 3116 935 3199 respondet;
967 3115 1127 3197 integrum
1149 3104 1395 3174 Deuteronomii
1420 3109 1498 3168 tex-

390 3219 468 3286 tum,
483 3234 520 3274 ee
537 3213 603 3275 haee
618 3235 740 3297 quoque
762 3216 919 3277 recitans:
945 3212 1134 3276 Maledictus
1148 3232 1169 3274 a
1184 3210 1251 3271 Deo
1264 3215 1307 3271 est
1321 3204 1425 3269 omnis
1439 3202 1500 3288 qni

389 3330 542 3391 erepenm
555 3314 655 3393 fueret
677 3314 710 3375 in
732 3314 820 3397 lipsio,
845 3317 901 3376 &e
926 3315 973 3377 itu
995 3313 1151 3376 Jnsonem
1173 3312 1260 3373 idem
1281 3307 1397 3371 fecisse
1421 3326 1500 3389 pro-

392 3409 494 3472 bebils
516 3417 574 3471 est.
617 3412 701 3473 Dum
720 3422 827 3476 autem
852 3436 947 3477 unum
969 3423 1068 3496 atque
1085 3413 1224 3476 alterum
1247 3410 1397 3482 istarum,
1421 3426 1501 3491 quse

394 3529 435 3570 ex
462 3507 620 3572 Aristonis
648 3512 754 3575 Pellaei
783 3514 1009 3597 Disputatione
1040 3519 1155 3575 eontra
1178 3511 1313 3575 Judaeos
1342 3507 1502 3590 allegutae

395 3614 478 3683 sunt,
494 3610 718 3672 sententiarum
738 3612 771 3674 in
785 3614 971 3676 Tertulliani
992 3615 1074 3676 libro
1094 3621 1209 3676 eontra
1224 3613 1248 3673 J
1250 3610 1363 3673 udaeos
1383 3608 1503 3692 depre-

397 3708 501 3785 hendi,
520 3712 700 3773 memoriam
719 3713 815 3777 subiit
832 3737 901 3777 mos
918 3716 991 3777 Afri
1013 3716 1108 3798 hujus
1129 3712 1314 3798 Scriptoris‚
1335 3715 1505 3794 perpetuo
1628 3699 1633 3709 ¹

397 3809 462 3873 lere
477 3810 615 3887 Veteres,
632 3811 683 3895 qui
698 3821 772 3875 unte
787 3815 890 3897 ipsum
911 3816 1117 3898 seripserunt,
1132 3813 1304 3877 imitantis.
1353 3810 1394 3872 Id
1411 3808 1506 3892 quod

398 3908 447 3973 vel
461 3930 500 3970 ex
519 3908 585 3991 ipso
604 3910 656 3972 illo
677 3919 788 3974 eontra
801 3913 824 3974 J
827 3915 933 3977 udaeos
949 3915 1031 3978 libro
1052 3922 1153 3999 petet,
1170 3915 1204 3976 in
1219 3934 1283 3998 quo
1300 3911 1447 3995 plurima
1462 3931 1508 3973 ex

401 4006 520 4070 Justini
544 4009 695 4090 Martyris
715 4010 848 4095 Dialogo
871 4036 941 4076 eum
958 4015 1128 4098 Tryphone
1143 4014 1167 4076 J
1169 4015 1262 4077 udaeo
1280 4008 1506 4093 transcripsit.

405 4106 487 4184 Quid
501 4106 526 4167 si
546 4108 641 4188 igitur
656 4108 803 4186 dieamus,
820 4112 934 4194 ulique,
951 4136 1022 4196 quae
1038 4116 1070 4176 in
1086 4115 1225 4199 Dinlogo
1240 4114 1305 4177 isto
1325 4132 1394 4175 non
1411 4131 1509 4194 repe·

405 4202 537 4310 riuutur,
555 4226 594 4265 ex
611 4206 832 4288 Disputatione
849 4212 973 4275 Iasonis
992 4213 1165 4276 Christiani
1187 4222 1217 4276 et
1237 4212 1369 4295 Papi-sei
1388 4210 1511 4274 Judoei

407 4299 448 4360 ab
463 4297 609 4363 Aristone
631 4306 806 4388 conscripto
828 4332 898 4372 eum
921 4312 1151 4394 deprompsisse
1174 4319 1208 4376 et
1230 4309 1370 4373 ulterius
1393 4309 1512 4372 diluei-

409 4394 519 4502 dasse?
562 4399 705 4477 Grunnius,
727 4426 757 4485 p.
785 4426 852 4488 132.
875 4417 908 4473 et
932 4431 1004 4489 240.
1028 4412 1086 4473 vol.
1110 4412 1141 4473 ii.
1165 4410 1328 4495 Spieileqii
1350 4410 1513 4487 Petrum,

412 4490 465 4551 ubr
479 4511 511 4600 ur
525 4513 594 4574 pag.
614 4514 680 4574 127.
695 4508 727 4560 et
742 4523 826 4585 seqq.
838 4508 1016 4589 fragmenta
1030 4509 1125 4591 hujus
1140 4507 1308 4591 scriptoris
1323 4507 1474 4591 collegit.

457 4587 535 4647 lbrd.
556 4591 577 4650 l.
604 4598 648 4651 18.
684 4595 721 4655 ln
751 4598 831 4662 Filio
861 4607 947 4688 feeit]
982 4610 1022 4669 ln
1052 4608 1243 4670 Tertulliani
1272 4608 1358 4670 libro
1390 4615 1517 4672 eontra
