3809 5650
650 616 657 647 ι

629 705 677 768 ΙΝ
701 705 948 771 HEGESIPPI
973 705 1272 769 FRAGMENTA.
1436 707 1502 768 1153

398 875 637 959 appellarentur,
660 874 853 958 excubiasque
876 875 960 937 circu
982 873 1150 938 submotum
1174 895 1261 937 suum
1284 875 1347 937 οιόο
1370 873 1502 936 militum

400 986 529 1062 σρονοτιλ
577 976 680 1041 Locus
698 977 809 1039 Dionis
820 984 870 1039 est
885 975 939 1037 lib.
951 997 1004 1060 45.
1022 979 1055 1038 ἐκ
1075 977 1185 1038 τούτων
1206 978 1238 1037 δὲ
1258 975 1293 1052 δὴ
1308 982 1368 1038 τῶν
1386 977 1502 1054 ἀνδρῶν

403 1078 450 1139 καὶ
465 1077 498 1138 τὸ
514 1082 573 1139 τῶν
588 1077 756 1153 ἠουοκάτων
771 1079 909 1154 σύστημα
933 1079 999 1156 (οὓς
1015 1076 1196 1154 ἀνακλήτονς
1212 1076 1250 1138 ἄν
1266 1100 1308 1141 τις
1325 1076 1501 1151 έλληνίσας,

401 1181 448 1242 ὅτι
468 1179 652 1257 πεπαυμένοι
664 1184 714 1256 τῆς
729 1183 877 1257 στρατιᾶς,
894 1177 939 1240 ἐπ’
953 1177 1044 1254 αὐτὴν
1059 1178 1140 1242 αὖθις
1154 1175 1373 1254 ἆνεκλήθησον,
1390 1176 1500 1254 ὀνομά-

403 1284 500 1359 σειεν)
518 1281 669 1355 ἐνομίσθη.
715 1279 768 1340 Ab
786 1277 971 1341 Herodiano
991 1289 1145 1341 vocantur
1169 1280 1380 1355 ἐκκαλούμενοι
1402 1278 1455 1340 lib.
1474 1279 1501 1342 I.

402 1402 493 1462 c.15.
516 1381 571 1443 ubi
596 1380 657 1442 vid.
681 1402 751 1463 quae
774 1380 963 1443 notavimus.
987 1381 1119 1444 Srnorn.
1173 1380 1320 1442 Aliorum
1346 1387 1502 1463 praeterea

402 1483 544 1545 codicum
561 1481 752 1565 scripturam
766 1503 849 1544 nuuc
864 1482 1009 1545 exhibuit
1022 1483 1194 1555 Burtonus‚
1207 1488 1245 1544 ut
1259 1482 1418 1558 ἠουόκατος
1429 1482 1502 1545 Γᾶν

402 1584 514 1646 rudini
534 1584 661 1666 prioris,
682 1583 830 1660 ἠβόκατος
852 1582 941 1645 Flor.
961 1601 990 1644 2.
1016 1583 1149 1646 Oaeterae
1170 1570 1373 1656 variationes,
1398 1582 1502 1666 inquit

402 1685 463 1756 ille,
483 1684 632 1747 Latinum
647 1685 799 1746 Evocatus
813 1683 914 1767 magis
928 1684 1131 1766 detorquent.

447 1787 485 1847 P.
501 1784 608 1867 213.i.
625 1805 652 1847 1.
677 1785 716 1848 ὡς
731 1783 941 1868 καὶἩρώδης]
966 1785 1018 1847 Ex
1040 1784 1089 1846 his
1110 1783 1212 1847 verbis
1233 1790 1368 1858 constat,
1388 1782 1502 1865 proba»

403 1892 471 1949 tam
507 1907 576 1947 esse
606 1883 959 1948 Hebraeo-Christiano
989 1884 1184 1968 Hegesippo,
1215 1884 1267 1967 qui
1297 1884 1412 1947 saeeulo
1442 1883 1501 1946 boc

403 1987 540 2049 secundo
556 1986 644 2055 vixit,
661 1986 854 2049 verissimam
870 1985 955 2049 illam
971 1986 1011 2048 de
1026 1985 1186 2049 natalibus
1202 1985 1324 2049 Christi
1342 1984 1499 2049 narratio·

403 2109 485 2160 nem,
503 2109 597 2169 quam
612 2086 713 2150 literis
728 2086 925 2170 consignavit
941 2087 974 2151 S.
988 2087 1177 2150 Matthaeus.

448 2187 531 2249 Ibid.
547 2186 567 2249 l.
583 2209 613 2265 4.
636 2186 815 2272 ἀμφότεροι]
840 2186 1019 2268 ἀμφοτέροις
1040 2188 1139 2251 habet
1160 2189 1235 2250 MS.
1260 2188 1398 2271 Norfolc.
1426 2189 1501 2251 dum

403 2288 499 2351 vertit
515 2287 657 2351 Rufinus.
701 2291 746 2351 At
760 2288 811 2351 illi
825 2289 1038 2372 ruspmderunt
1052 2289 1133 2373 quod
1148 2288 1275 2373 utrique
1295 2311 1354 2351 nou
1370 2289 1503 2374 amplius

402 2399 471 2452 cesa
487 2391 541 2452 &a
588 2389 662 2451 Vox
678 2411 698 2452 a
709 2390 881 2474 Niccploro
896 2390 998 2453 abest.

448 2491 529 2554 lbid.
545 2490 565 2552 l.
579 2494 608 2554 6.
633 2493 667 2554 έν
681 2491 846 2569 διατιμήσει
863 2496 916 2571 γῆς
938 2490 1077 2570 πλέθρων
1098 2490 1255 2570 τριάκοντα
1279 2490 1368 2553 έννέα
1389 2490 1501 2575 μόναν]

404 2594 543 2655 Parvum
565 2599 660 2655 terrae
683 2591 832 2674 spatium,
857 2592 942 2673 quod
968 2599 1063 2654 taut-a
1085 2611 1209 2652 summa
1231 2597 1416 2661 constaret;
1445 2593 1501 2654 sed

403 2693 487 2756 ratio
502 2692 650 2755 habenda
665 2698 715 2754 est
729 2692 924 2754 abundantis
940 2692 978 2755 iis
993 2691 1191 2775 temporibus
1205 2691 1356 2773 pecuniae.

449 2792 530 2854 Ibid.
547 2792 567 2854 l.
581 2791 611 2854 8.
637 2794 668 2870 ἐξ
690 2794 732 2855 ὧν
754 2794 802 2855 καὶ
824 2793 891 2859 τοὺς
913 2794 1025 2873 φόρους
1047 2790 1221 2874 ἀναφέρειν]
1249 2790 1336 2854 Male
1360 2790 1501 2856 Christo·

404 2893 581 2977 phorsonus
595 2894 693 2957 vertit
708 2893 876 2975 batipalla,
894 2892 985 2976 quusi
1000 2890 1167 2975 vectigalia
1180 2904 1328 2974 agrorum
1343 2891 1498 2954 solveren-

402 3000 468 3056 tur.
514 2993 615 3076 Atqui
644 2995 732 3074 φόροι
757 2993 881 3056 tributa
904 3000 988 3067 suut,
1015 3012 1086 3074 quae
1110 3013 1150 3052 ex
1175 2990 1261 3073 agris
1287 2988 1500 3065 solvebantur,

403 3100 500 3177 atque
520 3094 553 3155 in
575 3094 651 3176 ipsis
673 3093 837 3176 speciebus
859 3093 924 3155 fere
946 3091 1175 3175 pendebantur,
1200 3090 1231 3153 id
1254 3097 1304 3153 est
1326 3090 1358 3151 in
1381 3090 1499 3163 trition,

403 3195 519 3267 ordeo;
542 3194 614 3256 vino
637 3200 671 3256 et
695 3193 858 3268 similibus,
885 3199 923 3255 111
951 3200 1044 3276 patet
1070 3214 1109 3254 ex
1139 3191 1245 3254 codice
1270 3190 1500 3253 Theodosiana.

403 3294 584 3377 Vectigalia
599 3315 672 3356 vero
692 3302 766 3357 sunt
789 3316 858 3376 quse
881 3294 992 3356 Graece
1010 3293 1159 3355 dicuutur
1175 3294 1256 3369 τέλη,
1273 3314 1343 3375 quse
1362 3314 1382 3355 a
1402 3292 1501 3375 publi·

402 3395 490 3457 canis
507 3394 765 3457 conducebantur
780 3403 814 3456 et
828 3394 1058 3478 exigebantur;
1084 3415 1154 3456 cum
1170 3394 1292 3457 tributa
1307 3416 1327 3456 a
1341 3401 1501 3476 suscepto·

402 3494 490 3557 ribus
512 3495 559 3556 vel
581 3495 623 3556 ab
648 3494 884 3578 apparitoribus
909 3496 1080 3579 praesidum
1104 3516 1142 3558 ac
1169 3494 1390 3577 praefectorum
1417 3494 1500 3579 exigi

403 3595 551 3658 solerent.
574 3595 732 3656 Vnussvus.

447 3694 531 3757 Ibid.
558 3694 579 3758 l.
600 3713 646 3756 12.
670 3696 791 3777 τύλους]
819 3694 898 3757 Cum
925 3696 1016 3758 initio
1039 3697 1203 3760 vertissem
1229 3695 1331 3769 collos,
1353 3695 1501 3758 dubitare

402 3800 515 3878 postea
536 3794 627 3877 coepi,
642 3816 684 3857 an
704 3794 802 3858 callus
823 3796 996 3859 masculino
1015 3818 1130 3880 genere
1145 3796 1311 3858 diceretur.
1357 3795 1500 3857 Tandem

402 3916 475 3957 vero
501 3895 597 3957 callos
623 3917 644 3957 a
670 3895 785 3957 Rufino
809 3895 870 3956 diei
898 3896 1037 3977 eousperi
1062 3896 1093 3956 in
1119 3894 1172 3956 lib.
1195 3894 1227 3955 ii.
1252 3893 1306 3955 ubi
1331 3893 1371 3954 de
1395 3900 1500 3955 morte

401 3995 517 4057 Jacobi
533 3995 642 4057 fratris
657 3995 796 4058 Domini.
819 3996 984 4058 Viriasius.
1030 3995 1155 4057 Titulus
1175 3992 1288 4076 capitis
1308 3992 1365 4054 ult.
1380 3992 1452 4054 libri
1468 3993 1499 4054 ii.

404 4097 526 4159 Ooustil.
547 4099 650 4179 Aposl.
673 4096 720 4158 ita
746 4117 780 4157 se
803 4095 910 4169 habet,
932 4094 1021 4178 quasi
1046 4094 1066 4156 J
1069 4094 1148 4155 udas
1172 4094 1248 4176 ipse,
1271 4093 1384 4155 horum
1410 4115 1498 4166 avus,

403 4197 456 4279 qui
480 4197 644 4279 apostolus
665 4197 736 4271 fuit,
763 4218 875 4278 agrum
900 4194 1043 4257 coluerit.
1089 4189 1209 4257 Utru'in
1229 4215 1303 4255 vera
1329 4193 1500 4256 tradiderit

401 4304 514 4359 auctor
536 4297 631 4372 tituli,
647 4319 689 4358 an
713 4296 780 4359 haec
806 4296 982 4379 Hegesippi
1003 4296 1065 4358 alio
1085 4293 1265 4369 detorserit,
1288 4294 1354 4376 ipse
1375 4293 1497 4357 viderit.

401 4398 499 4460 Certe
514 4405 600 4460 reete
615 4397 658 4459 ibi
674 4396 830 4479 interpres
846 4396 953 4470 vertit,
968 4395 1071 4457 sudas
1085 4416 1152 4457 uero
1166 4392 1286 4468 Jacobi,
1303 4393 1447 4477 opmcobu

447 4498 529 4560 Ibid.
546 4498 566 4560 l.
585 4520 631 4575 14.
656 4499 703 4559 καὶ
732 4500 804 4558 πότε
833 4499 881 4558 καὶ
898 4503 951 4558 ποῖ
979 4495 1186 4577 φανησομένη]
1219 4497 1267 4557 καὶ
1287 4500 1341 4557 ποῖ
1359 4496 1406 4557 καὶ
1426 4498 1499 4560 πότε

401 4606 436 4678 φ.
453 4599 530 4661 MS.
542 4598 632 4660 Bous.
649 4597 847 4660 eilmerus.
871 4598 919 4659 καὶ
933 4597 1002 4658 ὅποι
1017 4597 1065 4659 καὶ
1079 4598 1196 4674 ποταπῇ
1211 4597 1285 4659 MS.
1302 4595 1439 4679 Nursole.
1453 4598 1500 4659 καὶ

401 4703 442 4776 πῆ
458 4701 505 4763 καὶ
520 4700 592 4762 πότε
603 4696 733 4780 Niccph.
745 4706 801 4759 aut
815 4696 895 4758 uude
908 4705 963 4758 aut
977 4696 1097 4780 quuuudo
1108 4706 1256 4774 οσηιατιιο,
1268 4696 1374 4760 Rufini
1385 4698 1499 4780 qurp.
