3809 5650
400 654 465 718 160
746 653 988 735 nnmouun
1012 652 1182 720 snoun.

935 878 987 925 Ex

686 1002 833 1065 LIBRO
857 1001 921 1063 DE
946 997 1216 1063 PASCHATE.

456 1139 541 1216 Εἰσὶ
560 1136 679 1215 τοίνυν
697 1135 731 1213 oi
749 1137 792 1212 δι’
813 1134 963 1234 ἀγνυιαν
980 1138 1227 1237 φιλονεικοῦσι
1248 1131 1329 1230 περὶ
1348 1128 1495 1223 τούτων,

398 1270 640 1372 συγγνωστὸν
653 1276 805 1371 πρᾶγμα
821 1265 1048 1349 πεπονθότες·
1077 1265 1205 1366 ἄγνοια
1221 1261 1294 1364 γὰρ
1318 1264 1359 1341 οῦ
1385 1297 1495 1360 κατη-

397 1405 524 1507 γορίαν
550 1402 768 1505 ἀναδέχεται,
795 1400 895 1480 ἀλλά
924 1404 1072 1504 διδαχῆς
1099 1402 1321 1500 προσδεῖται.
1352 1400 1411 1475 καὶ
1439 1396 1499 1473 λε’-
1530 1419 1546 1479 5

397 1571 527 1638 γονσιν
555 1537 610 1616 ὅτι
644 1542 688 1638 τῇ
725 1535 769 1612 ιδ
799 1535 842 1614 τὸ
878 1532 1064 1635 πρόβατον
1095 1531 1186 1630 μετά
1220 1538 1294 1610 τῶν
1329 1536 1500 1629 μαθητῶν

399 1672 534 1776 ἔφαγεν
560 1674 580 1750 ὁ
611 1671 756 1773 Κύριος·
795 1677 840 1774 τῇ
871 1670 908 1748 δὲ
940 1668 1084 1772 μεγάλῃ
1116 1667 1229 1771 ἡμέρᾳ
1256 1671 1328 1743 τῶν
1358 1663 1500 1764 ἀζύμων

399 1804 504 1887 αῦτδς
521 1804 663 1884 ἔπαθεν·
695 1807 753 1882 καὶ
772 1808 975 1904 διηγοῦνται
995 1807 1186 1881 Ματθαῖον
1204 1800 1296 1878 οὕτω
1315 1796 1432 1896 λε’γειν
1452 1800 1499 1878 ὡς

399 1936 620 2034 νενοήκασιν·
651 1937 732 2014 ὅθεν
744 1934 966 2040 ἀσύμφωνός
984 1970 1022 2014 τε
1046 1934 1143 2040 νόμῳ
1164 1934 1186 2032 ἡ
1214 1932 1338 2030 νόησις
1366 1932 1496 2008 αὐτῶν·

400 2073 458 2147 καὶ
476 2069 684 2168 στασιάζειν
702 2075 799 2147 δοκεῖ
814 2070 890 2148 κατ’
911 2067 1038 2151 αῦτοῦς
1056 2066 1102 2146 τὰ
1120 2066 1324 2166 εὐαγγέλια.
1419 2083 1498 2137 Affe.
1514 2088 1547 2125 ¹0

399 2216 505 2261 runtur
526 2204 586 2260 hac
618 2203 646 2259 in
672 2203 785 2278 Proesot.
809 2204 938 2259 Chronici
960 2203 1113 2265 Ραςιλαθι,
1135 2201 1197 2259 aive
1217 2201 1372 2257 Alexandr.
1388 2221 1454 2278 pag.
1469 2202 1498 2257 6.

400 2307 445 2365 ed.
460 2307 615 2384 Ducangii.

741 2477 895 2552 interprete
910 2477 977 2532 Cor.
991 2475 1154 2549 Ducoagio.

441 2603 569 2674 Quidam
592 2603 683 2680 igitur
710 2615 789 2670 aunt,
812 2606 863 2680 qui
887 2626 924 2664 cx
975 2608 1097 2677 minum,
1111 2625 1216 2684 magna
1237 2625 1306 2664 vero
1329 2625 1496 2684 azymorum

400 2683 563 2761 ignorantia
597 2683 633 2741 dc
676 2684 754 2742 hisce
794 2687 925 2744 excitant
975 2686 1023 2745 die
1037 2705 1232 2764 mammonae,
1247 2696 1335 2762 atque
1348 2686 1390 2743 ita
1403 2685 1497 2743 dicere
1513 2697 1545 2755 ¹5

400 2763 612 2831 contentiones,
627 2783 686 2820 rem
703 2763 786 2821 venia
807 2764 922 2842 dignam
975 2765 1162 2835 Matthaeum,
1198 2764 1241 2822 uti
1278 2764 1360 2822 illum
1388 2765 1497 2822 intelli.

400 2843 486 2921 passi,
502 2863 597 2920 neque
615 2845 692 2902 enim
710 2844 922 2904 accusationem
973 2857 1058 2923 gunt,
1087 2845 1165 2903 unde
1192 2844 1249 2922 legi
1282 2846 1426 2903 contraria
1453 2855 1498 2902 eat

399 2922 530 2982 admittit
564 2925 737 3001 ignorantia,
772 2924 822 2982 scd
856 2936 923 3003 eget
973 2944 1073 2983 corum
1099 2925 1310 3003 interpretatio.
1335 2925 1429 3002 iisque
1446 2925 1497 2982 ad·

399 3002 553 3061 doctrina:
576 3004 716 3081 aiuntque
738 3004 798 3061 xiv.
816 3025 922 3082 agnum
974 3006 1080 3064 versari
1097 3005 1233 3064 videntur
1246 3004 1404 3082 evangelia.

399 3100 465 3139 cum
488 3083 637 3162 discipulis
658 3084 844 3143 manducasse
859 3086 921 3142 Do·
1509 3095 1547 3132 20

762 3264 1127 3306 —-⁴———

803 3430 856 3493 Ea
871 3431 971 3494 cadom
985 3429 1088 3494 Libro.

453 3567 503 3642 ‘H
530 3565 573 3642 ιδ
593 3561 635 3643 τὸ
665 3564 838 3663 ἀληθινὸν
866 3574 931 3645 τοῦ
967 3566 1103 3667 Κυρίου
1130 3563 1271 3668 πάσχα,
1295 3565 1317 3662 ἡ
1342 3564 1496 3660 θυσίαή
1556 3659 1560 3666 .

397 3696 552 3797 μεγάλη,
570 3699 590 3776 ὁ
608 3701 686 3775 ἀντὶ
707 3706 771 3776 τοῦ
796 3701 910 3795 ἀμνοῦ
936 3707 1021 3783 παῖς
1040 3705 1136 3779 Θεοῦ
1160 3700 1180 3777 ὁ
1199 3701 1322 3794 δεθεὶς,
1340 3699 1360 3776 ὁ
1381 3694 1497 3794 δήσας

397 3830 461 3909 τὸν
480 3829 640 3934 ἰσχυρὸν,
660 3834 718 3908 καὶ
733 3832 903 3933 ὁκριθεῖς,
916 3830 1036 3935 κριτὴς
1055 3832 1195 3934 ζώντων
1207 3834 1265 3909 καὶ
1279 3837 1420 3933 νεκρῶν·
1440 3832 1498 3907 καὶ

399 3967 649 4069 ὁπαραδοθεὶς
670 3974 718 4051 εἷς
740 3975 860 4071 χεῖρας
885 3971 1120 4071 ἁμαρτωλῶν,
1139 3970 1197 4047 ἵνα
1219 3973 1423 4071 σταυρωθῇ,
1452 3969 1545 4046 ⁰6²5

810 4156 913 4211 Eodem
930 4153 1092 4225 Interprete.

440 4280 561 4338 Decima
575 4292 678 4357 quarta
693 4282 752 4340 veri
773 4281 924 4340 Paschatia
974 4290 1029 4346 cst,
1047 4279 1140 4357 judex
1154 4287 1198 4336 ost
1216 4276 1344 4336 virorum
1369 4285 1399 4334 et
1421 4296 1497 4333 mor-

398 4359 520 4416 Domini
564 4361 735 4419 sacrificium
774 4381 922 4439 magnum,
974 4372 1102 4428 tuorum,
1142 4368 1173 4417 et
1207 4360 1258 4433 qui
1294 4355 1420 4416 traditus
1454 4367 1499 4415 est

397 4457 452 4514 pro
472 4458 547 4514 agno
563 4440 617 4497 Dei
641 4439 727 4504 filius,
742 4442 793 4517 qui
808 4442 923 4499 vinctus
975 4441 1004 4497 in
1026 4459 1129 4497 manus
1158 4449 1342 4514 peccatorum
1371 4446 1405 4492 ut
1432 4456 1497 4495 cru·

398 4516 505 4574 sortem
530 4518 634 4585 vinxit,
653 4529 684 4577 ct
707 4521 758 4595 qui
774 4519 924 4596 judicatus
974 4518 1149 4596 cingeretur,
1178 4519 1229 4595 qui
1266 4537 1354 4595 super
1390 4535 1498 4575 cornua
1508 4549 1547 4605 30

792 4697 850 4745 ·Ρι.
862 4698 922 4745 xxii.
936 4710 975 4744 τι.
986 4707 1011 4745 ot
1022 4698 1077 4746 xcii.
1093 4711 1131 4745 ro.
