3809 5650
626 1491 677 1588 S.
718 1491 1190 1591 PANTAENUS.

723 1736 1090 1785 *-

360 1926 397 1996 S.
416 1927 678 2015 Hnmouuuus,
697 1930 804 2003 Libro
820 1930 877 2003 De
903 1931 1000 2003 Viris
1019 1931 1230 2017 Illustrdbus,
1248 1956 1323 2026 cap.
1337 1935 1460 2005 xxxvi.

817 2071 896 2143 pag.
916 2054 1000 2126 107.

361 2189 675 2304 PANTAENUS
695 2234 826 2305 Stoicae
844 2244 952 2306 sectae
969 2236 1209 2330 philosophus,
1220 2238 1328 2329 juxta
1340 2259 1462 2329 quam-

359 2361 441 2430 dam
476 2368 633 2428 veterem
667 2360 704 2427 iu
739 2358 958 2430 Alexandria
992 2361 1286 2432 consuetudinem
1319 2361 1382 2431 ubi
1415 2370 1462 2430 ‘a

360 2481 486 2552 Marco
504 2480 721 2574 evangelista
745 2503 884 2571 semper
906 2481 1135 2552 ecelesiastici
1155 2482 1254 2553 fuere
1279 2484 1461 2553 doctores:

360 2613 467 2674 tantae
484 2604 678 2696 prudentiae
695 2613 733 2673 et
750 2604 957 2673 eruditionis
974 2612 1048 2673 tam
1073 2606 1110 2672 in
1127 2605 1307 2696 scripturis
1325 2605 1462 2687 divinis,

359 2750 479 2819 quam·
495 2729 530 2796 in
563 2726 721 2797 saeculari
756 2726 965 2808 litteratura,
1000 2736 1042 2796 ut
1076 2728 1112 2796 in
1147 2726 1288 2797 Indiam
1322 2750 1462 2819 quoque

359 2861 501 2943 rogatus
519 2850 564 2920 ab
581 2850 674 2921 illius
687 2851 804 2944 gentis
818 2849 954 2943 legatis,
971 2847 1019 2921 ba
1037 2850 1221 2921 Demetrio
1235 2850 1463 2922 Alexandriae

359 2977 522 3068 episcopo
553 2978 765 3045 mitteretur.
819 2975 892 3046 Ubi
922 2976 1053 3067 reperit
1084 2975 1385 3045 Bartholomaeum
1416 2975 1462 3045 de

359 3097 546 3168 duodecim
560 3097 727 3189 apostolis
738 3098 932 3168 adventum
943 3097 1089 3168 Domini
1103 3100 1213 3168 nostri
1227 3098 1251 3168 J
1252 3121 1316 3168 esu
1330 3098 1462 3168 Christi

353 3221 461 3311 juxta
479 3220 649 3291 lllattlraei
666 3219 888 3313 evangelium
907 3220 1122 3312 praedicasse,
1139 3221 1258 3312 cquod
1276 3219 1463 3290 Hebraicis

361 3345 487 3415 litteris
509 3346 690 3435 scriptum,
708 3353 888 3414 revertens
905 3344 1161 3415 Alexandriam
1184 3367 1304 3415 secum
1322 3343 1462 3414 detulit.

400 3566 411 3593 ⁸
426 3556 526 3614 Habet
548 3555 694 3615 Eusebius
708 3554 759 3613 lib.
772 3575 799 3612 v.
825 3553 906 3612 Hira.
923 3574 985 3633 cap.
1001 3573 1046 3611 10.
1067 3556 1097 3626 ἐξ
1117 3555 1226 3627 ἀρχαίου
1244 3556 1319 3613 ἔθους
1339 3556 1462 3612 διδασκο-

358 3654 431 3708 λείου
449 3658 501 3708 τῶν
522 3654 596 3725 ἱερῶν
612 3656 700 3726 λόγων
717 3651 778 3725 παρ’
798 3653 885 3708 αὐτοῖς
906 3656 1080 3708 συνεστῶτος.
1103 3648 1289 3707 ΡΛΒΜοΙυε.
1324 3650 1463 3708 Ceterum

360 3748 502 3826 Origenes
524 3746 554 3804 in
576 3747 706 3826 epistolae
727 3748 891 3823 fragmento
911 3746 948 3804 ab
970 3745 1099 3803 Eusebio
1122 3744 1224 3802 libri.
1248 3762 1372 3821 capro.
1397 3763 1465 3801 con·

360 3854 483 3909 servato,
498 3843 528 3899 in
543 3863 602 3919 quo
616 3863 646 3902 se
663 3842 796 3900 defendit
815 3842 952 3899 adversus
967 3859 1025 3906 eos,
1040 3838 1091 3914 qui
1109 3837 1231 3894 nimium
1251 3837 1380 3895 studium
1395 3858 1464 3915 erga

361 3940 528 3997 Graecorum
549 3938 716 4016 disciplinas
729 3938 783 3995 sibi
802 3935 977 4010 objecerant,
1000 3931 1133 3989 Pantaeni
1154 3941 1184 3988 et
1206 3930 1337 3989 Heraclae
1358 3932 1463 3990 scholoe

360 4031 449 4107 liujus
470 4034 673 4108 praefectorum
688 4029 822 4108 exempla
840 4027 999 4105 appellans,
1013 4031 1091 4082 τοῦτο
1113 4027 1142 4080 δὲ
1159 4025 1341 4095 πεποιήκαμεν,
1356 4026 1463 4102 inquit,

359 4128 534 4199 μιμησάμενοί
544 4152 573 4183 τε
586 4130 632 4183 τὸν
645 4130 696 4197 πρὸ
710 4127 780 4196 ἡμῶν
794 4125 910 4180 πολλοὺς
923 4122 1099 4195 ὠφελήσαντα
1107 4124 1260 4186 nundinor,
1272 4123 1318 4176 οὐκ
1332 4122 1423 4195 ὀλίγην
1437 4123 1465 4180 dr

360 4222 465 4281 ἐκείναις
478 4225 607 4294 ἐσχηκότα
626 4223 800 4293 παρασκευὴν,
815 4223 857 4275 καὶ
873 4221 920 4274 τὸν
933 4223 980 4275 νῦν
997 4220 1025 4274 ἐν
1043 4221 1081 4293 τῷ
1098 4215 1279 4291 πρεσβυτερίου
1299 4219 1466 4289 καθεζόμενον

361 4317 553 4392 ’Δλεξανδρέον
565 4319 706 4390 ‘spadas

401 4412 417 4456 b
437 4414 526 4472 Haud
551 4415 658 4472 diserte
682 4413 723 4470 ait
747 4411 904 4476 Eusebius,
927 4411 1096 4467 Pantaenum
1118 4429 1136 4466 a
1157 4407 1309 4466 Demetrio
1329 4408 1465 4488 episcopo

360 4512 390 4569 in
414 4512 528 4569 Indiam
550 4510 669 4568 missum
690 4509 790 4573 fuisse,
805 4506 856 4565 sed
876 4506 974 4566 statim
996 4516 1063 4584 post
1076 4505 1188 4563 Juliani
1210 4503 1313 4583 prioris
1334 4504 1465 4584 episcopi

361 4619 501 4685 regnante
523 4604 685 4664 Commodo
705 4601 1006 4662 commemorationem
1030 4602 1238 4679 profectionem
1262 4600 1326 4676 ejus
1348 4613 1463 4674 narrat3

361 4723 426 4778 quae
447 4704 557 4759 interea
578 4708 693 4779 poterat
714 4697 766 4755 illo
780 4708 911 4775 tempore
932 4694 1071 4763 accidere,
1087 4695 1166 4772 quod
1184 4694 1384 4772 Hieronymus
1404 4697 1463 4775 sig·
