<?xml version="1.0" encoding="UTF-8"?>
<!DOCTYPE html PUBLIC "-//W3C//DTD XHTML 1.0 Transitional//EN"
    "http://www.w3.org/TR/xhtml1/DTD/xhtml1-transitional.dtd">
<html xmlns="http://www.w3.org/1999/xhtml" xml:lang="en" lang="en">
 <head>
  <title>
</title>
<meta http-equiv="Content-Type" content="text/html;charset=utf-8" />
  <meta name='ocr-system' content='tesseract 3.04.00' />
  <meta name='ocr-capabilities' content='ocr_page ocr_carea ocr_par ocr_line ocrx_word'/>
</head>
<body>
  <div class='ocr_page' id='page_1' title='image "./reliquiaesacrae07routgoog_0268.png"; bbox 0 0 3809 5650; ppageno 0'>
   <div class='ocr_carea' id='block_1_1' title="bbox 702 951 1300 1048">
    <p class='ocr_par' dir='ltr' id='par_1_1' title="bbox 702 951 1300 1048">
     <span class='ocr_line' id='line_1_1' title="bbox 702 951 1300 1048; baseline -0.002 -1"><span class='ocrx_word' id='word_1_1' title='bbox 702 951 1300 1048; x_wconf 84' lang='lat' dir='ltr'><strong>ANNOTATIONES</strong></span> 
     </span>
    </p>
   </div>
   <div class='ocr_carea' id='block_1_2' title="bbox 617 1214 1381 1298">
    <p class='ocr_par' dir='ltr' id='par_1_2' title="bbox 617 1214 1381 1298">
     <span class='ocr_line' id='line_1_2' title="bbox 617 1214 1381 1298; baseline 0.003 -4"><span class='ocrx_word' id='word_1_2' title='bbox 617 1214 670 1295; x_wconf 93' lang='lat' dir='ltr'><strong>IN</strong></span> <span class='ocrx_word' id='word_1_3' title='bbox 704 1214 1004 1298; x_wconf 88' lang='lat' dir='ltr'>HEGESIPPI</span> <span class='ocrx_word' id='word_1_4' title='bbox 1032 1214 1381 1298; x_wconf 83' lang='lat' dir='ltr'><strong>FRAGMENTA.</strong></span> 
     </span>
    </p>
   </div>
   <div class='ocr_carea' id='block_1_3' title="bbox 850 1463 1133 1490">
    <p class='ocr_par' dir='ltr' id='par_1_3' title="bbox 850 1463 1133 1490">
     <span class='ocr_line' id='line_1_3' title="bbox 850 1463 1133 1490; baseline -0.007 -8"><span class='ocrx_word' id='word_1_5' title='bbox 850 1463 1133 1490; x_wconf 42' lang='grc' dir='ltr'><strong>ἡ*</strong></span> 
     </span>
    </p>
   </div>
   <div class='ocr_carea' id='block_1_4' title="bbox 446 1640 1550 2540">
    <p class='ocr_par' dir='ltr' id='par_1_4' title="bbox 446 1640 1550 2540">
     <span class='ocr_line' id='line_1_4' title="bbox 492 1640 1550 1724; baseline -0.002 -20"><span class='ocrx_word' id='word_1_6' title='bbox 492 1643 528 1705; x_wconf 91' lang='grc' dir='ltr'><strong>Ρ.</strong></span> <span class='ocrx_word' id='word_1_7' title='bbox 543 1658 615 1724; x_wconf 83' lang='lat'>207.</span> <span class='ocrx_word' id='word_1_8' title='bbox 628 1643 647 1705; x_wconf 93' lang='lat' dir='ltr'><strong>l.</strong></span> <span class='ocrx_word' id='word_1_9' title='bbox 661 1645 692 1706; x_wconf 90' lang='lat'><strong>6.</strong></span> <span class='ocrx_word' id='word_1_10' title='bbox 704 1644 1005 1708; x_wconf 73' lang='lat' dir='ltr'><strong>Oouunursmonum</strong></span> <span class='ocrx_word' id='word_1_11' title='bbox 1021 1666 1147 1706; x_wconf 69' lang='lat' dir='ltr'><strong>sonuum</strong></span> <span class='ocrx_word' id='word_1_12' title='bbox 1164 1643 1367 1724; x_wconf 61' lang='lat' dir='ltr'><strong>Eoetnsmsr]</strong></span> <span class='ocrx_word' id='word_1_13' title='bbox 1386 1643 1425 1702; x_wconf 92' lang='lat' dir='ltr'><strong>ln</strong></span> <span class='ocrx_word' id='word_1_14' title='bbox 1440 1640 1494 1702; x_wconf 90' lang='lat' dir='ltr'><strong>lib.</strong></span> <span class='ocrx_word' id='word_1_15' title='bbox 1508 1640 1550 1703; x_wconf 90' lang='lat' dir='ltr'><strong>iv.</strong></span> 
     </span>
     <span class='ocr_line' id='line_1_5' title="bbox 447 1741 1550 1830; baseline -0.003 -24"><span class='ocrx_word' id='word_1_16' title='bbox 447 1742 530 1806; x_wconf 71' lang='lat' dir='ltr'><strong>His.</strong></span> <span class='ocrx_word' id='word_1_17' title='bbox 544 1765 608 1807; x_wconf 85' lang='lat' dir='ltr'><strong>suae</strong></span> <span class='ocrx_word' id='word_1_18' title='bbox 622 1743 780 1808; x_wconf 80' lang='lat' dir='ltr'>Eusebius</span> <span class='ocrx_word' id='word_1_19' title='bbox 792 1746 832 1808; x_wconf 87' lang='lat' dir='ltr'><strong>de</strong></span> <span class='ocrx_word' id='word_1_20' title='bbox 844 1745 1020 1830; x_wconf 80' lang='lat' dir='ltr'><strong>Hegesippi</strong></span> <span class='ocrx_word' id='word_1_21' title='bbox 1030 1745 1234 1808; x_wconf 84' lang='lat' dir='ltr'><strong>ooloborrimo</strong></span> <span class='ocrx_word' id='word_1_22' title='bbox 1245 1766 1340 1828; x_wconf 87' lang='lat' dir='ltr'><strong>opero</strong></span> <span class='ocrx_word' id='word_1_23' title='bbox 1352 1743 1419 1805; x_wconf 86' lang='lat' dir='ltr'><strong>haeo</strong></span> <span class='ocrx_word' id='word_1_24' title='bbox 1429 1741 1550 1825; x_wconf 80' lang='lat' dir='ltr'><strong>posuit:</strong></span> 
     </span>
     <span class='ocr_line' id='line_1_6' title="bbox 449 1845 1550 1929; baseline 0.001 -23"><span class='ocrx_word' id='word_1_25' title='bbox 449 1846 483 1907; x_wconf 79' lang='grc' dir='ltr'><strong>ἐν</strong></span> <span class='ocrx_word' id='word_1_26' title='bbox 496 1845 586 1908; x_wconf 86' lang='grc' dir='ltr'>πέντε</span> <span class='ocrx_word' id='word_1_27' title='bbox 601 1849 635 1908; x_wconf 79' lang='grc' dir='ltr'><strong>δὲ</strong></span> <span class='ocrx_word' id='word_1_28' title='bbox 655 1849 708 1910; x_wconf 81' lang='grc' dir='ltr'><strong>οὖν</strong></span> <span class='ocrx_word' id='word_1_29' title='bbox 729 1847 961 1929; x_wconf 79' lang='grc' dir='ltr'>συγγράμμασιν</span> <span class='ocrx_word' id='word_1_30' title='bbox 981 1846 1069 1913; x_wconf 78' lang='lat' dir='ltr'><strong>miros</strong></span> <span class='ocrx_word' id='word_1_31' title='bbox 1088 1848 1142 1926; x_wconf 85' lang='grc' dir='ltr'><strong>τῆν</strong></span> <span class='ocrx_word' id='word_1_32' title='bbox 1165 1848 1285 1923; x_wconf 79' lang='grc' dir='ltr'>ἆπλανῆ</span> <span class='ocrx_word' id='word_1_33' title='bbox 1308 1845 1474 1925; x_wconf 81' lang='grc' dir='ltr'>παράδοσιν</span> <span class='ocrx_word' id='word_1_34' title='bbox 1497 1850 1550 1907; x_wconf 91' lang='grc' dir='ltr'><strong>τοΰ</strong></span> 
     </span>
     <span class='ocr_line' id='line_1_7' title="bbox 446 1943 1550 2029; baseline 0.001 -22"><span class='ocrx_word' id='word_1_35' title='bbox 446 1943 667 2009; x_wconf 87' lang='grc' dir='ltr'>Ἀποστολικοῦ</span> <span class='ocrx_word' id='word_1_36' title='bbox 683 1949 866 2028; x_wconf 81' lang='grc' dir='ltr'>κηρύγματος</span> <span class='ocrx_word' id='word_1_37' title='bbox 881 1948 1074 2027; x_wconf 76' lang='grc' dir='ltr'>ἁπλουστάτη</span> <span class='ocrx_word' id='word_1_38' title='bbox 1089 1949 1227 2026; x_wconf 76' lang='grc' dir='ltr'>συντάξει</span> <span class='ocrx_word' id='word_1_39' title='bbox 1245 1952 1362 2029; x_wconf 78' lang='grc' dir='ltr'>γραφῆς</span> <span class='ocrx_word' id='word_1_40' title='bbox 1379 1949 1550 2025; x_wconf 79' lang='grc' dir='ltr'>ὑπομνημα-</span> 
     </span>
     <span class='ocr_line' id='line_1_8' title="bbox 447 2044 1550 2131; baseline 0.001 -23"><span class='ocrx_word' id='word_1_41' title='bbox 447 2044 616 2125; x_wconf 83' lang='grc' dir='ltr'>τισάμευος,</span> <span class='ocrx_word' id='word_1_42' title='bbox 630 2049 684 2110; x_wconf 73' lang='grc' dir='ltr'>διο.</span> <span class='ocrx_word' id='word_1_43' title='bbox 695 2070 764 2131; x_wconf 87' lang='lat' dir='ltr'><strong>cap.</strong></span> <span class='ocrx_word' id='word_1_44' title='bbox 778 2066 828 2112; x_wconf 84' lang='lat'><strong>22.</strong></span> <span class='ocrx_word' id='word_1_45' title='bbox 867 2049 1025 2126; x_wconf 79' lang='lat' dir='ltr'><strong>Quoniam</strong></span> <span class='ocrx_word' id='word_1_46' title='bbox 1034 2072 1108 2113; x_wconf 87' lang='lat' dir='ltr'><strong>vero</strong></span> <span class='ocrx_word' id='word_1_47' title='bbox 1117 2049 1267 2112; x_wconf 86' lang='lat' dir='ltr'><strong>historias</strong></span> <span class='ocrx_word' id='word_1_48' title='bbox 1279 2049 1351 2111; x_wconf 86' lang='lat' dir='ltr'><strong>inde</strong></span> <span class='ocrx_word' id='word_1_49' title='bbox 1361 2047 1474 2111; x_wconf 85' lang='lat' dir='ltr'><strong>attulit</strong></span> <span class='ocrx_word' id='word_1_50' title='bbox 1485 2046 1550 2109; x_wconf 88' lang='lat' dir='ltr'><strong>Eu·</strong></span> 
     </span>
     <span class='ocr_line' id='line_1_9' title="bbox 448 2147 1550 2234; baseline -0.002 -23"><span class='ocrx_word' id='word_1_51' title='bbox 448 2149 563 2226; x_wconf 84' lang='lat' dir='ltr'><strong>sobius,</strong></span> <span class='ocrx_word' id='word_1_52' title='bbox 570 2150 621 2213; x_wconf 90' lang='lat' dir='ltr'><strong>hio</strong></span> <span class='ocrx_word' id='word_1_53' title='bbox 631 2158 665 2213; x_wconf 89' lang='lat' dir='ltr'><strong>st</strong></span> <span class='ocrx_word' id='word_1_54' title='bbox 676 2150 749 2226; x_wconf 86' lang='lat' dir='ltr'><strong>illio,</strong></span> <span class='ocrx_word' id='word_1_55' title='bbox 761 2151 807 2213; x_wconf 94' lang='lat' dir='ltr'><strong>uti</strong></span> <span class='ocrx_word' id='word_1_56' title='bbox 818 2151 942 2214; x_wconf 87' lang='lat' dir='ltr'><strong>oooasio</strong></span> <span class='ocrx_word' id='word_1_57' title='bbox 950 2151 1146 2234; x_wconf 88' lang='lat' dir='ltr'><strong>postulabat,</strong></span> <span class='ocrx_word' id='word_1_58' title='bbox 1156 2151 1283 2214; x_wconf 80' lang='lat' dir='ltr'><strong>easdem</strong></span> <span class='ocrx_word' id='word_1_59' title='bbox 1295 2172 1353 2233; x_wconf 86' lang='lat' dir='ltr'><strong>ego</strong></span> <span class='ocrx_word' id='word_1_60' title='bbox 1362 2148 1394 2210; x_wconf 91' lang='lat' dir='ltr'><strong>in</strong></span> <span class='ocrx_word' id='word_1_61' title='bbox 1407 2147 1550 2211; x_wconf 80' lang='lat' dir='ltr'><strong>ordinem</strong></span> 
     </span>
     <span class='ocr_line' id='line_1_10' title="bbox 449 2250 1549 2336; baseline -0.001 -25"><span class='ocrx_word' id='word_1_62' title='bbox 449 2250 603 2334; x_wconf 77' lang='lat' dir='ltr'><strong>redigere,</strong></span> <span class='ocrx_word' id='word_1_63' title='bbox 619 2260 715 2335; x_wconf 90' lang='lat' dir='ltr'><strong>prout</strong></span> <span class='ocrx_word' id='word_1_64' title='bbox 730 2252 791 2315; x_wconf 85' lang='lat' dir='ltr'><strong>illae</strong></span> <span class='ocrx_word' id='word_1_65' title='bbox 805 2251 838 2314; x_wconf 94' lang='lat' dir='ltr'><strong>in</strong></span> <span class='ocrx_word' id='word_1_66' title='bbox 853 2252 921 2336; x_wconf 83' lang='lat' dir='ltr'><strong>ipso</strong></span> <span class='ocrx_word' id='word_1_67' title='bbox 937 2252 1112 2336; x_wconf 83' lang='lat' dir='ltr'><strong>Hegesippi</strong></span> <span class='ocrx_word' id='word_1_68' title='bbox 1128 2273 1224 2335; x_wconf 83' lang='lat' dir='ltr'><strong>opere</strong></span> <span class='ocrx_word' id='word_1_69' title='bbox 1244 2251 1303 2314; x_wconf 82' lang='lat' dir='ltr'>sibi</span> <span class='ocrx_word' id='word_1_70' title='bbox 1326 2250 1457 2313; x_wconf 83' lang='lat' dir='ltr'><strong>invioem</strong></span> <span class='ocrx_word' id='word_1_71' title='bbox 1480 2270 1549 2311; x_wconf 88' lang='lat' dir='ltr'><strong>suo-</strong></span> 
     </span>
     <span class='ocr_line' id='line_1_11' title="bbox 447 2351 1550 2438; baseline -0.004 -23"><span class='ocrx_word' id='word_1_72' title='bbox 447 2351 577 2415; x_wconf 84' lang='lat' dir='ltr'><strong>oossisso</strong></span> <span class='ocrx_word' id='word_1_73' title='bbox 592 2352 750 2429; x_wconf 88' lang='lat' dir='ltr'><strong>videntur,</strong></span> <span class='ocrx_word' id='word_1_74' title='bbox 760 2361 894 2417; x_wconf 82' lang='lat' dir='ltr'><strong>conatus</strong></span> <span class='ocrx_word' id='word_1_75' title='bbox 909 2376 989 2417; x_wconf 91' lang='lat' dir='ltr'><strong>sum.</strong></span> <span class='ocrx_word' id='word_1_76' title='bbox 1022 2356 1138 2438; x_wconf 83' lang='lat' dir='ltr'><strong>Itaque</strong></span> <span class='ocrx_word' id='word_1_77' title='bbox 1154 2354 1304 2417; x_wconf 80' lang='lat' dir='ltr'><strong>lectorem</strong></span> <span class='ocrx_word' id='word_1_78' title='bbox 1320 2372 1447 2415; x_wconf 86' lang='lat' dir='ltr'><strong>monsro</strong></span> <span class='ocrx_word' id='word_1_79' title='bbox 1458 2371 1550 2434; x_wconf 90' lang='lat' dir='ltr'><strong>opor·</strong></span> 
     </span>
     <span class='ocr_line' id='line_1_12' title="bbox 448 2451 1550 2540; baseline -0.001 -26"><span class='ocrx_word' id='word_1_80' title='bbox 448 2451 540 2526; x_wconf 86' lang='lat' dir='ltr'><strong>tobit,</strong></span> <span class='ocrx_word' id='word_1_81' title='bbox 556 2453 659 2537; x_wconf 86' lang='lat' dir='ltr'><strong>primo</strong></span> <span class='ocrx_word' id='word_1_82' title='bbox 678 2453 747 2516; x_wconf 91' lang='lat' dir='ltr'><strong>looo</strong></span> <span class='ocrx_word' id='word_1_83' title='bbox 769 2453 957 2518; x_wconf 88' lang='lat' dir='ltr'><strong>oollooatum</strong></span> <span class='ocrx_word' id='word_1_84' title='bbox 981 2476 1050 2518; x_wconf 83' lang='lat' dir='ltr'><strong>esso</strong></span> <span class='ocrx_word' id='word_1_85' title='bbox 1073 2455 1286 2540; x_wconf 73' lang='lat' dir='ltr'><strong>fragmentum</strong></span> <span class='ocrx_word' id='word_1_86' title='bbox 1310 2455 1349 2518; x_wconf 85' lang='lat' dir='ltr'><strong>do</strong></span> <span class='ocrx_word' id='word_1_87' title='bbox 1373 2452 1467 2516; x_wconf 84' lang='lat' dir='ltr'><strong>sectis</strong></span> <span class='ocrx_word' id='word_1_88' title='bbox 1489 2452 1550 2514; x_wconf 87' lang='lat' dir='ltr'><strong>Ju-</strong></span> 
     </span>
    </p>
   </div>
   <div class='ocr_carea' id='block_1_5' title="bbox 448 2552 1680 2639">
    <p class='ocr_par' dir='ltr' id='par_1_5' title="bbox 448 2552 1680 2639">
     <span class='ocr_line' id='line_1_13' title="bbox 448 2552 1680 2639; baseline 0.001 -23"><span class='ocrx_word' id='word_1_89' title='bbox 448 2552 557 2629; x_wconf 64' lang='lat' dir='ltr'><strong>unicis,</strong></span> <span class='ocrx_word' id='word_1_90' title='bbox 568 2554 642 2637; x_wconf 86' lang='lat' dir='ltr'><strong>quia</strong></span> <span class='ocrx_word' id='word_1_91' title='bbox 657 2554 832 2639; x_wconf 86' lang='lat' dir='ltr'><strong>praeivissot</strong></span> <span class='ocrx_word' id='word_1_92' title='bbox 843 2554 985 2619; x_wconf 82' lang='lat' dir='ltr'><strong>historioe</strong></span> <span class='ocrx_word' id='word_1_93' title='bbox 1001 2556 1040 2618; x_wconf 85' lang='lat' dir='ltr'><strong>do</strong></span> <span class='ocrx_word' id='word_1_94' title='bbox 1055 2563 1158 2619; x_wconf 83' lang='lat' dir='ltr'><strong>morte</strong></span> <span class='ocrx_word' id='word_1_95' title='bbox 1174 2556 1198 2618; x_wconf 89' lang='lat' dir='ltr'><strong>J</strong></span> <span class='ocrx_word' id='word_1_96' title='bbox 1199 2555 1301 2631; x_wconf 79' lang='lat' dir='ltr'><strong>scobi,</strong></span> <span class='ocrx_word' id='word_1_97' title='bbox 1311 2555 1396 2638; x_wconf 88' lang='lat' dir='ltr'><strong>quod</strong></span> <span class='ocrx_word' id='word_1_98' title='bbox 1411 2553 1550 2638; x_wconf 89' lang='lat' dir='ltr'><strong>probant</strong></span> <span class='ocrx_word' id='word_1_99' title='bbox 1676 2632 1680 2638; x_wconf 27' lang='grc'><strong>,</strong></span> 
     </span>
    </p>
   </div>
   <div class='ocr_carea' id='block_1_6' title="bbox 447 2654 1554 4765">
    <p class='ocr_par' dir='ltr' id='par_1_6' title="bbox 447 2654 1551 3831">
     <span class='ocr_line' id='line_1_14' title="bbox 450 2654 1550 2742; baseline 0.002 -26"><span class='ocrx_word' id='word_1_100' title='bbox 450 2675 521 2737; x_wconf 83' lang='lat' dir='ltr'><strong>quae</strong></span> <span class='ocrx_word' id='word_1_101' title='bbox 536 2654 569 2717; x_wconf 95' lang='lat' dir='ltr'><strong>in</strong></span> <span class='ocrx_word' id='word_1_102' title='bbox 583 2655 717 2719; x_wconf 89' lang='lat' dir='ltr'><strong>historia</strong></span> <span class='ocrx_word' id='word_1_103' title='bbox 732 2657 880 2719; x_wconf 78' lang='lat' dir='ltr'><strong>dicuntur</strong></span> <span class='ocrx_word' id='word_1_104' title='bbox 894 2678 925 2740; x_wconf 92' lang='lat' dir='ltr'><strong>p.</strong></span> <span class='ocrx_word' id='word_1_105' title='bbox 943 2674 1015 2738; x_wconf 87' lang='lat'>209.</span> <span class='ocrx_word' id='word_1_106' title='bbox 1032 2656 1051 2719; x_wconf 94' lang='lat' dir='ltr'><strong>l.</strong></span> <span class='ocrx_word' id='word_1_107' title='bbox 1068 2676 1099 2739; x_wconf 90' lang='lat'><strong>5.</strong></span> <span class='ocrx_word' id='word_1_108' title='bbox 1142 2657 1245 2721; x_wconf 89' lang='lat' dir='ltr'><strong>Porro</strong></span> <span class='ocrx_word' id='word_1_109' title='bbox 1260 2656 1404 2742; x_wconf 89' lang='lat' dir='ltr'><strong>proximo</strong></span> <span class='ocrx_word' id='word_1_110' title='bbox 1419 2656 1488 2719; x_wconf 89' lang='lat' dir='ltr'><strong>looo</strong></span> <span class='ocrx_word' id='word_1_111' title='bbox 1505 2654 1550 2718; x_wconf 88' lang='lat' dir='ltr'><strong>al·</strong></span> 
     </span>
     <span class='ocr_line' id='line_1_15' title="bbox 450 2756 1550 2843; baseline 0.002 -25"><span class='ocrx_word' id='word_1_112' title='bbox 450 2761 554 2818; x_wconf 86' lang='lat' dir='ltr'><strong>torum</strong></span> <span class='ocrx_word' id='word_1_113' title='bbox 566 2756 780 2841; x_wconf 77' lang='lat' dir='ltr'><strong>fragmentum</strong></span> <span class='ocrx_word' id='word_1_114' title='bbox 791 2756 863 2821; x_wconf 87' lang='lat' dir='ltr'><strong>ideo</strong></span> <span class='ocrx_word' id='word_1_115' title='bbox 873 2757 1033 2843; x_wconf 77' lang='lat' dir='ltr'><strong>adjectum</strong></span> <span class='ocrx_word' id='word_1_116' title='bbox 1049 2766 1110 2834; x_wconf 85' lang='lat' dir='ltr'><strong>ost,</strong></span> <span class='ocrx_word' id='word_1_117' title='bbox 1120 2759 1205 2842; x_wconf 88' lang='lat' dir='ltr'><strong>quod</strong></span> <span class='ocrx_word' id='word_1_118' title='bbox 1219 2758 1360 2822; x_wconf 83' lang='lat' dir='ltr'><strong>haerstioi</strong></span> <span class='ocrx_word' id='word_1_119' title='bbox 1374 2758 1417 2820; x_wconf 94' lang='lat' dir='ltr'><strong>ibi</strong></span> <span class='ocrx_word' id='word_1_120' title='bbox 1432 2779 1550 2821; x_wconf 86' lang='lat' dir='ltr'><strong>momo-</strong></span> 
     </span>
     <span class='ocr_line' id='line_1_16' title="bbox 447 2857 1550 2937; baseline 0.001 -16"><span class='ocrx_word' id='word_1_121' title='bbox 447 2857 512 2922; x_wconf 88' lang='lat' dir='ltr'><strong>rati</strong></span> <span class='ocrx_word' id='word_1_122' title='bbox 534 2880 573 2922; x_wconf 83' lang='lat' dir='ltr'><strong>ex</strong></span> <span class='ocrx_word' id='word_1_123' title='bbox 596 2860 755 2924; x_wconf 81' lang='lat' dir='ltr'><strong>sententia</strong></span> <span class='ocrx_word' id='word_1_124' title='bbox 769 2860 908 2923; x_wconf 88' lang='lat' dir='ltr'><strong>virorum</strong></span> <span class='ocrx_word' id='word_1_125' title='bbox 929 2860 1182 2923; x_wconf 76' lang='lat' dir='ltr'><strong>doctissimorum</strong></span> <span class='ocrx_word' id='word_1_126' title='bbox 1198 2859 1329 2936; x_wconf 78' lang='lat' dir='ltr'><strong>Volusii,</strong></span> <span class='ocrx_word' id='word_1_127' title='bbox 1347 2860 1445 2937; x_wconf 78' lang='lat' dir='ltr'><strong>Gavii,</strong></span> <span class='ocrx_word' id='word_1_128' title='bbox 1463 2860 1550 2923; x_wconf 90' lang='lat' dir='ltr'><strong>Dod-</strong></span> 
     </span>
     <span class='ocr_line' id='line_1_17' title="bbox 448 2959 1550 3045; baseline 0.002 -25"><span class='ocrx_word' id='word_1_129' title='bbox 448 2959 537 3035; x_wconf 86' lang='lat' dir='ltr'><strong>wolli‚</strong></span> <span class='ocrx_word' id='word_1_130' title='bbox 550 2982 613 3023; x_wconf 90' lang='lat' dir='ltr'><strong>non</strong></span> <span class='ocrx_word' id='word_1_131' title='bbox 625 2960 806 3033; x_wconf 75' lang='lat' dir='ltr'><strong>Christiani,</strong></span> <span class='ocrx_word' id='word_1_132' title='bbox 818 2961 874 3023; x_wconf 86' lang='lat' dir='ltr'><strong>sod</strong></span> <span class='ocrx_word' id='word_1_133' title='bbox 888 2959 912 3021; x_wconf 90' lang='lat' dir='ltr'><strong>J</strong></span> <span class='ocrx_word' id='word_1_134' title='bbox 915 2960 997 3023; x_wconf 84' lang='lat' dir='ltr'><strong>udaei</strong></span> <span class='ocrx_word' id='word_1_135' title='bbox 1008 2960 1156 3024; x_wconf 83' lang='lat' dir='ltr'><strong>videntur</strong></span> <span class='ocrx_word' id='word_1_136' title='bbox 1170 2961 1285 3037; x_wconf 81' lang='lat' dir='ltr'><strong>fuiss03</strong></span> <span class='ocrx_word' id='word_1_137' title='bbox 1302 2961 1335 3023; x_wconf 95' lang='lat' dir='ltr'><strong>id</strong></span> <span class='ocrx_word' id='word_1_138' title='bbox 1350 2962 1435 3045; x_wconf 88' lang='lat' dir='ltr'><strong>quod</strong></span> <span class='ocrx_word' id='word_1_139' title='bbox 1446 2960 1550 3024; x_wconf 83' lang='lat' dir='ltr'><strong>vorbis</strong></span> 
     </span>
     <span class='ocr_line' id='line_1_18' title="bbox 450 3058 1551 3147; baseline 0.002 -25"><span class='ocrx_word' id='word_1_140' title='bbox 450 3058 526 3144; x_wconf 91' lang='lat' dir='ltr'><strong>ipsis</strong></span> <span class='ocrx_word' id='word_1_141' title='bbox 546 3060 696 3124; x_wconf 89' lang='lat' dir='ltr'><strong>innuitur.</strong></span> <span class='ocrx_word' id='word_1_142' title='bbox 735 3061 853 3137; x_wconf 83' lang='lat' dir='ltr'><strong>Addas,</strong></span> <span class='ocrx_word' id='word_1_143' title='bbox 867 3061 952 3145; x_wconf 89' lang='lat' dir='ltr'><strong>quod</strong></span> <span class='ocrx_word' id='word_1_144' title='bbox 968 3069 1064 3125; x_wconf 77' lang='lat' dir='ltr'><strong>seotoe</strong></span> <span class='ocrx_word' id='word_1_145' title='bbox 1078 3062 1103 3124; x_wconf 86' lang='lat' dir='ltr'><strong>J</strong></span> <span class='ocrx_word' id='word_1_146' title='bbox 1104 3062 1226 3127; x_wconf 82' lang='lat' dir='ltr'><strong>udaioae</strong></span> <span class='ocrx_word' id='word_1_147' title='bbox 1247 3063 1330 3126; x_wconf 87' lang='lat' dir='ltr'><strong>inlra</strong></span> <span class='ocrx_word' id='word_1_148' title='bbox 1349 3062 1551 3147; x_wconf 78' lang='lat' dir='ltr'><strong>appellantur</strong></span> 
     </span>
     <span class='ocr_line' id='line_1_19' title="bbox 449 3161 1550 3249; baseline 0.002 -25"><span class='ocrx_word' id='word_1_149' title='bbox 449 3161 491 3224; x_wconf 86' lang='lat' dir='ltr'><strong>ab</strong></span> <span class='ocrx_word' id='word_1_150' title='bbox 505 3162 687 3247; x_wconf 83' lang='lat' dir='ltr'><strong>Hegesippo</strong></span> <span class='ocrx_word' id='word_1_151' title='bbox 698 3163 820 3226; x_wconf 75' lang='lat' dir='ltr'><strong>taeresss</strong></span> <span class='ocrx_word' id='word_1_152' title='bbox 831 3173 954 3246; x_wconf 81' lang='lat' dir='ltr'><strong>septem</strong></span> <span class='ocrx_word' id='word_1_153' title='bbox 965 3163 1049 3245; x_wconf 91' lang='lat' dir='ltr'><strong>apud</strong></span> <span class='ocrx_word' id='word_1_154' title='bbox 1060 3164 1221 3247; x_wconf 89' lang='lat' dir='ltr'><strong>populum.</strong></span> <span class='ocrx_word' id='word_1_155' title='bbox 1245 3165 1375 3249; x_wconf 88' lang='lat' dir='ltr'><strong>Alioqui</strong></span> <span class='ocrx_word' id='word_1_156' title='bbox 1386 3165 1550 3247; x_wconf 85' lang='lat' dir='ltr'><strong>satisapto</strong></span> 
     </span>
     <span class='ocr_line' id='line_1_20' title="bbox 450 3260 1550 3346; baseline 0 -22"><span class='ocrx_word' id='word_1_157' title='bbox 450 3260 553 3324; x_wconf 82' lang='lat' dir='ltr'><strong>altera</strong></span> <span class='ocrx_word' id='word_1_158' title='bbox 567 3263 636 3324; x_wconf 83' lang='lat' dir='ltr'><strong>haee·</strong></span> <span class='ocrx_word' id='word_1_159' title='bbox 650 3264 734 3342; x_wconf 79' lang='grc' dir='ltr'>ῥῆσις</span> <span class='ocrx_word' id='word_1_160' title='bbox 748 3262 836 3346; x_wconf 79' lang='lat' dir='ltr'><strong>sequi</strong></span> <span class='ocrx_word' id='word_1_161' title='bbox 852 3261 1013 3324; x_wconf 82' lang='lat' dir='ltr'><strong>videretur</strong></span> <span class='ocrx_word' id='word_1_162' title='bbox 1026 3262 1113 3324; x_wconf 89' lang='lat' dir='ltr'><strong>illam</strong></span> <span class='ocrx_word' id='word_1_163' title='bbox 1128 3263 1167 3325; x_wconf 85' lang='lat' dir='ltr'><strong>do</strong></span> <span class='ocrx_word' id='word_1_164' title='bbox 1182 3262 1372 3327; x_wconf 82' lang='lat' dir='ltr'><strong>Christianis</strong></span> <span class='ocrx_word' id='word_1_165' title='bbox 1394 3262 1490 3325; x_wconf 85' lang='lat' dir='ltr'><strong>sootis</strong></span> <span class='ocrx_word' id='word_1_166' title='bbox 1509 3284 1550 3324; x_wconf 86' lang='lat' dir='ltr'><strong>ox</strong></span> 
     </span>
     <span class='ocr_line' id='line_1_21' title="bbox 453 3361 1549 3447; baseline -0.001 -23"><span class='ocrx_word' id='word_1_167' title='bbox 453 3362 639 3445; x_wconf 83' lang='lat' dir='ltr'><strong>Hegesippo</strong></span> <span class='ocrx_word' id='word_1_168' title='bbox 669 3362 701 3423; x_wconf 93' lang='lat' dir='ltr'><strong>in</strong></span> <span class='ocrx_word' id='word_1_169' title='bbox 731 3362 841 3426; x_wconf 85' lang='lat' dir='ltr'><strong>eodem</strong></span> <span class='ocrx_word' id='word_1_170' title='bbox 871 3361 931 3424; x_wconf 87' lang='lat' dir='ltr'><strong>hoo</strong></span> <span class='ocrx_word' id='word_1_171' title='bbox 957 3363 1062 3445; x_wconf 88' lang='lat' dir='ltr'><strong>oapito</strong></span> <span class='ocrx_word' id='word_1_172' title='bbox 1084 3361 1224 3425; x_wconf 86' lang='lat' dir='ltr'><strong>allatam.</strong></span> <span class='ocrx_word' id='word_1_173' title='bbox 1273 3362 1343 3425; x_wconf 90' lang='lat' dir='ltr'><strong>Vid.</strong></span> <span class='ocrx_word' id='word_1_174' title='bbox 1375 3384 1447 3447; x_wconf 86' lang='lat' dir='ltr'><strong>pag.</strong></span> <span class='ocrx_word' id='word_1_175' title='bbox 1477 3381 1549 3446; x_wconf 83' lang='lat'><strong>215.</strong></span> 
     </span>
     <span class='ocr_line' id='line_1_22' title="bbox 449 3463 1548 3541; baseline 0.002 -16"><span class='ocrx_word' id='word_1_176' title='bbox 449 3464 554 3526; x_wconf 89' lang='lat' dir='ltr'><strong>Immo</strong></span> <span class='ocrx_word' id='word_1_177' title='bbox 571 3464 712 3526; x_wconf 92' lang='lat' dir='ltr'><strong>nonnihil</strong></span> <span class='ocrx_word' id='word_1_178' title='bbox 731 3463 867 3528; x_wconf 84' lang='lat' dir='ltr'><strong>fortasse</strong></span> <span class='ocrx_word' id='word_1_179' title='bbox 881 3465 1086 3540; x_wconf 83' lang='lat' dir='ltr'><strong>difficultatis,</strong></span> <span class='ocrx_word' id='word_1_180' title='bbox 1103 3466 1151 3529; x_wconf 87' lang='lat' dir='ltr'><strong>vol</strong></span> <span class='ocrx_word' id='word_1_181' title='bbox 1166 3465 1397 3541; x_wconf 67' lang='lat' dir='ltr'><strong>inconstantis,</strong></span> <span class='ocrx_word' id='word_1_182' title='bbox 1414 3473 1447 3529; x_wconf 84' lang='lat' dir='ltr'><strong>ot</strong></span> <span class='ocrx_word' id='word_1_183' title='bbox 1462 3465 1548 3529; x_wconf 88' lang='lat' dir='ltr'><strong>istud</strong></span> 
     </span>
     <span class='ocr_line' id='line_1_23' title="bbox 449 3563 1549 3649; baseline 0 -23"><span class='ocrx_word' id='word_1_184' title='bbox 449 3563 556 3639; x_wconf 84' lang='lat' dir='ltr'><strong>habet,</strong></span> <span class='ocrx_word' id='word_1_185' title='bbox 573 3564 657 3647; x_wconf 88' lang='lat' dir='ltr'><strong>quod</strong></span> <span class='ocrx_word' id='word_1_186' title='bbox 678 3572 826 3628; x_wconf 78' lang='lat' dir='ltr'><strong>extarent</strong></span> <span class='ocrx_word' id='word_1_187' title='bbox 846 3587 886 3628; x_wconf 85' lang='lat' dir='ltr'><strong>ex</strong></span> <span class='ocrx_word' id='word_1_188' title='bbox 906 3587 1036 3629; x_wconf 78' lang='lat' dir='ltr'><strong>numero</strong></span> <span class='ocrx_word' id='word_1_189' title='bbox 1056 3565 1180 3629; x_wconf 89' lang='lat' dir='ltr'><strong>illorum</strong></span> <span class='ocrx_word' id='word_1_190' title='bbox 1200 3566 1432 3640; x_wconf 84' lang='lat' dir='ltr'><strong>haerotioorum,</strong></span> <span class='ocrx_word' id='word_1_191' title='bbox 1448 3564 1549 3649; x_wconf 92' lang='lat' dir='ltr'><strong>quiin</strong></span> 
     </span>
     <span class='ocr_line' id='line_1_24' title="bbox 448 3664 1548 3751; baseline 0.004 -24"><span class='ocrx_word' id='word_1_192' title='bbox 448 3664 545 3750; x_wconf 86' lang='lat' dir='ltr'><strong>priori</strong></span> <span class='ocrx_word' id='word_1_193' title='bbox 565 3666 651 3743; x_wconf 79' lang='grc' dir='ltr'>ῥήσει</span> <span class='ocrx_word' id='word_1_194' title='bbox 665 3666 762 3729; x_wconf 87' lang='lat' dir='ltr'><strong>tribui</strong></span> <span class='ocrx_word' id='word_1_195' title='bbox 776 3666 800 3728; x_wconf 89' lang='lat' dir='ltr'><strong>J</strong></span> <span class='ocrx_word' id='word_1_196' title='bbox 801 3667 872 3730; x_wconf 83' lang='lat' dir='ltr'><strong>udae</strong></span> <span class='ocrx_word' id='word_1_197' title='bbox 887 3667 999 3730; x_wconf 84' lang='lat' dir='ltr'><strong>inionsi</strong></span> <span class='ocrx_word' id='word_1_198' title='bbox 1015 3667 1174 3744; x_wconf 78' lang='lat' dir='ltr'><strong>dicuntur,</strong></span> <span class='ocrx_word' id='word_1_199' title='bbox 1189 3667 1331 3731; x_wconf 86' lang='lat' dir='ltr'><strong>homines</strong></span> <span class='ocrx_word' id='word_1_200' title='bbox 1351 3688 1391 3730; x_wconf 84' lang='lat' dir='ltr'><strong>ox</strong></span> <span class='ocrx_word' id='word_1_201' title='bbox 1411 3666 1480 3751; x_wconf 90' lang='lat' dir='ltr'><strong>ipsa</strong></span> <span class='ocrx_word' id='word_1_202' title='bbox 1495 3666 1548 3731; x_wconf 87' lang='lat' dir='ltr'><strong>illa</strong></span> 
     </span>
     <span class='ocr_line' id='line_1_25' title="bbox 449 3766 685 3831; baseline 0.004 -1"><span class='ocrx_word' id='word_1_203' title='bbox 449 3766 536 3830; x_wconf 89' lang='lat' dir='ltr'><strong>tribu</strong></span> <span class='ocrx_word' id='word_1_204' title='bbox 551 3767 685 3831; x_wconf 86' lang='lat' dir='ltr'><strong>oriundi.</strong></span> 
     </span>
    </p>

    <p class='ocr_par' dir='ltr' id='par_1_7' title="bbox 447 3867 1553 4459">
     <span class='ocr_line' id='line_1_26' title="bbox 495 3867 1551 3951; baseline 0 -20"><span class='ocrx_word' id='word_1_205' title='bbox 495 3868 577 3932; x_wconf 85' lang='lat' dir='ltr'><strong>Ibld.</strong></span> <span class='ocrx_word' id='word_1_206' title='bbox 599 3868 618 3931; x_wconf 94' lang='lat' dir='ltr'><strong>l.</strong></span> <span class='ocrx_word' id='word_1_207' title='bbox 636 3888 664 3948; x_wconf 92' lang='lat'><strong>7.</strong></span> <span class='ocrx_word' id='word_1_208' title='bbox 678 3868 784 3932; x_wconf 83' lang='grc' dir='ltr'>Ἦσαν</span> <span class='ocrx_word' id='word_1_209' title='bbox 810 3871 842 3932; x_wconf 70' lang='grc' dir='ltr'><strong>δὲ</strong></span> <span class='ocrx_word' id='word_1_210' title='bbox 859 3869 989 3951; x_wconf 83' lang='grc' dir='ltr'>γνῶμαι]</span> <span class='ocrx_word' id='word_1_211' title='bbox 1016 3868 1178 3932; x_wconf 85' lang='lat' dir='ltr'><strong>Praemisit</strong></span> <span class='ocrx_word' id='word_1_212' title='bbox 1203 3869 1369 3944; x_wconf 81' lang='lat' dir='ltr'><strong>Eusebius,</strong></span> <span class='ocrx_word' id='word_1_213' title='bbox 1380 3867 1450 3931; x_wconf 84' lang='grc' dir='ltr'><strong>Ἔτι</strong></span> <span class='ocrx_word' id='word_1_214' title='bbox 1476 3872 1508 3932; x_wconf 80' lang='grc' dir='ltr'><strong>δὲ</strong></span> <span class='ocrx_word' id='word_1_215' title='bbox 1534 3870 1551 3931; x_wconf 85' lang='grc' dir='ltr'>ὁ</span> 
     </span>
     <span class='ocr_line' id='line_1_27' title="bbox 452 3972 1552 4060; baseline -0.002 -22"><span class='ocrx_word' id='word_1_216' title='bbox 452 3976 539 4042; x_wconf 76' lang='grc' dir='ltr'>αὐτὸς</span> <span class='ocrx_word' id='word_1_217' title='bbox 561 3975 794 4060; x_wconf 80' lang='lat' dir='ltr'><strong>(Hagesippus)</strong></span> <span class='ocrx_word' id='word_1_218' title='bbox 814 3975 861 4037; x_wconf 83' lang='grc' dir='ltr'><strong>καὶ</strong></span> <span class='ocrx_word' id='word_1_219' title='bbox 887 3976 939 4039; x_wconf 84' lang='grc' dir='ltr'><strong>τδς</strong></span> <span class='ocrx_word' id='word_1_220' title='bbox 962 3972 1057 4035; x_wconf 80' lang='grc' dir='ltr'>πύλαι</span> <span class='ocrx_word' id='word_1_221' title='bbox 1080 3974 1281 4054; x_wconf 77' lang='grc' dir='ltr'>γεγενημένας</span> <span class='ocrx_word' id='word_1_222' title='bbox 1305 3977 1385 4054; x_wconf 78' lang='grc' dir='ltr'>παρὰ</span> <span class='ocrx_word' id='word_1_223' title='bbox 1398 3972 1552 4042; x_wconf 79' lang='grc' dir='ltr'>Ἰουδαίοις</span> 
     </span>
     <span class='ocr_line' id='line_1_28' title="bbox 451 4072 1552 4158; baseline -0.002 -19"><span class='ocrx_word' id='word_1_224' title='bbox 451 4077 581 4157; x_wconf 78' lang='grc' dir='ltr'>αἱρέσεις</span> <span class='ocrx_word' id='word_1_225' title='bbox 597 4080 711 4157; x_wconf 81' lang='grc' dir='ltr'>ἱστορεῖ</span> <span class='ocrx_word' id='word_1_226' title='bbox 723 4076 831 4156; x_wconf 84' lang='grc' dir='ltr'>λέγων·</span> <span class='ocrx_word' id='word_1_227' title='bbox 851 4072 979 4137; x_wconf 72' lang='grc' dir='ltr'>ἨΣΑΝ</span> <span class='ocrx_word' id='word_1_228' title='bbox 1002 4077 1036 4137; x_wconf 78' lang='grc' dir='ltr'><strong>δὲ</strong></span> <span class='ocrx_word' id='word_1_229' title='bbox 1059 4080 1173 4155; x_wconf 83' lang='grc' dir='ltr'>γνῶμαι</span> <span class='ocrx_word' id='word_1_230' title='bbox 1199 4077 1255 4138; x_wconf 76' lang='grc' dir='ltr'>διο.</span> <span class='ocrx_word' id='word_1_231' title='bbox 1301 4075 1390 4138; x_wconf 71' lang='lat' dir='ltr'><strong>Idem</strong></span> <span class='ocrx_word' id='word_1_232' title='bbox 1399 4086 1552 4158; x_wconf 70' lang='lat' dir='ltr'><strong>psalmo</strong></span> 
     </span>
     <span class='ocr_line' id='line_1_29' title="bbox 447 4172 1552 4261; baseline -0.003 -21"><span class='ocrx_word' id='word_1_233' title='bbox 447 4178 578 4261; x_wconf 75' lang='lat' dir='ltr'><strong>scriptor</strong></span> <span class='ocrx_word' id='word_1_234' title='bbox 603 4187 696 4240; x_wconf 79' lang='lat' dir='ltr'><strong>sectos</strong></span> <span class='ocrx_word' id='word_1_235' title='bbox 721 4178 793 4239; x_wconf 75' lang='lat' dir='ltr'><strong>iHus</strong></span> <span class='ocrx_word' id='word_1_236' title='bbox 817 4197 885 4259; x_wconf 75' lang='lat' dir='ltr'><strong>quw</strong></span> <span class='ocrx_word' id='word_1_237' title='bbox 913 4172 1064 4259; x_wconf 75' lang='grc' dir='ltr'>ηυοιιύαυι</span> <span class='ocrx_word' id='word_1_238' title='bbox 1092 4177 1179 4259; x_wconf 79' lang='lat' dir='ltr'><strong>opud</strong></span> <span class='ocrx_word' id='word_1_239' title='bbox 1201 4176 1328 4238; x_wconf 72' lang='lat' dir='ltr'><strong>Judoeos</strong></span> <span class='ocrx_word' id='word_1_240' title='bbox 1357 4176 1552 4239; x_wconf 73' lang='grc' dir='ltr'>ιάυαύιιαιυιαι</span> 
     </span>
     <span class='ocr_line' id='line_1_30' title="bbox 450 4274 1553 4360; baseline 0 -21"><span class='ocrx_word' id='word_1_241' title='bbox 450 4288 575 4341; x_wconf 62' lang='lat' dir='ltr'><strong>recenset</strong></span> <span class='ocrx_word' id='word_1_242' title='bbox 589 4279 636 4341; x_wconf 75' lang='lat' dir='ltr'><strong>tis</strong></span> <span class='ocrx_word' id='word_1_243' title='bbox 651 4278 756 4341; x_wconf 77' lang='lat' dir='ltr'><strong>vorbis.</strong></span> <span class='ocrx_word' id='word_1_244' title='bbox 790 4277 957 4351; x_wconf 82' lang='lat' dir='ltr'><strong>ERANT,</strong></span> <span class='ocrx_word' id='word_1_245' title='bbox 973 4277 1082 4360; x_wconf 75' lang='lat' dir='ltr'><strong>inquit,</strong></span> <span class='ocrx_word' id='word_1_246' title='bbox 1100 4276 1231 4338; x_wconf 81' lang='lat' dir='ltr'><strong>diversas</strong></span> <span class='ocrx_word' id='word_1_247' title='bbox 1247 4284 1342 4340; x_wconf 64' lang='lat' dir='ltr'><strong>sectas</strong></span> <span class='ocrx_word' id='word_1_248' title='bbox 1360 4279 1414 4340; x_wconf 77' lang='lat' dir='ltr'><strong>&amp;a</strong></span> <span class='ocrx_word' id='word_1_249' title='bbox 1447 4274 1553 4339; x_wconf 85' lang='grc' dir='ltr'>Ἦσαν</span> 
     </span>
     <span class='ocr_line' id='line_1_31' title="bbox 452 4377 1273 4459; baseline 0 -20"><span class='ocrx_word' id='word_1_250' title='bbox 452 4381 483 4439; x_wconf 68' lang='grc' dir='ltr'><strong>δὲ</strong></span> <span class='ocrx_word' id='word_1_251' title='bbox 500 4381 547 4439; x_wconf 85' lang='grc' dir='ltr'><strong>καὶ</strong></span> <span class='ocrx_word' id='word_1_252' title='bbox 564 4404 610 4456; x_wconf 82' lang='grc' dir='ltr'><strong>γυ.</strong></span> <span class='ocrx_word' id='word_1_253' title='bbox 628 4379 746 4440; x_wconf 86' lang='lat' dir='ltr'><strong>haboro</strong></span> <span class='ocrx_word' id='word_1_254' title='bbox 762 4378 974 4459; x_wconf 65' lang='lat' dir='ltr'><strong>Nicephorum,</strong></span> <span class='ocrx_word' id='word_1_255' title='bbox 992 4385 1084 4439; x_wconf 83' lang='lat' dir='ltr'><strong>not-at</strong></span> <span class='ocrx_word' id='word_1_256' title='bbox 1101 4377 1273 4440; x_wconf 88' lang='lat' dir='ltr'><strong>Strothius.</strong></span> 
     </span>
    </p>

    <p class='ocr_par' dir='ltr' id='par_1_8' title="bbox 450 4478 1554 4765">
     <span class='ocr_line' id='line_1_32' title="bbox 497 4478 1552 4558; baseline -0.001 -18"><span class='ocrx_word' id='word_1_257' title='bbox 497 4479 580 4540; x_wconf 83' lang='lat' dir='ltr'><strong>Ibid.</strong></span> <span class='ocrx_word' id='word_1_258' title='bbox 610 4482 643 4542; x_wconf 85' lang='grc' dir='ltr'><strong>έν</strong></span> <span class='ocrx_word' id='word_1_259' title='bbox 666 4482 740 4544; x_wconf 82' lang='grc' dir='ltr'>υἱοῖς</span> <span class='ocrx_word' id='word_1_260' title='bbox 764 4478 888 4556; x_wconf 77' lang='grc' dir='ltr'>Ἰσραὴλ</span> <span class='ocrx_word' id='word_1_261' title='bbox 915 4485 973 4541; x_wconf 87' lang='grc' dir='ltr'><strong>τῶι·</strong></span> <span class='ocrx_word' id='word_1_262' title='bbox 1000 4484 1074 4541; x_wconf 82' lang='grc' dir='ltr'>κατὰ</span> <span class='ocrx_word' id='word_1_263' title='bbox 1103 4485 1151 4556; x_wconf 86' lang='grc' dir='ltr'><strong>τῆς</strong></span> <span class='ocrx_word' id='word_1_264' title='bbox 1179 4485 1276 4558; x_wconf 80' lang='grc' dir='ltr'>φυλῆς</span> <span class='ocrx_word' id='word_1_265' title='bbox 1299 4479 1397 4541; x_wconf 77' lang='grc' dir='ltr'>’ἰούδα</span> <span class='ocrx_word' id='word_1_266' title='bbox 1423 4481 1470 4541; x_wconf 84' lang='grc' dir='ltr'><strong>καὶ</strong></span> <span class='ocrx_word' id='word_1_267' title='bbox 1500 4483 1552 4540; x_wconf 85' lang='grc' dir='ltr'><strong>τοῦ</strong></span> 
     </span>
     <span class='ocr_line' id='line_1_33' title="bbox 453 4578 1554 4672; baseline 0.002 -30"><span class='ocrx_word' id='word_1_268' title='bbox 453 4580 597 4661; x_wconf 83' lang='grc' dir='ltr'>Χριστοῦ]</span> <span class='ocrx_word' id='word_1_269' title='bbox 617 4578 655 4641; x_wconf 93' lang='lat' dir='ltr'><strong>In</strong></span> <span class='ocrx_word' id='word_1_270' title='bbox 670 4580 777 4642; x_wconf 84' lang='lat' dir='ltr'><strong>codice</strong></span> <span class='ocrx_word' id='word_1_271' title='bbox 795 4580 878 4641; x_wconf 78' lang='grc' dir='ltr'>Μαι.</span> <span class='ocrx_word' id='word_1_272' title='bbox 896 4579 985 4642; x_wconf 85' lang='lat' dir='ltr'><strong>Med.</strong></span> <span class='ocrx_word' id='word_1_273' title='bbox 998 4588 1031 4643; x_wconf 85' lang='lat' dir='ltr'><strong>ot</strong></span> <span class='ocrx_word' id='word_1_274' title='bbox 1048 4579 1129 4642; x_wconf 84' lang='lat' dir='ltr'><strong>Ful.</strong></span> <span class='ocrx_word' id='word_1_275' title='bbox 1143 4579 1296 4663; x_wconf 82' lang='lat' dir='ltr'><strong>scriptum</strong></span> <span class='ocrx_word' id='word_1_276' title='bbox 1312 4579 1415 4672; x_wconf 82' lang='lat' dir='ltr'><strong>inveni</strong></span> <span class='ocrx_word' id='word_1_277' title='bbox 1432 4582 1465 4643; x_wconf 84' lang='grc' dir='ltr'><strong>έν</strong></span> <span class='ocrx_word' id='word_1_278' title='bbox 1480 4582 1554 4644; x_wconf 81' lang='grc' dir='ltr'>υἱοῖς</span> 
     </span>
     <span class='ocr_line' id='line_1_34' title="bbox 450 4677 1553 4765; baseline 0 -23"><span class='ocrx_word' id='word_1_279' title='bbox 450 4677 584 4760; x_wconf 79' lang='grc' dir='ltr'>Ἰσραήλ·</span> <span class='ocrx_word' id='word_1_280' title='bbox 600 4680 618 4759; x_wconf 83' lang='grc' dir='ltr'><em>ἡ</em></span> <span class='ocrx_word' id='word_1_281' title='bbox 636 4686 695 4744; x_wconf 75' lang='grc' dir='ltr'><strong>τῶν</strong></span> <span class='ocrx_word' id='word_1_282' title='bbox 715 4684 790 4744; x_wconf 85' lang='grc' dir='ltr'>κοτδ</span> <span class='ocrx_word' id='word_1_283' title='bbox 808 4684 859 4755; x_wconf 88' lang='grc' dir='ltr'><strong>τῆς</strong></span> <span class='ocrx_word' id='word_1_284' title='bbox 878 4685 976 4761; x_wconf 80' lang='grc' dir='ltr'>φυλῆς</span> <span class='ocrx_word' id='word_1_285' title='bbox 990 4680 1098 4754; x_wconf 88' lang='grc' dir='ltr'>Ἰούδα,</span> <span class='ocrx_word' id='word_1_286' title='bbox 1118 4682 1176 4744; x_wconf 76' lang='grc' dir='ltr'>διο.</span> <span class='ocrx_word' id='word_1_287' title='bbox 1193 4681 1278 4764; x_wconf 88' lang='lat' dir='ltr'><strong>quod</strong></span> <span class='ocrx_word' id='word_1_288' title='bbox 1300 4680 1377 4765; x_wconf 91' lang='lat' dir='ltr'><strong>quid</strong></span> <span class='ocrx_word' id='word_1_289' title='bbox 1396 4680 1456 4744; x_wconf 87' lang='lat' dir='ltr'><strong>sibi</strong></span> <span class='ocrx_word' id='word_1_290' title='bbox 1477 4678 1553 4743; x_wconf 80' lang='lat' dir='ltr'><strong>velit</strong></span> 
     </span>
    </p>
   </div>
   <div class='ocr_carea' id='block_1_7' title="bbox 0 0 1916 5650">
    <p class='ocr_par' dir='ltr' id='par_1_9' title="bbox 0 0 1916 5650">
     <span class='ocr_line' id='line_1_35' title="bbox 0 0 1916 5650; baseline 0 0"><span class='ocrx_word' id='word_1_291' title='bbox 0 0 1916 5650; x_wconf 95' lang='lat' dir='ltr'><strong> </strong></span> 
     </span>
    </p>
   </div>
  </div>
 </body>
</html>
