3809 5650
394 629 439 694 26
768 628 1121 695 ANNOTATIONES

393 799 451 878 μέν
474 799 604 862 καθόλου
623 797 657 860 τδ
678 803 742 878 φῶς
762 799 803 877 μὴ
823 796 963 877 βλέπειν
987 797 1055 864 τοὺς
1068 794 1242 878 ὀφθαλμοὺς
1262 795 1295 858 δέ
1316 793 1407 857 αὐτοῦ
1421 793 1498 873 μηδέ

395 899 452 962 ὑπὸ
468 901 568 978 ἰατροῦ
583 900 722 980 διόπτρας
737 901 867 980 ὀφθῆναι
881 900 1036 962 δύνασθαι·
1063 901 1207 960 τοσοῦτον
1220 893 1317 975 βάθος
1332 894 1417 977 είχον
1437 892 1497 958 θπδ

396 1005 447 1078 τῆς
459 1000 569 1078 ἔξωθεν
584 1002 769 1081 ἐπιφανείας.
812 1000 857 1062 Τὸ
879 1002 911 1063 δέ
931 1001 1047 1062 αἰδοῖον
1066 998 1154 1060 αὐτοῦ
1172 995 1270 1075 πάσης
1287 997 1344 1074 μὶν
1363 997 1500 1077 ἀσχημο-

396 1102 488 1179 σύνης
499 1100 681 1180 ἀηδέστερον
695 1100 744 1163 καὶ
757 1105 857 1178 μεῖζον
872 1099 1043 1179 φαίνεσθαι·
1063 1097 1212 1178 φέρεσθαι
1226 1098 1258 1159 δέ
1274 1097 1311 1161 δι’
1326 1097 1416 1160 αὐτοῦ
1430 1096 1500 1162 τοὺς

397 1199 434 1277 ἐξ
447 1201 577 1266 ἅπαντος
598 1205 651 1264 τοῦ
673 1203 809 1279 σώματος
830 1199 1011 1281 συρῤἐοντος
1026 1197 1134 1280 ίχῶράς
1153 1222 1186 1261 τε
1208 1199 1258 1261 καὶ
1280 1198 1437 1275 σκάληκος
1456 1199 1500 1262 είς

395 1304 484 1382 ὕβριν
499 1300 534 1364 δι’
551 1303 647 1366 αὐτῶν
659 1304 755 1381 μόνον
768 1308 827 1365 τῶν
842 1302 1023 1381 ἀναγκαίων.
1061 1300 1148 1362 Meri:
1163 1300 1281 1364 πολλὰς
1296 1301 1329 1361 δέ
1343 1297 1500 1377 βασάνους

398 1404 447 1467 καὶ
461 1405 609 1483 τιμωρίας,
626 1405 661 1467 ἐν
676 1406 748 1488 ίδίιρ,
764 1404 853 1485 φασὶ,
874 1402 972 1487 χωρίῳ
992 1399 1222 1480 τελευτήσαντα,
1240 1400 1288 1463 καὶ
1307 1405 1368 1467 τοῖς
1384 1399 1433 1462 ἐπὶ
1447 1400 1499 1476 τῆς

397 1507 468 1568 ὁδοῦ
483 1505 592 1586 ἔρημον
607 1506 655 1568 καὶ
670 1507 808 1584 ἀοίκητον
828 1505 862 1567 τδ
883 1506 994 1586 χωρίον
1008 1502 1098 1584 μέχρι
1111 1506 1163 1580 τῆς
1178 1507 1233 1565 νῦν
1252 1500 1404 1582 γενέσθαι·
1427 1497 1497 1564 ἀλλ’

397 1605 465 1668 οὐδὲ
478 1604 567 1686 μέχρι
581 1609 632 1682 τῆς
646 1604 778 1686 σήμερον
792 1606 940 1669 δύνασθαί
951 1629 1018 1667 τινα
1030 1606 1146 1667 ἐκεῖνον
1157 1603 1209 1667 τὸν
1218 1605 1312 1667 τόπον
1323 1606 1498 1683 παρελθεῖν,

398 1705 453 1766 ἐὰν
466 1704 507 1782 μὴ
521 1706 574 1770 τδς
592 1708 676 1786 ῥῖνας
690 1711 755 1772 ταῖς
774 1707 882 1788 χερσὶν
902 1703 1072 1785 ἐπιφράξῃ..
1101 1706 1241 1782 Τοσαύτη
1257 1706 1305 1766 διδ
1324 1706 1375 1781 τῆς
1388 1699 1501 1781 σαρκὸς

397 1801 489 1865 αὐτοῦ
503 1801 552 1864 καὶ
567 1803 616 1865 ἐπὶ
629 1807 683 1883 γῆς
697 1803 815 1882 ἐκρυσις
830 1803 973 1884 ἐχώρησε.
1019 1802 1276 1886 Theophylaotus
1294 1803 1453 1866 Commeat.
1465 1801 1501 1864 in

398 1903 481 1965 Δουα
495 1902 715 1986 Apostolorum,
731 1925 762 1987 p.
774 1921 802 1965 2.
819 1903 896 1966 edit.
912 1902 1025 1966 Colon.
1068 1902 1146 1966 Jam
1167 1903 1326 1988 deinceps,
1347 1924 1411 1988 que
1434 1923 1501 1966 eor-

398 2002 464 2066 tius
479 2009 610 2065 eruatur
622 2003 750 2080 veritae,
766 2003 944 2067 afferendus
955 2004 1017 2068 erit
1029 2004 1210 2068 OEeumenii
1222 2004 1385 2090 seriptorie
1396 2003 1502 2067 Theo·

400 2101 550 2186 phylaeto
567 2103 752 2168 vetustioris
771 2104 1025 2168 commentarius.
1069 2103 1303 2186 Ἀπολλιναρίου
1319 2106 1395 2186 (hoe
1415 2103 1501 2168 enim

400 2208 451 2265 eet
484 2224 600 2268 nornen
634 2203 774 2288 positum
809 2227 873 2268 non
903 2211 1030 2269 tantum
1065 2205 1098 2267 in
1132 2206 1264 2283 duabus,
1300 2227 1379 2289 quaa
1411 2203 1504 2268 initio

400 2304 582 2383 memoravi,
601 2307 733 2384 omme,
748 2308 804 2371 eod
822 2307 920 2372 etiam
940 2309 973 2370 in
993 2307 1121 2371 Scholiio
1137 2307 1183 2370 od
1194 2310 1276 2371 Aoo
1291 2305 1504 2391 Αρσιυοίοτμπι

401 2426 442 2467 ex
457 2406 565 2469 codiee
587 2406 768 2493 Moequano
784 2429 806 2471 a
825 2408 864 2472 el.
886 2409 1038 2474 Matthaei
1052 2429 1153 2492 nuper
1171 2407 1275 2482 editis,
1292 2429 1407 2492 nempe
1427 2429 1501 2492 pag.

400 2524 475 2588 304.
492 2506 546 2569 ubi
561 2508 629 2572 haee
649 2510 770 2582 eadem,
787 2510 879 2573 valde
898 2518 1007 2575 tomen
1026 2509 1225 2589 abbreviata,
1244 2509 1444 2592 afferuntur),
1459 2507 1499 2573 Ὁ

401 2604 516 2673 Ἰούδας
530 2608 583 2671 οὐκ
607 2609 823 2696 ἐναπέθονετῇ
843 2611 969 2697 ἀγχόνῃ,
993 2610 1062 2674 ἀλλ’
1086 2613 1209 2691 ἐπεβίω,
1234 2610 1422 2692 κατενεχθεὶς
1443 2608 1501 2690 πρὸ

403 2712 456 2771 τοῦ
477 2710 685 2791 ἀποπνιγῆναι,
708 2712 756 2774 καὶ
777 2716 863 2774 τοῦτο
884 2716 1027 2790 δηλοῦσιν
1042 2715 1073 2775 αἱ
1094 2719 1153 2775 τῶν
1173 2713 1351 2776 άποστόλων
1369 2709 1501 2791 πράξεις,

401 2811 447 2873 δτι
461 2810 571 2891 πρηνὴς
587 2812 749 2893 γενόμενος
763 2812 893 2892 ἐλάκησε
907 2812 1010 2892 μίσος·
1032 2816 1165 2877 τοῦτοδὲ
1182 2812 1372 2894 σαφέστερον
1388 2813 1504 2892 ἱστορεῖ

404 2913 525 2977 Παπίας
552 2914 568 2974 ὁ
591 2910 733 2977 Ἰωάννου
756 2918 809 2977 τοῦ
833 2916 1005 2978 ἀποστόλου
1029 2914 1159 2993 μαθητὴς
1187 2912 1296 2994 λόγων,
1321 2913 1406 2998 (οοά.
1426 2935 1500 2977 xxv.

403 3009 547 3076 Βὶδίίοίίι.
566 3013 688 3078 Ooiolin.
703 3016 804 3093 addit,
823 3014 1064 3079 Montfauoonio
1079 3020 1172 3091 testo,
1189 3016 1222 3077 ἐν
1239 3018 1279 3098 τῷ
1294 3013 1319 3078 δ’
1333 3018 1384 3093 τῆς
1399 3016 1431 3092 ἐξ
1478 3012 1488 3038 ’

405 3135 482 3177 σεως
499 3117 559 3176 τῶν
579 3119 731 3194 Κνριακῶν
745 3122 856 3197 λόγων,
875 3116 970 3181 itaet
985 3115 1241 3199 Theophylaetus
1256 3136 1335 3199 opus
1349 3115 1502 3200 appellat,

404 3212 461 3273 sed
475 3215 588 3294 λογίων
603 3213 653 3277 hio
668 3222 702 3278 et
715 3216 791 3278 alibi
804 3216 975 3301 Eusebius)
992 3216 1083 3298 Μίγα
1097 3217 1241 3294 ἀσεβείας
1256 3218 1312 3280 διο.
1331 3217 1386 3282 διο.
1403 3215 1502 3302 (siout

406 3309 440 3371 in
455 3318 547 3375 textu
563 3320 673 3378 nostro
692 3318 970 3398 supra)-—‹i'›ore
992 3319 1030 3379 τδ
1049 3317 1160 3396 ἔγκατα
1181 3316 1270 3379 αὐτοῦ
1291 3318 1502 3397 ἐκκενωθῆναι.

407 3414 555 3474 ΑΛΛΩΣ.
592 3413 746 3494 Ἐπρήσθη
758 3418 816 3497 γάρ
831 3418 879 3480 ἐπὶ
893 3422 1038 3480 τοσοῦτον
1052 3418 1106 3494 τὴν
1120 3416 1228 3497 σάρκα,
1243 3417 1320 3480 ὥστε
1335 3419 1408 3497 μηδέ
1428 3419 1502 3482 άπό-

406 3512 458 3570 θεν
473 3508 572 3587 άμαξα
585 3514 691 3593 ῥαδίως
706 3515 865 3598 διέρχεται,
881 3519 996 3581 ἐκεῖνον
1011 3519 1156 3582 δύνασθαι
1173 3521 1315 3595 διελθεῖν,
1331 3520 1413 3581 ἀλλὰ
1427 3520 1501 3598 μηδέ

407 3607 497 3671 αὐτὸν
513 3612 569 3674 &a
608 3615 719 3699 Atque
734 3616 781 3681 ita
795 3617 899 3702 porgit
908 3618 1025 3682 referre
1035 3618 1244 3682 OEoumenius
1258 3640 1305 3695 aa,
1318 3640 1389 3702 quoe
1404 3620 1504 3684 habet

409 3709 681 3797 Theophylaetus,
697 3738 796 3801 usquo
817 3719 859 3782 od
880 3720 988 3795 verba,
1004 3721 1058 3784 ἐὰν
1078 3719 1119 3797 μὴ
1132 3721 1185 3785 τδς
1205 3720 1289 3799 ῥῖνας
1310 3725 1375 3787 ταῖς
1395 3722 1508 3802 χερσὶν

408 3812 567 3901 ἐπιφράξῃ.

449 3912 474 3975 J
475 3935 527 3977 am
543 3938 617 3980 vero
631 3920 744 4005 auique
758 3921 885 4006 legonti,
900 3923 932 3985 ni
948 3924 1049 3998 fallor,
1065 3922 1171 4007 palem
1185 3929 1247 3997 ert,
1260 3944 1281 3985 a
1296 3922 1399 4007 Papia
1412 3922 1505 4006 abju-

408 4012 545 4081 dicanda
567 4042 636 4084 osso
658 4024 770 4106 putida
792 4024 860 4088 haee
882 4031 980 4107 atquo
996 4023 1131 4086 ridioula
1152 4030 1340 4100 commenta,
1356 4045 1426 4107 quae
1446 4023 1508 4087 tri-

408 4113 511 4180 buunt
544 4119 573 4183 ei
607 4121 863 4209 Theophyluetuo
900 4134 933 4189 et
965 4126 1028 4189 alii.
1073 4125 1156 4188 Nam
1188 4124 1504 4189 animadvertendum

407 4222 468 4291 ost,
495 4220 670 4286 attribuere
693 4226 915 4290 OEeumeuium
937 4227 1078 4289 adduote
1097 4225 1286 4310 Apollinarii
1307 4226 1426 4290 scholio
1448 4226 1504 4290 elii

409 4315 533 4379 cuidam
563 4321 709 4405 ser-iptori
741 4326 1010 4389 narratiunculam
1042 4326 1199 4397 alteram
1233 4332 1303 4387 tum
1339 4346 1434 4409 porro
1462 4347 1504 4388 ex

409 4414 532 4479 collatis
561 4441 667 4483 seeum
696 4424 827 4488 invicem
862 4425 1063 4500 OEeumenio,
1095 4424 1344 4508 Theophylaeta
1372 4425 1506 4509 aliisque

410 4513 617 4598 seriptoribus
645 4521 806 4586 evidenter
832 4531 926 4607 patet
954 4547 1062 4601 eausa,
1092 4546 1148 4587 our
1175 4526 1261 4609 apud
1290 4547 1399 4590 ornnes
1427 4527 1505 4600 fere,

409 4619 527 4695 praeter
541 4615 765 4683 OEeumenium
776 4623 978 4708 codicemque
989 4625 1215 4690 Ooielinianum
1225 4624 1316 4690 initio
1327 4632 1412 4690 notae
1421 4645 1507 4711 eorn-
