3809 5650
702 622 1011 716 PRAEFATIO.
1272 645 1381 714 xxvii

328 870 412 950 que
431 855 679 937 nostrorum,
699 853 834 938 aetate,
854 854 972 922 eruta
993 869 1016 922 e
1037 838 1380 921 bibliothecarum

329 979 513 1058 tenebris
541 977 705 1084 egregia
732 975 895 1084 aliquot
922 973 1214 1072 ἀποοπασμάτια
1244 975 1381 1070 fuisse,

330 1138 427 1218 quae
445 1110 734 1218 antiquissima
753 1110 935 1206 omnino,
951 1109 1077 1191 simul
1095 1121 1223 1218 atque
1243 1109 1382 1216 magni

330 1245 545 1339 momenti,
565 1244 713 1324 merito
742 1256 1001 1325 censeantur.
1060 1240 1209 1324 Testor
1240 1240 1385 1322 Mura-

333 1378 430 1459 torii
464 1379 600 1479 εὕρημα
635 1376 690 1457 ad
729 1373 944 1457 Cononem
980 1375 1089 1457 Novi
1125 1375 1384 1457 Testamenti

334 1510 558 1621 pertinens,
597 1511 648 1590 ab
686 1538 735 1591 eo
780 1510 823 1590 in
863 1509 1186 1617 Antiquitatibus
1226 1508 1386 1589 Italicis

336 1646 474 1727 Medii
490 1645 591 1725 AEvi
609 1644 783 1741 editum,
803 1646 978 1725 nostrati
1000 1656 1140 1726 tamen
1162 1643 1386 1738 Lardnero,

336 1780 381 1860 ni
411 1777 544 1875 fallor,
576 1781 779 1887 ignotum,
812 1780 928 1887 quod
963 1808 1048 1860 non
1080 1779 1253 1859 minoris
1284 1778 1390 1858 exis-

337 1913 442 1994 timo
460 1940 588 2020 quam
607 1912 839 2020 quemlibet
858 1914 1110 1995 ditissimum
1131 1913 1385 1994 thesaurum.

340 2046 393 2128 ln
414 2046 494 2129 hoc
513 2048 625 2129 enim
645 2058 810 2129 vetusto
835 2059 1122 2144 monumento,
1140 2075 1234 2129 curn
1256 2045 1390 2128 multa

339 2183 486 2263 insunt
511 2182 691 2290 insignia
719 2182 773 2262 ad
798 2209 941 2263 omnes
972 2194 1015 2263 et
1046 2180 1230 2290 singulas
1257 2180 1390 2262 Cano

339 2316 452 2398 nicas
481 2317 714 2426 Scripturas
742 2318 983 2425 spectantia,
1017 2329 1108 2398 tum
1144 2315 1389 2426 opusculum

339 2452 451 2533 istud
482 2479 570 2532 sese
597 2454 649 2532 ab
680 2449 772 2532 aliis
798 2453 920 2532 rebus
943 2463 1091 2532 notatu
1121 2451 1258 2560 dignis
1283 2479 1393 2532 com·

339 2586 523 2669 mendat.
582 2584 836 2693 Exemplum
863 2584 991 2682 aliud,
1013 2583 1142 2694 idque
1165 2586 1392 2695 egregium,

340 2719 521 2815 afferam,
541 2719 735 2828 Origenis
755 2732 961 2829 excerpta,
980 2721 1134 2829 quibus
1156 2721 1178 2819 ἡ
1201 2717 1394 2822 γνησιότης

341 2853 609 2965 epistolarum
632 2857 951 2964 ignatianarum,
972 2856 1195 2936 firmissimi
1216 2883 1395 2964 propug-

342 2988 478 3071 naculi
498 3018 708 3071 sacrorum
728 2990 910 3073 ecclesiae
930 2991 1137 3085 ordinum,
1157 2989 1222 3070 vel
1245 2989 1395 3069 fortius

343 3137 385 3206 et
404 3125 565 3207 firmius
588 3126 771 3208 stabilita
790 3139 865 3209 est.
925 3125 1109 3222 Etenim,
1129 3151 1225 3207 cum
1245 3124 1394 3206 harum

344 3260 612 3371 epistolarum
632 3262 736 3343 duas
763 3259 887 3364 ῥήσεις
910 3262 1111 3369 Origenes
1137 3261 1195 3341 ita
1214 3258 1323 3340 clare
1349 3286 1396 3339 ac

343 3394 528 3477 dilucide
553 3394 805 3504 protulisset,
824 3408 874 3477 ut
898 3395 964 3477 vel
988 3397 1226 3503 importune
1247 3421 1396 3502 urgen-

344 3528 458 3608 tibus
496 3528 700 3636 effugium
742 3526 1081 3636 praecluderetur,
1119 3525 1334 3608 nonnullis
1372 3554 1396 3606 a

344 3662 498 3744 criticis
517 3663 752 3773 oppositum
770 3674 843 3759 est,
859 3660 1058 3771 opuscula
1073 3662 1170 3771 ipsa,
1185 3661 1228 3741 in
1245 3660 1396 3769 quibus

345 3811 494 3879 extant
512 3797 603 3879 haec
624 3798 854 3907 Ignatiana,
872 3800 924 3879 ab
943 3799 1125 3905 Origene
1148 3798 1299 3878 merito
1322 3798 1393 3877 ab·

341 3931 572 4041 judicanda
591 3959 701 4025 esse;
734 3931 877 4014 Latini
898 3932 1011 4013 enim
1031 3932 1169 4041 potius
1189 3929 1398 4038 scriptoris

347 4093 435 4147 csse
455 4066 598 4164 videri,
612 4095 738 4175 quam
758 4069 952 4150 eGraecis
972 4068 1014 4147 in
1036 4090 1268 4147 sermonem
1285 4064 1398 4144 Lati-

347 4229 451 4283 num
498 4202 710 4284 translata.
785 4204 976 4293 Quorum
1018 4201 1236 4283 hominum
1278 4226 1399 4307 argu-

347 4334 501 4416 mentis
514 4363 608 4416 cum
622 4336 783 4417 obviarn
796 4337 938 4417 ivisset
950 4361 1126 4443 magnus
1142 4333 1400 4428 PearsoniuS,

348 4471 464 4552 haud
495 4483 636 4553 tamen
667 4471 854 4579 elingues
888 4471 921 4552 is
947 4471 1131 4552 reddidit
1149 4470 1400 4552 adversarios

843 4603 867 4675 d
886 4613 909 4676 2
