3809 5650
503 673 570 739 106
879 674 1236 741 ANNOTATIONES'

502 843 650 907 nimirum
664 842 688 906 J
690 844 798 907 udaeos
808 844 850 907 ab
865 843 943 906 urbe
953 865 1035 908 nova
1045 851 1169 908 arceret
1180 842 1374 906 Hadrianus.
1408 842 1603 928 Hodrsisnue,

502 944 615 1028 inquit,
626 943 781 1008 AElianm
789 944 1029 1027 Hierosolymam
1038 943 1162 1007 AEle‘om
1174 942 1308 1020 oooobol,
1323 945 1362 1010 ὡς
1377 944 1414 1007 δν
1428 947 1604 1010 παντάπασι

502 1046 536 1107 τὸ
550 1044 703 1108 Ἰουδαίων
717 1046 805 1123 αὐτῆς
826 1046 911 1111 έθνος
930 1044 1087 1129 ἀποστήσῃ
1106 1046 1152 1107 καὶ
1170 1043 1329 1130 ἀπορρήξῃ,
1347 1044 1395 1108 καὶ
1414 1045 1479 1123 μηδ’
1496 1048 1528 1108 έκ
1550 1051 1603 1125 τῆς

502 1145 634 1224 κλήσεως
652 1147 690 1212 ὡς
709 1148 848 1226 πατρίδος
873 1146 961 1223 αὐτῆς
983 1146 1200 1208 ἀντιποιεῖσθαι
1222 1146 1376 1225 πρόφασιν
1400 1146 1539 1226 ἐχούσης,
1560 1147 1600 1229 (s.

501 1247 604 1327 ἔχωσι,
621 1244 780 1323 Valesius,
797 1245 850 1330 qui
859 1245 960 1309 edidit
975 1245 1148 1330 anerpto)
1169 1248 1273 1309 ἐδεδίει
1283 1248 1342 1326 γὰρ
1362 1246 1459 1309 αὐτῶν
1477 1248 1511 1309 τὸ
1533 1253 1601 1328 θερ-

499 1347 630 1428 μουργδν
650 1348 699 1410 καὶ
721 1349 943 1428 ῥιψοκίνδυνον,
960 1347 1000 1425 μὴ
1020 1350 1265 1427 συναγειρόμενοι
1288 1349 1363 1409 κατὰ
1384 1348 1539 1427 πρόφασιν
1563 1351 1599 1411 έν

498 1451 534 1532 τῇ
549 1450 638 1510 πόλει
652 1449 800 1528 λατρείας,
816 1448 976 1528 πράγματα
986 1445 1139 1526 Ῥωμαίοις
1153 1446 1331 1527 παρέξωσιν.
1356 1447 1425 1510 Lib.
1436 1447 1487 1510 vii.
1503 1470 1530 1511 ο.
1547 1467 1596 1512 11.

497 1571 527 1632 P·
543 1564 616 1633 507·

541 1650 579 1711 P.
593 1652 644 1730 96.
660 1649 680 1712 l.
698 1650 746 1712 18.
769 1648 822 1712 τὸν
837 1649 925 1729 δγιον
936 1653 1055 1711 Λουκᾶν
1077 1648 1171 1728 φησὶν
1194 1647 1384 1733 ἀναγράψαι]
1410 1649 1482 1713 Sive
1502 1672 1596 1716 verus

495 1749 560 1813 sive
575 1749 669 1813 fietus
683 1749 779 1812 luerit
795 1749 951 1834 Dialogus
969 1747 1029 1824 ille,
1046 1748 1191 1811 Aristoni
1213 1756 1299 1811 oerte
1319 1748 1506 1813 tribuendus
1521 1758 1593 1824 est;

494 1871 553 1914 nee
571 1850 663 1914 laoile
682 1849 807 1933 assequi
829 1850 912 1925 lieet,
929 1871 992 1932 qua
1006 1849 1130 1914 rationo
1145 1849 1214 1912 fieri
1231 1850 1381 1933 potuerit,
1397 1859 1434 1914 ut
1449 1851 1595 1916 (llemens

494 1950 730 2014 Alexandrinus
745 1950 777 2012 in
795 1949 1058 2035 Hypotypoeibus
1075 1949 1194 2013 Lueam
1209 1951 1278 2035 ejus
1292 1959 1457 2015 auctorem
1472 1953 1592 2030 lecerit,

493 2074 565 2117 oum
588 2074 639 2115 res
661 2051 854 2134 aliquamdiu
878 2057 952 2134 post
973 2051 1068 2115 Lueae
1091 2051 1214 2114 obitum
1232 2059 1332 2136 gestae
1354 2052 1386 2115 in
1406 2052 1459 2116 illo
1474 2053 1592 2118 suerint

492 2153 610 2217 relatae.
654 2151 750 2214 Unde
764 2151 917 2234 suspicor,
934 2151 982 2214 vel
998 2172 1055 2214 nes
1070 2151 1182 2215 vitiose
1197 2151 1229 2213 in
1246 2152 1383 2215 Maximi
1399 2160 1492 2217 textu
1508 2154 1592 2219 infra

490 2253 655 2316 rooitondo
676 2251 713 2328 ἣν
730 2273 789 2335 pro
812 2252 847 2313 δν
869 2251 984 2336 legere,
1007 2252 1055 2315 vel
1077 2252 1183 2335 potius
1205 2273 1226 2315 a
1245 2252 1389 2315 Maximo
1405 2254 1503 2317 verba
1518 2254 1588 2319 (lle-

490 2354 606 2417 mentis
628 2353 713 2415 haud
736 2358 823 2415 reete
844 2352 928 2415 leota
949 2359 1005 2415 aut
1027 2351 1189 2415 intellecta
1210 2352 1315 2430 luisse,
1333 2375 1466 2436 eumque
1484 2355 1511 2417 is
1526 2355 1591 2420 dis-

490 2455 688 2540 putationem
702 2454 725 2514 J
727 2453 834 2516 asonis
854 2461 887 2515 et
903 2453 1030 2537 Papisoi
1050 2452 1201 2537 allegans,
1215 2452 1239 2515 J
1241 2454 1347 2517 aeonis
1361 2454 1553 2518 mentionem
1568 2479 1590 2520 a

490 2556 578 2620 Luoa
600 2555 683 2618 serto
712 2553 831 2616 saetam
861 2552 989 2629 dixerit,
1021 2552 1068 2632 (in
1098 2553 1179 2616 actis
1208 2553 1327 2617 seilicet
1349 2556 1589 2638 Apostolorum,

487 2656 719 2742 oap.17.,haeo
741 2653 823 2716 male
844 2654 887 2716 ad
909 2652 1012 2737 ipsam
1026 2651 1274 2737 disputationem
1295 2654 1398 2719 relata
1413 2678 1488 2720 esse.
1535 2658 1589 2723 De

487 2765 611 2843 septem
635 2763 743 2819 autem
767 2754 853 2818 ooelis
871 2754 941 2818 vide
958 2753 1116 2817 Irenaeum
1130 2753 1183 2816 lib.
1201 2753 1226 2816 Ι.
1244 2776 1270 2816 ο.
1287 2754 1308 2816 i.
1325 2756 1354 2836 ξ.
1371 2769 1404 2839 9.
1421 2762 1454 2818 et
1476 2754 1588 2822 Testa-

485 2867 627 2924 mentum
658 2856 734 2920 Levi
761 2858 790 2937 δ.
817 2876 848 2939 3.
871 2862 951 2920 tom.
981 2855 1008 2917 I.
1032 2854 1189 2940 Spioilegii
1215 2878 1246 2939 p.
1278 2871 1348 2940 159.
1407 2857 1504 2921 Addo
1534 2859 1587 2924 hio

483 2967 598 3025 notatu
614 2959 744 3044 dignum
766 2957 870 3021 locum
892 2978 933 3021 ex
955 2955 1036 3019 libro
1052 2956 1221 3040 Sophoniae
1238 2957 1371 3021 citatum
1386 2979 1407 3022 a
1422 2958 1586 3025 Clemente

484 3061 701 3125 Alexandrino
725 3059 779 3121 lib.
801 3082 830 3122 v.
860 3058 978 3122 Strem.
999 3079 1071 3142 pag.
1097 3058 1172 3141 585.
1213 3056 1280 3137 'Ap'
1302 3057 1365 3140 οὐχ’
1382 3060 1470 3138 ὅμοια
1493 3066 1585 3125 ταῦτα

481 3168 541 3229 τοῖς
570 3162 627 3225 ὑπὸ
656 3160 792 3241 Σοφονία
816 3165 956 3241 λεχθεῖσι
985 3163 1038 3221 τοῦ
1066 3159 1245 3238 προφήτου;
1279 3160 1330 3221 καὶ
1358 3158 1513 3239 ἀνέλαβέν
1542 3189 1582 3241 με

480 3268 607 3340 πνεῦμα,
637 3261 685 3323 καὶ
711 3257 875 3340 ἀνήνεγκέν
902 3283 940 3337 με
967 3261 1009 3323 είς
1035 3258 1162 3338 οθρανδν
1185 3257 1329 3335 πέμπτον,
1361 3261 1409 3323 καὶ
1435 3262 1584 3342 ἐθεώρουν

481 3361 630 3441 ἀγγέλους
646 3357 845 3436 καλουμένους
861 3361 995 3438 Κυρίους.
1020 3359 1067 3420 καὶ
1086 3358 1120 3419 τὸ
1135 3358 1261 3438 διάδημα
1278 3361 1375 3422 αὐτῶν
1396 3362 1583 3437 ἐπικείμενον

481 3462 515 3521 έν
537 3460 679 3535 πνεύματι
699 3460 784 3539 ἁγίῳ·
809 3457 856 3519 καὶ
875 3455 913 3533 ἦν
929 3456 1056 3519 ἑκάστου
1080 3457 1175 3519 αὐτῶν
1197 3461 1213 3520 ὁ
1239 3459 1344 3538 θρόνος
1367 3462 1582 3523 έπταπλασίων

480 3557 580 3638 φωτὸς
602 3556 711 3618 Ἡλίου
736 3557 964 3621 ἀνατέλλοντος·
999 3558 1152 3622 οἰκοῦντας
1177 3559 1210 3620 έν
1237 3564 1319 3623 ναοῖς
1346 3562 1501 3639 σωτηρίας,
1532 3562 1582 3623 καί

479 3659 643 3734 ὑμνοῦντας
663 3655 747 3719 Θεὸν
769 3656 895 3735 δῤῥητον
909 3658 1049 3736 ὕψιστον.
1095 3656 1205 3718 Annon
1223 3656 1286 3719 Ιιιυσ
1306 3667 1375 3719 sunt
1394 3658 1514 3720 similia
1528 3661 1580 3736 iia,

476 3778 544 3842 qam
572 3756 657 3819 dioto
693 3764 762 3817 sant
791 3777 811 3817 α
843 3755 998 3840 Propheta
1028 3754 1212 3839 Sophonia?
1271 3757 1315 3817 m
1344 3760 1503 3838 σοουυγνςιι
1532 3781 1580 3822 me

475 3857 624 3941 Spiritus,
643 3855 775 3939 (inquit)
791 3865 819 3919 et
837 3855 958 3919 οιιινιιίίτ
980 3877 1025 3918 me
1050 3856 1085 3918 ιἰι
1112 3855 1250 3938 quietem
1274 3853 1387 3929 ooelem,
1407 3864 1434 3916 et
1455 3866 1578 3919 centena

467 3957 585 4041 ράιδσν
598 3957 737 4041 Αυριῑοι,
764 3958 816 4041 qui
840 3957 968 4020 Domini
995 3954 1462 4039 υοοοόαιιιυν,(1)αυι·υαιι·αυα,
1481 3957 1578 4039 juxta

474 4056 592 4121 Ooloss.
614 4058 634 4120 i.
659 4060 708 4120 16.
736 4057 852 4141 Ephes.
874 4057 895 4120 i.
917 4058 984 4133 αι.)
1005 4066 1031 4118 et
1054 4055 1200 4119 diademo
1221 4076 1322 4118 eoram
1346 4055 1518 4137 ιὐγνοςίιιιυι
1542 4059 1577 4120 ie

472 4156 595 4238 Spiritu
610 4159 745 4220 Sancte:
762 4166 790 4219 et
800 4167 865 4221 erut
879 4156 961 4220 sedes
976 4156 1205 4239 emimoayiteqoe
1220 4177 1321 4218 eorem
1332 4156 1464 4239 septuplo
1478 4159 1577 4239 major

470 4256 533 4318 liceo
558 4258 640 4320 Solle
666 4258 812 4320 orientis.-
839 4256 1005 4320 habitantes
1030 4258 1064 4319 ιἰι
1087 4256 1203 4340 templis
1224 4256 1340 4333 salutm,
1368 4266 1396 4319 et
1414 4258 1575 4321 laudantes

470 4357 570 4418 Deam
598 4356 779 4437 ineffabilem
804 4357 996 4420 αίίιζςκὶιυιιιυ.
1041 4358 1120 4437 Quae
1150 4379 1221 4420 eum
1248 4378 1350 4440 neque
1374 4358 1406 4419 in
1432 4358 1574 4422 Hebraeo

467 4462 569 4532 textu,
607 4479 707 4541 neque
743 4459 776 4519 in
816 4458 929 4520 LXX.
962 4460 1180 4541 Interpretum
1217 4458 1359 4521 versione
1398 4458 1572 4541 Prophetae

469 4556 637 4638 Sophoniae
660 4558 826 4640 reperiam,
851 4580 890 4620 ex
913 4559 1107 4642 Apoerypho
1130 4560 1198 4642 ejus
1223 4558 1316 4633 libro,
1341 4557 1395 4635 (du
1419 4579 1481 4638 quo
1500 4559 1571 4621 vide

467 4662 590 4719 tomum
606 4658 633 4719 1.
651 4656 808 4740 Spioilogii
825 4680 855 4743 p.
875 4678 947 4741 134.
965 4668 998 4723 et
1012 4661 1115 4743 sequ.)
1133 4660 1323 4743 deprompta
1343 4677 1411 4720 esse
1426 4656 1572 4739 oonjioio.v
