3809 5650
397 683 462 750 446
584 679 776 746 ΑΝΝΟΤΤ.
800 682 850 745 ΙΝ
874 679 1108 748 RHODONIS
1131 670 1304 747 ratam.

398 881 466 924 esse
487 857 521 922 in
535 855 681 943 opinione
703 876 762 920 saa
775 853 815 919 de
837 856 909 921 Deo
926 862 1071 921 creatore
1093 855 1248 942 Apellam,
1263 856 1291 921 is
1305 863 1418 922 tamen
1443 842 1504 944 pe·

397 961 488 1026 riade
501 981 539 1024 aa
550 956 762 1033 Maraiouitoe,
772 956 935 1022 Christum
949 956 1047 1020 filium
1062 978 1131 1022 esse
1144 963 1197 1021 τοῦ
1208 959 1269 1022 too
1282 960 1398 1040 ἀγαθοῦ
1416 964 1506 1024 Θεοῦ

397 1061 571 1137 statuebat,
594 1066 679 1123 teste
700 1057 811 1121 eodem
834 1056 1014 1142 Epiphanio
1038 1061 1160 1123 Hoerss.
1181 1058 1254 1123 xliv.
1275 1081 1306 1124 n.
1324 1077 1353 1124 a.
1377 1082 1411 1145 p.
1421 1063 1503 1146 38¹.

398 1161 619 1238 Consimiliter,
635 1159 727 1224 simul
749 1165 783 1223 et
804 1158 939 1244 egregie,
954 1159 1023 1224 haeo
1048 1160 1087 1224 de
1102 1160 1216 1245 Apelle
1237 1160 1306 1245 jam
1324 1161 1505 1246 scripserat

398 1263 550 1348 Origenes
572 1261 605 1326 iu
621 1261 841 1327 Commentario
860 1283 917 1324 suo
937 1259 970 1324 in
994 1260 1163 1347 Epimodm
1186 1262 1289 1326 Ponti
1310 1262 1356 1326 ad
1379 1263 1503 1338 Titum,

398 1387 469 1450 quoe
478 1362 674 1429 oonservavit
684 1362 869 1447 Pamphilus
881 1362 1009 1448 Martyr
1019 1362 1053 1427 in
1061 1362 1221 1449 Apolopio.
1252 1363 1502 1448 SsdotApdles,

396 1465 466 1530 lieet
489 1485 548 1528 non
567 1462 700 1528 manibus
720 1464 816 1527 modis
840 1463 902 1527 Dei
923 1486 981 1528 asse
1004 1464 1122 1548 denigret
1144 1464 1240 1550 leyen,
1260 1463 1502 1549 oslpnopdotoa

397 1576 496 1631 tomen
510 1576 536 1630 et
552 1566 614 1651 ipse
632 1565 788 1628 hereticas
808 1565 994 1650 ἀοσίσοατιιτ,
1009 1565 1152 1650 quoniam
1166 1565 1331 1630 mininam
1349 1565 1504 1650 huncqui
1545 1589 1550 1598 ·

397 1667 544 1733 mnndum
557 1667 663 1744 edidit,
679 1666 724 1731 od
733 1666 864 1752 yonam
874 1666 1000 1730 alterius
1012 1667 1139 1753 iopmiti
1153 1677 1181 1732 et
1195 1666 1263 1732 doni
1275 1669 1339 1733 Doi
1352 1689 1420 1732 eam
1431 1690 1503 1731 oon-

396 1771 538 1835 nmen
552 1769 744 1854 pronuntiat,
758 1768 846 1832 iilmn
867 1777 965 1831 ouum
986 1769 1171 1854 rmipenitmn
1191 1771 1289 1834 Deam
1309 1770 1345 1833 in
1365 1791 1504 1833 eonsum-

397 1872 526 1936 motiono
539 1871 643 1935 soemdi
656 1870 770 1934 missam
783 1870 887 1932 Jesmn
904 1869 1055 1934 Odm'stam
1069 1870 1115 1934 ad
1126 1871 1364 1935 smmdotionsm
1377 1870 1502 1945 mandi,

398 1984 534 2060 ropotnm
548 1971 586 2036 ob
600 1994 631 2036 so
645 1973 720 2047 Deo,
734 1972 790 2056 qui
802 1971 1002 2054 sumserat-ot,
1018 1979 1052 2034 ot
1064 1972 1194 2036 mitteret
1211 1972 1332 2036 Filimn
1348 1993 1437 2036 maon
1454 1971 1506 2036 od

398 2076 507 2140 meandi
534 2077 582 2139 mi
610 2073 823 2138 oon-radiantia.
870 2072 902 2136 S.
924 2071 1083 2156 Pamphili
1102 2072 1253 2158 Apolopio
1274 2095 1332 2157 pro
1360 2074 1502 2158 Οτίροιιο,

399 2198 469 2261 asp.
481 2176 500 2239 i.
516 2199 548 2261 p.
564 2194 610 2238 12.
626 2186 703 2238 tom.
713 2174 753 2238 iv.
772 2172 914 2237 Biblioti.
930 2175 998 2237 ΡΡ.
1019 2173 1248 2238 Gatiandianoe.

443 2278 482 2340 P.
491 2297 566 2356 440.
576 2276 598 2338 l.
612 2277 641 2338 8.
657 2280 742 2339 τοῦτο
757 2276 789 2340 u
804 2273 970 2361 πιστεύειν]
987 2276 1078 2361 τούτῳ
1087 2276 1166 2341 MS.
1178 2274 1501 2364 Norsolo.etNiospd.

443 2373 526 2437 Ibid.
542 2374 628 2437 l.18.
650 2371 802 2457 ὑπόμνημα]
827 2371 1021 2452 ὑπομνήματα
1039 2372 1138 2440 habet
1157 2373 1203 2437 ed.
1219 2373 1323 2460 Sept.
1337 2380 1436 2457 atque
1450 2372 1503 2438 ita

399 2473 528 2539 refinxit
549 2474 646 2538 verba
667 2473 876 2559 Nicephorius,
895 2495 934 2537 ao
957 2473 983 2537 si
1007 2473 1067 2538 hoo
1089 2474 1173 2539 idem
1192 2474 1372 2539 invenisset.
1417 2474 1502 2538 Leo-

399 2577 519 2642 tionem
533 2599 609 2642 vero
629 2577 743 2641 Valenti
757 2577 887 2642 firmant
901 2576 1000 2642 etiam
1019 2576 1153 2666 Rofinos
1173 2579 1436 2664 Hieronymasqao
1449 2578 1502 2641 Do

407 2679 502 2744 Vinia.
518 2679 570 2743 ltt.
583 2701 651 2766 cap.
662 2679 777 2743 xxxvii.
794 2701 857 2743 non
868 2687 995 2744 tantum
1007 2680 1118 2744 oodioes
1131 2679 1222 2743 Boot.
1232 2686 1266 2743 et
1277 2679 1415 2764 Norsoio.
1431 2680 1501 2762 qui-

400 2780 460 2845 bus
468 2802 551 2845 nuno
560 2780 651 2845 addit
660 2780 822 2845 Burtonus
833 2789 966 2845 oaeteros
978 2801 1087 2844 omues
1099 2779 1131 2842 in
1139 2779 1278 2865 gratiam
1287 2779 1356 2864 ejus
1366 2778 1500 2845 collatos

399 2891 518 2968 prater
542 2884 650 2946 Poris.
676 2882 816 2946 altman.
853 2883 894 2945 In
922 2882 1111 2945 Florentinis
1137 2902 1212 2944 vero
1240 2888 1313 2946 tota
1341 2882 1501 2946 sententia

400 2982 517 3047 omissa
538 2990 597 3048 est.
643 2985 794 3048 Ceterum
811 2984 879 3047 haeo
899 2983 939 3046 de
955 2980 1068 3066 Apelle
1087 2982 1230 3066 proxime
1248 2990 1322 3067 post
1344 2982 1501 3046 Eusebius

400 3085 573 3171 subjunxit.
626 3084 665 3150 ‘0
689 3085 771 3168 γέτοι
791 3085 942 3163 Ἀπελλῆς
964 3083 1049 3149 οὗτος
1069 3083 1158 3164 μυρία
1180 3088 1254 3147 κατὰ
1272 3089 1325 3146 τοῦ
1347 3082 1502 3149 Μιοῦσέιος

399 3185 537 3265 ἠσέβησε
552 3189 652 3265 νόμον·
675 3190 724 3249 διὸ
737 3186 886 3249 πλειόνων
900 3182 1140 3265 συγγραμμάτων
1154 3184 1222 3250 τοὺς
1243 3188 1338 3250 θείους
1355 3191 1501 3263 βλασφη-

399 3286 498 3366 μήσας
507 3290 625 3368 λόγους,
639 3290 681 3353 εἰς
692 3286 823 3368 ἕλεγχόι·
832 3310 874 3357 τε,
886 3286 925 3350 ὥς
939 3309 975 3366 γε
990 3284 1025 3363 δὴ
1038 3287 1142 3359 ἐδόκει,
1154 3286 1201 3348 καὶ
1211 3285 1381 3366 ἀνατροπὴν
1392 3284 1499 3355 αὐτῶν,

400 3389 436 3451 οὗ
449 3391 555 3467 μικρὸν
569 3386 764 3465 πεποιημένος
778 3385 919 3464 σπουδήν.
950 3386 1013 3449 Isto
1020 3407 1116 3470 porro
1127 3407 1211 3470 quom
1226 3386 1359 3450 dr'mimas
1370 3384 1500 3469 Apella,

394 3489 536 3573 plor-ima
558 3487 701 3550 odom
724 3486 810 3570 iopam
832 3488 1005 3549 Moso‘icom
1024 3486 1117 3571 impio
1137 3497 1177 3550 est
1196 3486 1318 3563 inmotus,
1342 3486 1501 3571 multisque

400 3587 488 3652 libm's
510 3587 796 3651 maledicentissimis
818 3586 944 3649 οταοιιῐα
969 3587 1079 3651 divim
1103 3588 1264 3652 insectatus
1288 3598 1340 3667 ost,
1364 3589 1438 3653 dom
1463 3611 1501 3651 oo

399 3690 564 3774 conflatore,
580 3698 608 3753 ot
629 3698 663 3752 at
682 3688 802 3774 quidem
822 3686 881 3750 sibi
902 3686 1071 3765 amator,
1088 3690 1210 3773 penitas
1228 3700 1366 3766 evertere,
1386 3689 1502 3774 inponti

398 3792 497 3857 stadio
512 3791 643 3856 molitor.
688 3791 766 3872 Quae
781 3789 871 3873 quasi
885 3811 906 3854 a
921 3789 1086 3854 Rhodonis
1099 3790 1319 3855 Connnontario
1330 3789 1364 3853 io
1374 3792 1500 3853 Heaut-

399 3912 501 3955 mooon
522 3896 634 3954 mutuo
656 3896 788 3974 aooepta
808 3887 942 3953 Rufinus
964 3888 1092 3974 quidem
1112 3888 1160 3953 ita
1180 3888 1298 3963 vertit;
1323 3890 1381 3953 Est
1401 3899 1502 3954 oatsm

398 3993 529 4077 sjmdom
545 3991 739 4074 (Rhodouis)
755 4000 783 4055 et
801 3992 836 4055 in
850 3992 1062 4055 Hsom'e‘meron
1082 3990 1320 4067 oommmtorias,
1334 3990 1369 4053 in
1383 4012 1440 4075 quo
1454 4012 1502 4054 νο-

390 4095 467 4179 sert,
477 4092 559 4178 qaod
570 4091 695 4176 Apollas
707 4090 935 4176 quamplurimo
948 4090 1109 4154 adversam
1123 4090 1214 4177 tapam
1227 4092 1332 4175 Moysi
1346 4092 1406 4158 &a
1445 4093 1501 4156 An

399 4216 474 4259 vero
492 4192 655 4278 promissis
670 4192 797 4256 steterit
809 4191 935 4267 Rhodo,
944 4211 1009 4254 non
1023 4192 1137 4255 dooere
1152 4213 1210 4255 nos
1221 4191 1402 4272 Eusebium,
1412 4201 1502 4258 reete

398 4299 508 4358 monet
524 4291 701 4375 Lumperus
720 4290 806 4353 Πίον.
826 4290 1092 4373 TheoloyiooCrit.
1115 4291 1182 4355 Vol.
1204 4291 1243 4357 iv.
1266 4316 1298 4378 p.
1326 4314 1375 4360 ιι.
1398 4317 1502 4380 neque

399 4393 484 4457 enim
505 4391 737 4476 Hieronymum
760 4412 937 4455 memorare
951 4390 1017 4455 tale
1033 4390 1198 4456 Rhodonis
1221 4415 1310 4478 opus,
1326 4394 1500 4474 Ἐπίλυσιν,

398 4512 464 4567 seu,
480 4491 668 4555 Solatiomm
684 4490 890 4569 Qaaestionam
904 4513 925 4554 o
944 4491 1077 4556 Totiono
1084 4494 1324 4578 propositorum.
