3809 5650
738 1800 1333 1909 ANNOTATIONES

763 2051 829 2138 IN
858 2053 896 2132 S.
928 2045 1295 2132 PANTAENUM.

892 2288 1184 2335 „an—...-

529 2485 690 2569 P.378.1.
706 2486 736 2550 8.
758 2495 931 2549 <sumaim
944 2492 973 2546 δὲ
987 2490 1057 2561 ἡμῶν
1069 2485 1175 2567 ἔλεγεν]
1197 2483 1248 2547 De
1267 2482 1328 2546 hoe
1349 2478 1495 2544 Pontaeni
1516 2499 1587 2542 sen-

485 2586 588 2652 tentia
616 2586 678 2673 (nit
707 2586 865 2672 Dupinius
894 2585 1067 2649 Eeohsiast.
1096 2588 1265 2649 Auctorem
1297 2581 1442 2647 Bibliott.
1476 2581 1536 2645 vol.
1557 2580 1587 2644 1.

485 2710 516 2772 p.
533 2709 603 2773 119.
625 2689 676 2753 ed.
692 2689 786 2765 Lat.)
810 2688 925 2772 “opud
950 2686 1151 2750 Theodotum
1170 2687 1208 2750 fit
1229 2685 1349 2749 mentio
1371 2683 1461 2768 qussi
1482 2682 1525 2745 nb
1548 2702 1588 2744 eo

487 2789 653 2874 “prolots,
676 2812 740 2863 non
761 2788 909 2874 scripto.”
945 2788 994 2852 At
1015 2809 1090 2853 vero
1112 2786 1226 2852 Gavius
1247 2786 1329 2851 His.
1356 2785 1420 2848 Lit.
1443 2783 1476 2846 in
1501 2803 1588 2860 voee,

486 2888 555 2952 haeo
576 2889 717 2953 odduota
738 2910 807 2953 esse
825 2910 866 2952 ex
887 2887 976 2951 libris
996 2886 1152 2963 Pantaeni,
1168 2887 1254 2951 hand
1273 2886 1367 2950 aliter
1385 2893 1484 2969 etque
1506 2884 1589 2946 Hal-

486 2989 609 3066 loixins,
625 2989 799 3067 existimet,
813 3010 871 3053 nee
886 2996 996 3052 tamen
1011 2991 1085 3051 κατὰ
1099 2988 1192 3065 λέξιν.
1222 2987 1332 3071 Atque
1346 2984 1535 3070 pertinuisse
1549 3004 1590 3048 en

486 3091 529 3154 od
545 3090 692 3155 Pantaeni
710 3089 971 3154 eommentnrium
987 3089 1145 3173 quendam
1164 3088 1197 3151 in
1218 3088 1380 3152 Psalmum
1401 3107 1520 3149 nonum
1534 3085 1589 3148 de·

487 3190 612 3268 simum,
638 3190 707 3258 vult
733 3191 926 3266 Lnrdnerus,
949 3209 1020 3252 enm
1049 3188 1156 3253 omnin
1180 3210 1251 3274 quse
1276 3189 1363 3273 opud
1386 3187 1589 3251 Theodotum

487 3298 672 3374 sequuntur,
687 3291 786 3376 ipsius
807 3290 954 3355 Pantaeni
974 3311 1042 3354 esse
1061 3303 1200 3355 censeat.
1244 3290 1308 3354 Sed
1326 3289 1493 3373 Dupinius,
1511 3288 1589 3350 dum

487 3390 557 3464 loeo
572 3412 668 3481 supra
681 3391 789 3468 aliato,
805 3389 905 3455 solnm
920 3412 1072 3454 canonem
1090 3392 1133 3456 od
1151 3391 1424 3478 interpretandam
1439 3390 1472 3453 S.
1484 3388 1589 3473 Serip-

488 3497 595 3554 turom
620 3489 829 3552 constitutum
853 3488 956 3552 eidem
977 3488 1100 3566 tribuit,
1122 3490 1241 3555 rectius
1264 3491 1347 3555 hono
1369 3489 1496 3575 quidem
1520 3510 1590 3552 rem

488 3589 711 3666 administrem
731 3590 847 3655 etenim
861 3591 969 3668 verbs,
983 3613 1054 3675 quae
1069 3614 1144 3656 mox
1157 3593 1241 3658 infra
1254 3594 1423 3666 oolloenbo,
1437 3593 1454 3657 ὃ
1470 3595 1518 3657 καὶ
1533 3599 1590 3657 νῦν

488 3692 628 3772 φαίνεται
642 3698 676 3754 et
696 3711 767 3775 quae
784 3699 970 3776 sequnntur,
985 3692 1028 3755 nd
1048 3693 1232 3778 eelogistnm
1251 3695 1352 3780 mogis
1371 3695 1530 3779 pertinere
1545 3694 1589 3757 vi-

488 3791 615 3866 dentur,
637 3812 733 3874 quom
752 3792 794 3864 nd
819 3793 1018 3858 Pantaenum.
1063 3796 1300 3879 Hermogenem
1320 3801 1438 3870 sutem,
1462 3793 1516 3877 qui
1537 3794 1591 3858 hie

489 3900 763 3969 commemoratur,
790 3892 1034 3957 haeresinrohnm
1062 3893 1169 3970 fuisse,
1194 3895 1345 3958 adversus
1370 3916 1465 3978 quem
1494 3895 1593 3980 serip-

489 3998 600 4055 serunt
609 3991 801 4075 Theophilus
813 3993 1044 4069 Antioehonus,
1054 3992 1216 4077 Origenes,
1229 3994 1453 4069 Tertullianus,
1462 3995 1591 4080 aliique,

489 4091 614 4155 notovit
640 4091 821 4155 Helloixins
843 4093 876 4155 in
905 4094 986 4156 Vitis
1004 4094 1139 4160 Patrem
1163 4095 1310 4159 Orientol.
1334 4103 1412 4159 tom.
1424 4095 1455 4160 ii.
1472 4118 1503 4180 p.
1516 4098 1590 4180 851.

491 4191 544 4274 qui
567 4191 665 4255 etiam
687 4192 838 4268 ostendit,
862 4192 1098 4258 Theodoretum
1120 4195 1160 4258 de
1182 4216 1220 4258 eo
1242 4217 1336 4279 ogere
1358 4195 1411 4258 lib.
1424 4196 1450 4259 Ι.
1471 4197 1591 4260 Hoeret.

490 4288 570 4354 Fas.
587 4311 657 4373 cop.
672 4308 721 4371 19.
742 4290 795 4353 ubi
818 4290 1030 4375 Hermogenis
1052 4293 1158 4376 opinio
1180 4293 1233 4358 illa
1255 4295 1295 4358 de
1318 4317 1450 4379 eorpore
1472 4295 1592 4360 Christi

491 4392 574 4474 opud
597 4389 695 4453 solem
717 4390 781 4454 sito
802 4400 994 4456 recensetur.
1042 4394 1120 4473 Quae
1141 4395 1267 4479 quidem
1290 4397 1406 4480 opinio,
1423 4396 1482 4459 hoo
1505 4397 1594 4460 Edo-

488 4510 600 4573 gramm
620 4489 689 4555 loco
706 4492 759 4557 vix
774 4492 888 4557 Graeco
903 4515 1047 4558 sermone
1066 4495 1200 4579 prolato,
1217 4496 1370 4581 originem
1392 4498 1488 4562 debet
1503 4520 1595 4561 suurn

491 4589 618 4663 orienti.
