3809 5650
527 687 577 770 IN
600 648 865 771 FRAGMEbT.
888 706 1074 773 INOERTI
1097 706 1370 774 SCRIPTORIS.
1435 709 1500 771 405

399 872 514 950 sebius,
530 872 798 958 Epiphaniusque.
843 872 903 937 Ait
923 872 1137 938 Tertullianus
1156 894 1281 957 quoquo
1301 872 1354 936 lib.
1371 872 1411 937 iv.
1427 873 1504 938 ado.

398 975 555 1040 Marcion.
570 997 639 1060 oap.
655 993 686 1060 5.
704 975 832 1041 Morosa
846 975 927 1060 qaod
938 974 1046 1053 edida,
1061 975 1154 1040 Petri
1169 974 1334 1058 offirmmi,
1351 973 1436 1059 cujas
1455 976 1504 1039 in·

399 1086 511 1160 loprae
527 1077 666 1140 Mareia.

445 1178 500 1239 Ad
525 1177 655 1241 Eusebii
677 1177 774 1241 verba
796 1178 880 1261 quod
902 1178 1021 1243 attinet
1043 1178 1075 1242 in
1096 1177 1151 1242 lib.
1171 1176 1202 1240 ii.
1218 1177 1301 1241 His.
1317 1198 1387 1260 oap.
1406 1197 1454 1259 15.
1470 1185 1504 1241 et

400 1275 457 1338 lib.
473 1276 513 1338 vi.
530 1299 600 1361 oap.
619 1297 668 1356 14.
685 1277 725 1341 de
741 1278 847 1342 Marci
862 1279 1023 1363 evangelio
1034 1277 1149 1363 posita,
1162 1277 1216 1342 illa
1230 1285 1365 1362 utroque
1380 1278 1450 1341 loeo
1464 1299 1504 1340 ex

401 1399 464 1440 uno
485 1379 659 1462 eodemque
680 1379 851 1458 Clemente,
867 1381 894 1444 si
913 1381 1008 1444 modo
1031 1378 1201 1444 Clementis
1222 1378 1341 1443 fuerint
1357 1378 1504 1464 Hypoty·

400 1500 494 1561 poses
512 1478 582 1556 illae,
600 1501 670 1563 quae
691 1480 793 1545 multa
813 1481 927 1545 saltem
949 1481 1062 1545 frivola
1082 1489 1180 1564 atque
1202 1479 1343 1546 absurda
1364 1481 1504 1545 eontine-

400 1577 489 1651 bant,
514 1579 683 1664 desumpta
704 1589 801 1656 sunt;
832 1589 930 1666 atquo
952 1583 1000 1646 ita
1024 1603 1132 1646 seeum
1153 1581 1286 1645 invicem
1307 1581 1504 1645 oonoilisnda

400 1687 499 1763 atquo
514 1682 755 1767 interpretanda
770 1684 927 1761 videntur,
942 1690 979 1749 ut
997 1691 1183 1748 statuantur
1203 1682 1246 1746 ibi
1262 1682 1398 1746 Romani
1415 1682 1502 1746 Mar-

403 1803 484 1859 oum,
496 1783 549 1865 qni
564 1782 667 1859 Petri,
678 1792 761 1847 toste
776 1784 874 1868 ipsius
886 1785 1024 1869 apostoli
1039 1784 1174 1869 epistola
1188 1784 1305 1868 priore,
1315 1784 1439 1867 jamdiu
1454 1785 1501 1848 su-

401 1896 473 1948 erat
493 1892 644 1963 sectator,
659 1907 798 1970 rogasse,
814 1894 851 1953 ut
870 1909 941 1973 quae
963 1888 1051 1952 diota
1073 1888 1115 1952 ab
1138 1888 1249 1951 eodem
1264 1887 1364 1952 Petro
1386 1894 1504 1964 essent,

402 1987 628 2063 conscriberet,
643 1994 676 2051 et
699 1996 812 2072 postea
833 2009 940 2051 seeum
962 1989 1219 2053 communicaret.
1264 1988 1337 2053 Hoo
1355 2010 1429 2053 vero
1451 2010 1503 2052 ro-

401 2096 514 2174 gatum
536 2089 590 2153 ubi
605 2091 705 2154 Petro
726 2088 925 2167 innotuisset,
941 2111 1000 2154 neo
1021 2090 1218 2175 prohibuisse
1241 2111 1313 2153 eum
1335 2111 1403 2154 rem
1424 2089 1502 2168 fieri,

402 2214 503 2276 nequo
520 2197 557 2256 ut
571 2190 673 2268 fieret,
688 2191 847 2256 incitasse.
890 2191 939 2255 Ro
954 2214 1028 2256 vero
1046 2193 1200 2276 perfeett,
1216 2213 1289 2255 oum
1308 2191 1504 2277 evangelium

403 2293 613 2378 compositum
642 2292 738 2358 fuisso
766 2292 915 2371 novisset,
941 2293 1058 2357 librum
1086 2293 1281 2359 auctoritate
1307 2315 1365 2357 sua
1393 2292 1505 2358 libenti

403 2395 510 2458 animo
533 2394 766 2478 comprobasse,
780 2401 818 2458 ut
839 2395 987 2479 deinceps
1013 2395 1046 2458 in
1072 2394 1210 2459 ecelesiis
1230 2395 1400 2481 legeretur.
1445 2396 1505 2460 Ve

403 2517 474 2558 rum
504 2496 599 2560 aliter
627 2504 724 2580 atque
755 2496 900 2560 Clemens
936 2495 1048 2561 retulit
1078 2498 1221 2560 Irenaeus
1251 2496 1307 2560 lib.
1322 2496 1362 2560 iv.
1389 2518 1458 2580 oap.
1474 2517 1505 2580 9.

404 2617 459 2659 seu
479 2615 526 2659 10.
552 2603 626 2679 post
651 2602 787 2659 mortem
812 2597 1029 2680 apostolorum
1055 2596 1146 2660 Petri
1165 2609 1263 2679 atque
1289 2596 1383 2660 Pauli
1408 2596 1506 2681 sorip

403 2696 480 2759 sisse
499 2697 645 2759 Marsum
658 2697 740 2781 qaod
751 2718 772 2760 a
787 2698 881 2761 Petro
892 2697 1109 2761 annuntiatum
1122 2707 1200 2761 erat.
1232 2696 1383 2763 Ceterum
1394 2697 1506 2781 quanti

403 2797 582 2862 faciendum
604 2798 646 2863 sit
662 2798 840 2883 Papianum
853 2799 894 2864 do
917 2798 1022 2863 Marsi
1037 2797 1198 2882 evangelio
1220 2797 1449 2875 testimonium,
1465 2819 1506 2863 ex

404 2923 458 2964 ore
481 2900 617 2964 Joannis
639 2900 816 2986 presbytori
835 2909 1010 2986 aoeeptunu,
1034 2901 1067 2964 id
1089 2922 1186 2986 supra
1207 2901 1251 2966 ad
1275 2900 1385 2964 Paris
1404 2901 1506 2986 Frag-

404 3010 514 3066 monta
527 3003 687 3080 admonui,
701 3003 754 3087 qui
767 3002 892 3087 quidem
904 3002 1021 3087 Papias
1035 3002 1155 3087 primus
1165 3024 1288 3088 quoque
1300 3002 1439 3067 omnium
1450 3004 1503 3067 nd·

405 3104 474 3166 dito
494 3103 620 3167 nomine
634 3104 775 3168 auctoris
790 3105 830 3168 de
846 3106 876 3168 S.
890 3103 1045 3168 Matthaei
1060 3104 1222 3188 evangelio
1237 3103 1504 3167 commemoravit.

406 3205 508 3268 Porro
523 3205 718 3291 evangelium
729 3205 832 3271 Maroi
845 3227 917 3270 oum
928 3205 1053 3269 duobus
1064 3204 1173 3268 alteris
1184 3227 1206 3269 a
1217 3206 1240 3267 J
1242 3226 1345 3268 oanne
1358 3204 1506 3290 apostolo

405 3309 645 3392 comprobatum
660 3308 767 3384 fuisse,
783 3308 885 3374 tradit
900 3307 1057 3372 Eusebius
1072 3306 1126 3370 lib.
1139 3305 1184 3372 iii.
1199 3307 1283 3369 Hist.
1300 3327 1370 3390 esp.
1388 3324 1439 3386 24.

450 3411 488 3473 P.
503 3430 579 3494 394.
595 3409 616 3474 l.
633 3430 663 3492 7.
678 3410 774 3476 etita
789 3411 907 3496 posuit]
924 3411 970 3473 H.
987 3407 1131 3473 olitoris
1145 3406 1318 3486 mandavit,
1334 3406 1399 3474 sive
1421 3429 1506 3471 oom-

407 3512 521 3595 posuit.

451 3613 534 3676 Ibid.
548 3612 569 3676 l.
582 3614 612 3676 8.
629 3612 743 3677 librum
755 3615 892 3678 seeundo
904 3615 1042 3697 Lucam]
1055 3614 1161 3690 Anno,
1176 3612 1254 3677 libor
1266 3611 1429 3677 semaam
1445 3611 1507 3674 Lu-

405 3714 495 3775 cam?
539 3712 694 3796 Reposuit
719 3721 752 3778 et
777 3713 1349 3796 Freindaller.oamd1un,quireote
1373 3710 1505 3786 monuit,

405 3812 741 3897 antiquitatem-hujus
754 3814 943 3900 epigraphes
958 3838 1014 3879 sou
1028 3813 1114 3878 tituli
1131 3812 1365 3896 evangeliorum
1386 3833 1426 3875 ex
1446 3811 1508 3874 hoo

407 3916 604 3999 Fragmenta
619 3916 754 3979 ostendi.

450 4015 534 4079 Ibid.
546 4014 567 4077 l.
578 4036 608 4097 9.
619 4036 692 4079 eum
706 4039 744 4079 eo
760 4016 880 4080 Paulus
895 4016 987 4100 quasi
1001 4022 1038 4080 ut
1049 4014 1129 4098 juris
1140 4012 1317 4078 studiosum
1333 4011 1507 4076 seeundum

405 4116 623 4192 adsumsisset
645 4118 770 4181 numeni
786 4139 845 4181 suo
867 4139 908 4181 ex
930 4116 1076 4202 opinione
1097 4112 1278 4196 concriset]
1305 4113 1413 4177 Lineae
1434 4121 1510 4197 post

406 4240 507 4295 voees,
518 4218 689 4295 emendam,
701 4219 894 4292 ammom,
903 4239 967 4295 sao,
977 4216 1144 4282 eonem
1157 4212 1354 4296 (meristeos)
1365 4235 1386 4278 a
1398 4213 1509 4278 Frein-

406 4314 1510 4404 daller.additaeejussuspieionenromissorumvooumindioant.(injus

406 4422 573 4486 adnotatio
588 4422 656 4486 baeo
667 4429 727 4485 est.
760 4429 780 4457 “
790 4419 981 4505 Sphalmata
993 4416 1203 4504 grammatica
1218 4421 1304 4493 sunt,
1316 4436 1347 4479 so
1361 4436 1420 4501 pro
1429 4438 1508 4493 mm,

406 4525 530 4588 numni
545 4546 603 4609 pro
617 4524 744 4600 nomino,
759 4524 913 4586 moueat
930 4521 990 4603 (sio
1006 4517 1181 4591 Muratori)
1199 4537 1259 4600 pro
1279 4517 1508 4602 sumpsisse.

409 4625 592 4710 Propositio
602 4626 769 4709 subsequa,
780 4646 844 4707 qus
855 4621 1153 4707 periodusfiniatur,
1162 4617 1291 4704 penitus
1298 4617 1507 4684 desideratur.

409 4726 488 4805 Quae
503 4747 577 4790 vero
598 4726 659 4789 loni
678 4726 772 4809 hujus
793 4724 997 4809 explanatio?
1039 4723 1182 4786 Irenaeus
1205 4718 1318 4784 soribit
1339 4720 1425 4807 apud
1440 4719 1506 4784 Eu-
