3809 5650
497 710 721 776 EPISTOLA
745 709 1069 775 VlENNENSIUM
1094 709 1153 774 ΕΤ
1177 707 1314 774 LUGD.
1400 712 1465 774 305

365 875 437 957 ἀπὸ
455 882 557 957 τοῦδε
581 876 803 978 Χριστιανὴν
825 875 952 974 ἑαυτὴν
978 874 1167 977 ὡμολόγει,
1187 878 1246 954 καὶ
1272 881 1323 981 τῷ
1341 875 1465 982 κλήρῳ

364 1016 438 1090 τῶν
455 1010 644 1112 μαρτύρων
661 1009 874 1111 προσετέθη.

420 1143 467 1241 η’.
500 1143 808 1246 Καταργηθέυτωυ
827 1141 864 1221 δέ
884 1149 958 1222 τῶν
975 1150 1193 1245 τυραννικῶν
1212 1143 1464 1245 κολαστηρίων

368 1278 437 1358 ὑπὸ
467 1285 531 1356 τοῦ
563 1284 729 1379 Χριστοῦ
762 1277 820 1357 διὰ
851 1282 915 1376 τῆς
951 1284 1025 1356 τῶν
1057 1277 1240 1379 μακαρίων
1276 1279 1468 1375 ὑπομονῆς,

342 1412 489 1513 5έτέρας
525 1409 689 1514 μηχανὰς
725 1412 745 1488 ὁ
782 1409 954 1505 διάβολος
990 1408 1132 1505 ἐπενόει,
1170 1409 1234 1492 τὰς
1271 1409 1362 1488 κατὰ
1403 1408 1469 1509 τὴν

370 1545 509 1648 εἱρκτὴν
527 1549 565 1624 ἐν
582 1552 634 1652 τῷ
652 1543 774 1624 σκότει
800 1548 858 1624 καὶ
885 1551 936 1651 τῶ
962 1545 1207 1652 χαλεπωτάτῳ
1234 1546 1353 1653 χωρίερ
1378 1578 1473 1647 συγ-

370 1680 537 1764 κλείσεις·
581 1683 639 1759 καὶ
665 1679 731 1763 τὰς
757 1682 795 1758 ἐν
822 1685 874 1785 τῷ
901 1678 1003 1784 ξύλῳ
1031 1676 1212 1761 διατάσεις
1238 1685 1311 1757 τῶν
1338 1681 1473 1775 ποδῶν,

371 1815 429 1892 ε’πὶ
456 1812 620 1910 πέμπτον
647 1811 912 1909 διατεινομένων
939 1809 1119 1912 τρύπημα·
1158 1813 1217 1888 καὶ
1244 1808 1308 1893 τὰς
1341 1809 1472 1894 λοιπὰς

372 1948 496 2044 αἰκίας,
516 1945 607 2030 ὅσας
634 1945 803 2025 είῶθασιν
831 1942 1049 2048 ὀργιζόμενοι
1074 1946 1255 2046 ὑπουργοὶ,
1279 1947 1338 2022 καὶ
1360 1952 1473 2023 ταῦτα

329 2078 545 2175 ιοδιαβόλου
570 2078 732 2181 πλήρεις,
750 2077 940 2157 διατιθέναι
958 2077 1042 2161 τοῶς
1065 2076 1346 2179 ἐγκλειομέυους·
1377 2074 1472 2156 olore

372 2218 613 2315 ἀποπνιγῆναι
643 2210 727 2296 τοὺς
757 2215 954 2296 πλείστους
984 2215 1023 2291 ἐν
1051 2217 1097 2315 τῇ
1130 2218 1260 2316 εἱρκτῇ,
1291 2211 1401 2294 ὅσους
1429 2245 1474 2312 γε

374 2351 395 2427 ὁ
430 2348 563 2450 Κύριος
595 2348 707 2430 οὕτως
737 2346 897 2452 ἐξελθεῖν
933 2347 1123 2446 ἠθέλησεν,
1154 2346 1378 2427 ἐπιδεικνύων
1411 2346 1477 2446 τὴν

376 2485 485 2560 αὑτοῦ
512 2481 635 2587 δόξαν.
666 2486 700 2558 οἱ
723 2479 789 2577 μέν
814 2478 886 2582 γὰρ
908 2479 1194 2574 βασανισθέντες
1217 2487 1362 2582 πικρῶς,
1381 2477 1477 2559 ὥστε

378 2620 492 2693 δοκεῖν
519 2612 608 2712 μηδὲ
635 2618 699 2711 τῆς
725 2611 849 2711 πάσης
877 2614 1063 2712 θεραπείας
1089 2613 1263 2716 τυχόντας
1291 2614 1342 2692 ἔτι
1368 2614 1480 2716 ζῆσαι

335 2747 564 2844 ιςδιίυασθαι,
596 2747 795 2849 παρέμενον
832 2747 869 2825 ἐν
900 2751 946 2849 τῇ
978 2750 1110 2850 εἱρκτῇ·
1156 2744 1278 2847 ἔρημοι
1315 2743 1382 2844 μέν
1413 2750 1479 2846 τῆς

379 2879 479 2983 παρὰ
516 2878 715 2983 ἀνθρώπων
746 2879 958 2977 ἐπιμελείας·
1003 2878 1308 2982 ἄναρῤωνυιίμευοι
1341 2877 1380 2957 δὲ
1413 2877 1482 2957 ὑπὸ

380 3027 444 3098 τοῦ
463 3018 599 3119 Κυρίου
624 3019 683 3095 καὶ
705 3014 998 3113 ε’νδυναμοιίμενοι
1023 3016 1082 3093 καὶ
1105 3010 1249 3110 σώματι
1277 3013 1336 3090 καὶ
1364 3018 1482 3118 ψυχῇ,

381 3154 440 3231 καὶ
475 3150 558 3234 τοὺς
594 3148 743 3232 λοιποὺς
774 3156 1027 3253 παρορμῶντες
1058 3152 1117 3227 καὶ
1153 3146 1479 3248 παραμυθούμενοι.

382 3448 490 3506 tianarn
510 3468 541 3505 ae
555 3466 618 3506 eaae
632 3447 772 3518 confessa,
788 3448 819 3505 iu
839 3467 908 3505 cou-
959 3446 1167 3526 quamplurimi
1194 3446 1225 3504 in
1254 3466 1368 3506 carcere
1396 3447 1486 3506 suffo-

337 3552 374 3590 20
383 3528 505 3587 sortium
520 3537 681 3605 martyrum
696 3527 787 3586 relata
801 3537 856 3586 eat.
960 3528 1017 3585 cati
1053 3526 1228 3596 interierint,
1265 3546 1339 3603 quoa
1377 3526 1487 3586 scilicet

424 3609 453 3665 8.
475 3609 565 3665 Porro
579 3626 645 3664 cum
661 3607 794 3666 univeraa
809 3618 909 3687 tyran.
962 3607 1054 3674 Deua,
1068 3607 1119 3683 qui
1134 3626 1215 3665 auam
1228 3608 1260 3665 in
1274 3608 1410 3665 omnibus
1423 3606 1486 3684 glo·

383 3707 487 3746 norum
509 3696 655 3744 tormenta
675 3706 728 3764 per
748 3698 910 3765 martyrum
961 3687 1032 3744 riam
1048 3685 1186 3751 ostendit,
1197 3686 1251 3745 hoc
1265 3687 1367 3745 mortis
1381 3705 1488 3764 genere

385 3767 576 3825 constantiam
612 3786 629 3823 a
663 3765 783 3825 Christo
813 3777 910 3825 eaaent
962 3765 1084 3842 defungi
1094 3766 1234 3824 voluerat.
1266 3765 1328 3822 Alii
1343 3764 1486 3842 siquidem

385 3847 521 3905 hebetata
548 3865 581 3904 ac
607 3857 715 3911 retusa,
744 3845 815 3904 aliae
847 3866 908 3904 ma·
961 3846 1012 3921 qui
1034 3845 1218 3903 acerbissime
1240 3844 1397 3902 excruciati
1421 3843 1487 3901 fue·

338 3949 374 4007 25
385 3926 484 3983 chinea
498 3925 640 3983 Diabolus
658 3925 853 4002 excogitavit:
877 3936 911 3982 ut
962 3935 1038 3989 rant,
1061 3925 1103 3982 ita
1132 3934 1166 3981 ut
1188 3944 1225 3981 ne
1248 3924 1345 3981 vivere
1369 3922 1487 3998 quidem

385 4005 495 4064 scilicet
509 4006 540 4062 in
554 4005 788 4063 obscurissimum
803 4024 836 4062 ac
849 4024 912 4060 uro.
964 4002 1075 4061 diutiua
1090 4022 1175 4084 pocae
1188 4001 1376 4061 crederentur
1386 4020 1488 4077 quam.

386 4084 573 4142 lectissimum
588 4084 710 4141 carcaria
726 4082 822 4141 locum
842 4102 913 4141 con.
963 4083 1008 4139 via
1031 4085 1110 4141 omni
1134 4081 1292 4141 curationis
1316 4101 1422 4158 genere
1443 4100 1489 4139 re-

383 4164 556 4240 jicerentur,
568 4173 660 4238 utque
673 4161 762 4240 pedes
777 4162 808 4219 in
821 4182 913 4220 nervo
963 4161 1085 4220 focillati
1099 4162 1244 4230 fuiaaeut;
1267 4169 1490 4237 permanserunt

387 4242 424 4300 ad
439 4244 576 4319 quintum
591 4261 684 4317 usque
703 4242 833 4300 foramen
853 4240 912 4298 dia·
964 4242 995 4299 in
1016 4241 1165 4300 custodia:
1195 4240 1344 4298 hominurn
1371 4238 1489 4316 quidem

338 4348 377 4403 30
388 4334 486 4381 tensos
506 4321 705 4389 haberentue
726 4321 838 4399 reliqua
856 4320 912 4378 hu·
964 4321 1075 4379 auxilio
1088 4320 1234 4385 destituti,
1246 4339 1346 4377 verum
1362 4318 1488 4377 roborati

384 4400 514 4478 jusmodi
529 4402 710 4458 cruciatuum
726 4421 835 4479 genera
849 4421 915 4479 per.
965 4402 1002 4459 ab
1016 4401 1082 4458 Deo
1096 4412 1127 4458 et
1141 4411 1199 4459 tam
1215 4398 1305 4457 animi
1325 4418 1412 4474 quarn
1427 4417 1489 4455 cor·

389 4482 509 4547 ferrent,
530 4480 636 4558 quibua
657 4480 791 4547 ministri,
810 4491 915 4559 utpote
966 4480 1045 4559 poria
1058 4480 1157 4557 vigore
1172 4478 1296 4548 firmati3
1311 4476 1491 4555 quiquidem

389 4562 496 4620 infensi
524 4571 554 4620 et
582 4581 599 4617 a
624 4560 765 4620 Doemoue
789 4560 915 4628 incitati,
967 4559 1162 4619 accendebant
1182 4569 1294 4618 ceteros
1312 4569 1343 4617 et
1361 4556 1490 4616 consola-

389 4661 495 4700 vexare
527 4641 656 4700 inclusos
689 4651 914 4700 consueverunt.
966 4642 1083 4700 bantur.
1126 4638 1189 4697 Alii
1217 4659 1284 4697 vero
1308 4635 1414 4695 novelli
1440 4638 1492 4713 qui

342 4735 380 4792 35
390 4721 476 4780 Adeo
514 4732 548 4779 ut
586 4741 622 4780 ex
657 4741 759 4780 eorum
794 4739 916 4780 numero
966 4717 1493 4800 recenacompreheucifuercnt,quo-

435 4845 504 4888 vot.
520 4846 541 4886 1.
1060 4845 1083 4885 B
1095 4844 1113 4885 Γ
