3809 5650
441 663 485 728 65
711 670 714 675 '
811 661 1168 727 ANNOTATIONES

449 854 523 896 vero
538 854 558 895 a
578 832 654 894 locis
676 830 708 892 in
729 829 843 914 quibus
865 828 1047 913 praesidium
1068 828 1216 912 agebant,
1233 826 1436 889 denominare
1456 824 1554 887 moris

448 956 512 998 non
526 934 596 1010 fuit,
612 934 667 997 sed
683 955 704 996 a
717 931 899 1017 regionibus
910 930 942 993 in
959 930 1072 1013 quibus
1087 936 1179 992 erant
1194 928 1391 1013 conscriptas.
1436 927 1553 1009 ltaque

448 1037 532 1121 quod
549 1038 589 1099 de
603 1035 725 1120 legione
742 1033 893 1096 Melitina
907 1031 1010 1095 tradit
1026 1029 1192 1103 Eusebius,
1209 1051 1322 1113 parum
1342 1028 1418 1091 mihi
1435 1028 1550 1112 proba-

449 1136 513 1200 bile
534 1136 669 1199 videtur.
714 1134 811 1197 Adde
832 1133 915 1217 quod
942 1131 1077 1194 Rufinus
1098 1131 1159 1195 hoc
1184 1130 1316 1215 legionis
1339 1151 1453 1192 nomen
1479 1151 1553 1193 con-

448 1238 544 1313 sulto,
560 1244 597 1300 ut
611 1236 762 1310 arbitror,
778 1232 999 1318 praetermisit3
1023 1233 1140 1318 quippe
1158 1232 1212 1316 qui
1234 1239 1353 1308 nosset,
1369 1230 1552 1294 Melitinam

448 1360 562 1402 nomen
578 1359 647 1400 esse
661 1336 769 1421 oppidi
784 1335 915 1399 minoris
934 1335 1102 1412 Armeniae,
1118 1335 1150 1398 iu
1166 1357 1230 1419 quo
1240 1335 1322 1420 legio
1338 1352 1385 1397 ιι.
1401 1334 1553 1397 fulminea

448 1441 552 1504 adhuc
568 1461 626 1503 sua
639 1446 738 1503 aetate
758 1438 982 1522 praetenderet.
1027 1437 1127 1500 Recte
1141 1436 1239 1501 etiam
1257 1436 1341 1500 idem
1356 1435 1491 1499 Rufinus
1505 1461 1553 1498 κε-

448 1542 638 1620 ραυνοβόλου
648 1539 830 1602 fulmineam
847 1538 943 1602 vertit
956 1563 965 1613 ;
980 1560 1044 1601 non
1055 1537 1310 1613 fulminatricem,
1319 1544 1356 1600 ut
1368 1536 1551 1621 Onuphrius

448 1650 482 1705 et
503 1641 644 1726 Scaliger
664 1639 780 1724 aliique
794 1638 966 1724 appellunt.
1011 1639 1099 1719 Quos
1112 1637 1227 1702 refellit
1242 1637 1367 1702 Notitia
1381 1637 1503 1721 imperii
1518 1637 1551 1699 in

447 1742 517 1807 loco
532 1765 625 1827 quern
637 1740 782 1826 superius
795 1740 923 1804 adduxi.
970 1740 1120 1806 (letarum
1138 1748 1174 1804 ut
1192 1740 1328 1824 ingenue
1348 1740 1450 1803 dicam
1466 1740 1551 1824 quod

447 1844 562 1916 sentio,
579 1864 691 1927 parum
706 1841 783 1905 mihi
798 1842 961 1926 probabile
976 1842 1110 1918 videtur,
1127 1850 1231 1905 totam
1246 1842 1400 1926 legionem
1415 1841 1552 1905 militum

449 1947 665 2011 Romanorum
687 1968 725 2009 eo
747 1952 890 2028 tompore
912 1944 1127 2008 Christianam
1149 1944 1254 2015 luisse,
1272 1944 1357 2028 quod
1378 1951 1485 2008 tamen
1506 1943 1552 2007 af-

448 2049 575 2111 firmare
590 2047 717 2110 videtur
732 2046 898 2109 Eusebius.
944 2046 1005 2127 Qui
1021 2055 1055 2110 et
1073 2047 1107 2109 in
1128 2068 1166 2110 eo
1186 2053 1307 2130 peccat,
1323 2046 1408 2129 quod
1428 2044 1551 2129 Apolli·

448 2150 535 2213 naris
549 2148 652 2211 locum
668 2169 732 2210 non
746 2147 889 2231 protulit,
906 2169 964 2211 nec
978 2147 1093 2210 librum
1108 2146 1222 2231 ipsum,
1239 2146 1271 2209 in
1286 2168 1350 2231 quo
1368 2146 1436 2210 haec
1452 2145 1552 2230 Apol·

447 2250 557 2315 linaria
572 2249 754 2333 scripserat,
769 2248 930 2312 indicavit.
976 2247 1038 2313 Sed
1057 2258 1090 2314 et
1105 2250 1202 2314 verba
1222 2249 1336 2333 quibua
1351 2255 1453 2312 totam
1469 2248 1551 2311 hanc

448 2352 665 2416 narrationem
689 2349 858 2423 concludit,
881 2350 961 2415 satis
984 2352 1127 2416 indicant
1151 2351 1254 2436 ipsum
1281 2351 1321 2414 de
1346 2351 1481 2414 veritate
1504 2349 1551 2412 rei

449 2453 622 2518 dubitasse.
657 2450 709 2515 Sic
720 2452 803 2515 euim
818 2452 882 2516 ait:
899 2454 982 2517 ἀλλὰ
995 2459 1087 2516 ταῦτα
1102 2455 1158 2532 μὲν
1174 2454 1231 2532 dna
1243 2478 1286 2519 τις
1297 2452 1396 2516 ἐθέλει
1410 2451 1548 2515 τιθέσθω.

450 2556 489 2619 Id
501 2562 560 2632 est,
578 2555 641 2618 Sed
657 2555 696 2618 de
711 2553 761 2617 his
776 2555 907 2639 quisque
922 2576 981 2638 pro
1001 2555 1135 2618 arbitrio
1150 2576 1208 2618 suo
1223 2552 1357 2639 judicet.
1382 2552 1547 2616 Vnnrsrus.

448 2656 561 2721 Verba
576 2656 706 2719 Eusebii
721 2656 763 2719 ad
781 2656 863 2720 hano
883 2657 1050 2721 historiam
1071 2656 1238 2740 pertinere,
1254 2678 1326 2720 cum
1342 2655 1471 2720 Valesio
1485 2662 1550 2719 sta·

374 2832 376 2835 ¹
449 2759 513 2823 tuit
536 2758 727 2822 Pearsonius
748 2758 782 2822 in
812 2759 964 2823 Vindicis
985 2760 1088 2845 Ipaat.
1110 2761 1148 2823 P.
1164 2760 1214 2823 11.
1236 2780 1264 2822 c.
1275 2758 1340 2822 xiii.
1353 2780 1384 2843 p.
1401 2761 1471 2821 161.
1495 2757 1550 2820 ubi

448 2860 509 2926 hoc
531 2860 652 2937 scribit,
668 2860 783 2924 “Tum
806 2883 881 2924 vero
903 2861 1119 2925 narrationem
1141 2862 1302 2946 quandam
1323 2861 1434 2925 statim
1454 2861 1550 2925 inter-

449 2964 561 3028 “serit
576 2965 616 3027 de
633 2961 757 3047 legione
778 2962 955 3035 Fulminea,
972 2984 1066 3046 quam
1085 2962 1172 3026 velut
1194 2961 1349 3026 incertam
1368 2961 1550 3045 relinquit.”

449 3065 530 3130 Esto
545 3065 611 3139 ita;
634 3065 675 3128 ad
688 3064 869 3128 Chronicon
883 3086 958 3128 vero
970 3062 1100 3127 Eusebii
1116 3064 1200 3147 quod
1216 3063 1345 3139 attinet,
1360 3085 1442 3128 nunc
1457 3064 1551 3127 bene-

448 3168 520 3232 ficio
554 3166 753 3230 Armeniaca
785 3166 956 3243 versionis,
988 3187 1083 3250 quam
1114 3187 1198 3229 anno
1228 3166 1359 3229 tandem
1398 3168 1479 3229 1818
1509 3167 1547 3230 cl.

449 3269 487 3333 Ρ.
508 3268 542 3331 J.
570 3268 721 3351 Baptista
755 3268 886 3332 Aucher
914 3268 1031 3332 Latine
1060 3267 1157 3331 vertit
1186 3275 1284 3352 atquc
1313 3267 1426 3344 edidit,
1459 3268 1551 3332 nobis

448 3376 585 3445 constat,
599 3368 772 3433 Eusebium
784 3370 899 3453 ipsum,
910 3392 975 3433 non
986 3376 1113 3433 tantum
1129 3368 1338 3452 interpretem
1353 3369 1422 3454 ejus
1434 3370 1549 3434 Hiero-

447 3492 586 3554 nymum,
596 3469 739 3554 pluviam
754 3491 1016 3534 commemorasse
1023 3479 1152 3555 prpter
1161 3469 1294 3533 militesne
1306 3470 1550 3534 Christiaaormu

440 3592 546 3658 preces
565 3571 715 3634 diviuitas
735 3572 865 3648 masaia,
881 3582 971 3656 atque
990 3592 1080 3657 super
1093 3571 1186 3635 aua
1202 3571 1347 3654 fulmina
1361 3593 1377 3634 e
1393 3571 1463 3635 coelo
1479 3572 1549 3653 jec-

443 3682 523 3746 tata,
544 3671 604 3735 etsi
627 3672 667 3735 de
689 3672 805 3736 litteris
827 3672 955 3757 quidem
978 3673 1082 3737 Marci
1104 3672 1305 3757 imperatoris
1326 3671 1416 3735 istoeo
1439 3672 1548 3735 Chris-

446 3774 606 3839 tianorum
630 3773 805 3857 precationi
830 3774 1082 3839 attribuentibus
1105 3775 1209 3838 minus
1232 3774 1368 3837 fidenter
1392 3774 1478 3859 loqui
1504 3774 1549 3838 vi-

446 3875 542 3939 detur
560 3876 671 3938 eadem
688 3873 804 3937 Versio
825 3875 1028 3954 Armeniaca,
1045 3897 1140 3961 quam
1162 3874 1266 3939 altera
1284 3874 1549 3960 Hieronymiana.

446 3976 518 4040 Hoc
540 3976 622 4041 enim
643 3974 789 4040 additum
808 3983 869 4050 ost,
892 3977 1022 4041 Dicitur
1041 3978 1122 4063 quod
1141 3987 1168 4041 u
1187 3977 1295 4042 litterae
1316 3987 1420 4042 estant
1440 3978 1550 4041 Marci

444 4078 532 4161 repis.
586 4078 697 4141 Adeat
730 4084 851 4155 autem,
880 4078 933 4162 qui
962 4079 1023 4143 hac
1052 4080 1093 4143 de
1127 4080 1310 4143 narratione
1342 4079 1434 4163 plura
1463 4079 1547 4157 velit,

444 4186 592 4244 auctores
613 4202 634 4242 a
658 4179 839 4243 Moshemio
864 4180 896 4243 in
919 4180 993 4244 Hiet
1025 4181 1110 4245 Eecl.
1134 4180 1213 4245 Saeo.
1229 4180 1261 4243 ii.
1279 4181 1315 4244 P.
1332 4180 1360 4244 I.
1383 4204 1410 4244 c.
1426 4180 1446 4244 i.
1472 4182 1501 4262 ᾗ.
1518 4201 1548 4265 9.

444 4280 611 4357 indicatos,
639 4281 754 4364 quibus
779 4282 935 4366 adjungat
961 4289 1079 4366 praeter
1104 4282 1324 4346 ecclesiasticae
1351 4283 1426 4347 hist.
1452 4282 1548 4366 scrip

444 4388 541 4457 tores,
557 4383 578 4442 J
582 4404 655 4446 oan.
670 4381 925 4446 Richardsonum
944 4383 977 4446 in
992 4383 1146 4447 Prcrlectt.
1162 4384 1245 4447 Eocl.
1262 4384 1322 4447 vol.
1334 4383 1367 4448 ii.
1390 4392 1423 4447 et
1444 4383 1548 4447 Lard-

444 4502 567 4557 nerum,
583 4482 701 4545 Testim.
711 4484 839 4547 ledeia
851 4485 1013 4549 etEtlaic.
1030 4484 1090 4549 vol.
1101 4485 1134 4549 ii.
1149 4508 1219 4570 cap.
1235 4504 1285 4571 15.
1302 4486 1359 4549 sed
1371 4484 1548 4549 contrarias

444 4587 553 4664 partes
568 4582 782 4648 defendentes.
817 4585 961 4649 Dixerim
975 4608 1044 4672 ego,
1061 4587 1147 4651 salvo
1162 4588 1403 4672 prudentiorum
1413 4586 1547 4671 judicio,

443 4681 642 4747 Christianos
655 4684 779 4768 aliquot
789 4686 906 4751 milites
917 4687 949 4751 in
961 4688 1102 4754 exercitu
1116 4690 1229 4769 Marci,
1242 4712 1313 4755 cum
1324 4689 1547 4754 liberationem
