3809 5650
496 717 546 782 IN
568 716 866 801 QUADRATUM
890 719 948 783 ΕΤ
971 717 1239 784 ARISTIDEM.
1376 722 1416 785 81

318 885 521 971 adopm'm
534 888 687 952 mimosds
700 911 768 974 qsoe
780 887 864 953 nodis
875 888 1087 972 Derassoorot
1101 888 1419 967 dso.-—olomsotss,

319 986 465 1051 Christus
480 988 565 1053 solus
584 989 693 1053 Dous:
719 990 787 1074 ipso
807 989 893 1054 solus
913 989 1022 1053 Deus:
1046 989 1114 1074 ipso
1134 989 1418 1055 solusvioit.o.u1

252 1099 254 1102 ’
320 1088 406 1169 §.so
416 1096 450 1152 ot
461 1090 495 1152 in
506 1089 646 1153 Tusors
655 1089 809 1176 Epistola,
820 1112 891 1175 quae
903 1089 936 1153 in
946 1089 1007 1155 vol.
1019 1089 1062 1154 iii.
1076 1091 1191 1154 horum
1201 1091 1418 1176 Robiqoiomm

317 1195 423 1280 posits
437 1204 497 1275 est,
512 1199 610 1262 verbo
623 1197 692 1263 mo
706 1198 815 1262 hobes.
852 1199 1015 1283 moyere
1030 1199 1145 1283 pomis
1163 1198 1283 1263 Christi
1296 1201 1418 1277 mortio,

317 1295 519 1380 explicabitur
534 1299 693 1384 paulatim
711 1299 775 1364 solo
804 1299 867 1383 ejus
892 1300 1065 1363 Divinitas.
1116 1290 1222 1384 Atqui
1247 1301 1288 1365 do
1314 1323 1353 1366 oo
1382 1322 1419 1365 ro

318 1404 368 1460 est
391 1396 452 1461 hoo
473 1399 703 1475 testimonium,
718 1407 757 1464 ut
775 1400 839 1464 siis
858 1407 1016 1485 praetsroo
1035 1400 1229 1465 auctoritato
1248 1422 1328 1484 opus
1348 1422 1417 1466 osso

318 1495 473 1572 videatur,
489 1505 662 1584 antequam
676 1500 858 1585 hujusmodi
873 1499 949 1585 quid
966 1522 1025 1585 pro
1040 1501 1216 1565 certissimo
1235 1502 1418 1565 habendum

319 1596 371 1662 sit.
411 1598 601 1684 Quanquam
615 1600 699 1664 onim
713 1601 941 1686 martyrologis
951 1607 1027 1666 sunt
1041 1601 1184 1685 antiquo,
1196 1608 1229 1665 ot
1241 1601 1418 1666 verisimilis

317 1705 367 1762 ost
381 1699 535 1773 narratio,
546 1701 632 1764 houd
647 1701 748 1787 liquot
761 1709 882 1778 tomen,
897 1703 994 1780 undo,
1008 1709 1042 1766 ot
1057 1724 1121 1789 quo
1135 1709 1279 1787 temporo
1293 1703 1362 1766 haeo
1376 1703 1417 1766 do

319 1799 464 1864 Aristide
478 1800 641 1866 Christum
661 1801 765 1866 Doum
780 1824 849 1866 osso
868 1803 1037 1886 probante,
1052 1803 1113 1865 hoo
1134 1809 1196 1878 est,
1208 1802 1269 1865 diis
1283 1801 1418 1866 othniois

295 1963 297 1966 .
319 1921 391 1963 oum
407 1911 596 1985 opponente,
621 1924 677 1967 sou
697 1902 826 1987 scripto,
851 1925 907 1968 sou
927 1905 1024 1968 verbo
1038 1911 1142 1978 tenus,
1161 1903 1316 1966 indicibus
1334 1924 1419 1967 mar·

301 2008 425 2084 tyrum
449 2002 572 2068 inserto
596 2004 725 2068 suerint.
771 2006 869 2068 Certo
892 2004 972 2068 nihil
1000 2003 1180 2088 hujusmodi
1207 2003 1248 2066 do
1272 2002 1418 2067 Aristide

318 2103 403 2186 opud
428 2102 578 2167 Rufinum
599 2104 634 2167 in
658 2104 800 2168 Historia
817 2104 1033 2168 Ecclesiastico
1059 2111 1160 2180 extat,
1188 2126 1258 2187 quae
1283 2103 1420 2188 plurimo

320 2203 524 2287 suppeditans
553 2204 678 2269 solebat
712 2203 944 2289 martyrologis.
990 2205 1042 2268 Do
1074 2204 1219 2270 Aristide
1247 2214 1358 2269 autom
1385 2212 1420 2269 ot

321 2304 487 2383 Quadrato
501 2305 646 2390 religioni
662 2304 853 2370 Christianae
868 2303 1086 2368 testimonium
1100 2305 1251 2369 dantibus
1268 2306 1420 2390 praeolors

320 2405 448 2469 disserit
462 2405 684 2470 celeberrimus
703 2405 889 2471 Addisonus
902 2405 936 2474 in
955 2405 1061 2477 libello
1081 2407 1124 2475 sd
1144 2408 1238 2471 tinem
1258 2429 1421 2492 nunquam

320 2506 484 2589 perducto,
499 2506 549 2569 Do
561 2507 663 2590 salty.
681 2505 795 2570 Christ.
813 2506 898 2573 Soet.
917 2527 944 2580 1,
962 2526 992 2579 2,
1008 2527 1039 2590 3,
1083 2507 1243 2572 caeterum
1258 2508 1422 2573 Antonius

320 2605 354 2668 in
368 2606 507 2683 Melissa,
523 2615 557 2671 ot
573 2607 735 2671 Maximus
748 2605 783 2668 in
796 2592 966 2700 Bomio,
977 2606 1132 2670 Aristidis
1147 2607 1311 2693 eujusdam
1320 2610 1422 2690 ῥήσεις

321 2706 476 2789 quosdam
497 2707 711 2786 adduxerunt,
727 2706 782 2797 qui
807 2728 882 2771 voro
903 2729 966 2780 non
987 2707 1071 2772 idom
1088 2714 1139 2775 est
1160 2730 1198 2773 ao
1213 2707 1351 2797 scriptor
1370 2709 1422 2776 hio

321 2805 530 2874 ffirioiono
