3809 5650
493 693 559 757 esd
856 695 1233 760 ANNOTATIONES

492 877 644 953 tionibus,
672 876 732 940 hoo
762 877 935 941 remedium
965 878 1106 941 crebrius
1138 876 1294 940 usitatum
1328 884 1388 940 est.
1438 877 1601 940 Vsnmrus.

492 980 522 1042 A
551 1002 646 1065 scopo
672 980 723 1044 hic
748 980 897 1043 aberrare
928 979 1077 1043 Valesius
1103 977 1240 1062 Anglico
1265 978 1433 1061 interpreti
1460 978 1602 1054 videtur,

492 1102 585 1165 quem
600 1103 697 1166 supra
710 1103 781 1166 pag.
794 1083 868 1164 336.
889 1081 1067 1154 nominavi;
1091 1079 1247 1163 siquidem
1267 1086 1362 1162 putat
1382 1079 1434 1142 ille
1453 1080 1602 1143 hocloco

491 1183 542 1266 agi
559 1182 709 1267 delapsis
729 1204 803 1245 raro
824 1181 980 1265 exemplo,
995 1181 1079 1264 quod
1100 1179 1184 1242 infra
1203 1180 1342 1263 positum
1358 1191 1417 1257 cst,
1433 1183 1485 1262 ξς.
1502 1202 1551 1256 12,
1567 1189 1601 1246 et

496 1303 544 1367 13,
560 1284 839 1368 resipiscentibus3
864 1290 962 1366 atquc
978 1281 1046 1345 lieri
1061 1303 1163 1365 posse,
1179 1288 1217 1343 ut
1231 1281 1274 1343 ad
1289 1281 1364 1344 Hes.
1381 1282 1421 1344 vi.
1436 1306 1467 1360 4.
1483 1290 1518 1346 et
1533 1305 1600 1366 seq.

492 1385 641 1470 respiciat
662 1393 784 1449 auctor.
822 1385 938 1448 Censet
953 1405 1039 1460 vero,
1056 1391 1089 1446 et
1104 1389 1191 1446 reete
1205 1383 1359 1459 fortassis,
1382 1405 1520 1467 nuperus
1537 1385 1601 1447 Eu-

491 1486 567 1548 sebii
592 1486 707 1561 editor,
728 1487 766 1548 cl.
790 1485 980 1561 Heinichen,
1004 1484 1080 1546 nihil
1103 1483 1221 1546 “aliud
1244 1485 1304 1547 hoc
1325 1484 1395 1547 loco
1415 1485 1598 1568 significari,

490 1595 511 1624 “
524 1586 582 1649 nisi
601 1588 685 1670 quod
705 1609 778 1650 raro
797 1586 857 1649 Dei
876 1594 910 1650 et
928 1585 1047 1650 Christi
1068 1584 1290 1647 misereoordia
1310 1584 1475 1656 evenisset,
1493 1593 1530 1648 ut
1551 1586 1599 1648 vel

490 1697 509 1724 “
525 1688 578 1771 qui
604 1688 764 1752 Christum
787 1688 995 1771 abnegarent,
1018 1709 1038 1749 a
1059 1686 1232 1770 gentilibus
1254 1686 1286 1748 in
1313 1686 1438 1749 vincula
1465 1687 1599 1770 conjice-

490 1799 510 1828 “
525 1798 645 1866 rentur,
663 1789 859 1873 conjectique
876 1788 1111 1862 retinerentur3
1126 1795 1160 1850 et
1174 1794 1282 1850 tamen
1298 1787 1358 1850 hoo
1373 1789 1476 1871 ipsum
1492 1789 1599 1853 Chris

492 1902 514 1933 “
529 1894 625 1958 tianis
639 1893 688 1968 iis,
705 1893 758 1976 qui
778 1897 964 1954 constanter
984 1896 1178 1964 manserunt,
1194 1889 1310 1951 mirum
1325 1889 1357 1950 in
1378 1890 1507 1952 modum
1523 1913 1597 1976 pro-

491 1995 627 2059 “l'uerit
674 1994 715 2057 In
738 2014 776 2055 eo
798 1992 896 2074 igitur
921 1991 982 2053 Dei
1003 1997 1036 2054 et
1059 1990 1178 2056 Christi
1202 1989 1451 2053 misericordiam
1471 1993 1600 2076 egregie

492 2105 511 2132 “
527 2095 692 2171 eluxisse‚”
728 2099 837 2156 monet
868 2092 915 2154 vir
942 2091 1154 2155 doctissimus.
1210 2090 1290 2153 Mox
1320 2090 1412 2154 abest
1443 2092 1599 2156 articulus

489 2204 565 2260 ante
595 2200 726 2269 Χριστοῦ
752 2215 773 2256 a
798 2194 871 2256 Ms.
900 2192 1036 2275 Norfolc.
1083 2191 1175 2255 Nunc
1201 2191 1293 2254 addit
1324 2191 1485 2254 Burtonus
1509 2194 1595 2257 codd.

491 2300 572 2361 Por.
594 2317 620 2358 1.
635 2295 874 2358 etFloroatinos.

535 2399 572 2461 P.
585 2414 658 2483 307.
676 2398 695 2460 l.
710 2415 757 2478 17.
774 2399 992 2477 ὁμολογοῦντες
1006 2395 1023 2457 b
1036 2396 1083 2457 καὶ
1098 2394 1190 2476 ἦσαν]
1206 2397 1424 2473 ὁμολογοῦντες
1438 2394 1492 2455 τὸν
1502 2393 1597 2456 Θεὸν.

490 2502 565 2564 MS.
577 2498 716 2582 Norfolc.
754 2498 858 2562 Abest
878 2520 899 2560 a
912 2497 975 2560 cod.
993 2497 1156 2580 posteriori
1169 2496 1347 2561 Fbroatico
1364 2494 1523 2578 particula
1538 2495 1596 2569 καὶ,

489 2604 649 2687 habetque
670 2604 744 2681 ὅπερ
766 2601 846 2679 ἦσαν
866 2600 938 2663 edis.
956 2599 1058 2682 stopo.
1105 2599 1186 2660 Mox
1208 2618 1333 2681 quoque
1356 2618 1385 2680 p.
1397 2597 1472 2679 308.
1491 2595 1545 2658 lin.
1564 2615 1596 2678 3.

490 2704 543 2767 τὸν
558 2703 642 2768 Θεὸν
655 2722 714 2786 pro
729 2702 783 2764 τὸν
797 2700 929 2780 Χριστὸν
943 2699 1025 2762 idom
1040 2701 1079 2762 M
1081 2700 1114 2762 S.

534 2807 571 2869 P.
587 2805 661 2888 308.
688 2803 709 2866 l.
721 2804 751 2866 6.
775 2803 956 2884 ἐτιμωρεῖτο]
982 2803 1116 2881 draps-lpse
1141 2801 1215 2863 MS.
1241 2799 1344 2884 Sloph.
1373 2800 1497 2885 Marpp.
1522 2800 1596 2863 edd.

492 2908 603 2970 Conso.
619 2913 652 2969 et
666 2904 847 2988 exemplaris
859 2904 960 2966 Jorses.
985 2902 1116 2965 Sanora.
1147 2903 1242 2966 Adde
1257 2902 1348 2966 codd.
1362 2902 1458 2985 Norf.
1474 2903 1546 2986 [top.
1563 2910 1597 2966 et

490 3008 675 3071 Palatinum
689 3015 854 3089 ιιίινσνᾳνσ.

534 3108 616 3171 lbid.
633 3107 652 3170 l.
667 3122 697 3188 7.
714 3106 868 3184 διοδήλους
883 3108 935 3170 τὰς
950 3106 1050 3186 ὄψεις]
1078 3103 1195 3167 Confer
1213 3105 1311 3167 verba
1330 3104 1473 3188 Dionysii
1493 3104 1596 3168 Alex-

490 3207 615 3270 andrini
631 3206 714 3268 infra
727 3205 782 3267 lib.
795 3204 835 3267 vi.
853 3203 982 3266 Eusebii
1000 3203 1087 3265 Hist.
1108 3224 1134 3265 c.
1148 3224 1200 3279 4¹·
1231 3203 1288 3264 W.
1302 3204 1431 3267 Lowru.

533 3308 615 3372 Ibid.
642 3309 663 3370 l.
681 3309 709 3368 8.
737 3305 902 3389 προῄεσαν]
940 3307 981 3367 In
1007 3304 1114 3368 codice
1141 3306 1224 3369 Mar.
1254 3313 1288 3370 et
1319 3307 1401 3371 Fulr.
1433 3307 1529 3370 Savil.
1561 3314 1596 3371 et

491 3409 647 3473 Modicaeo
668 3407 785 3490 legitur
805 3405 969 3491 προῄεσαν,
992 3428 1089 3489 quam
1111 3407 1301 3491 scripturam
1321 3416 1447 3472 secutus
1470 3407 1597 3471 videtur

489 3508 803 3591 Christophorsonus.
837 3505 909 3569 Hoc
925 3515 975 3570 est
990 3509 1075 3591 quod
1090 3515 1166 3572 ante
1181 3509 1263 3573 dixit
1279 3514 1353 3573 κατὰ
1367 3513 1420 3575 τὰς
1430 3511 1594 3590 πορόὸουςι

489 3611 565 3672 dum
580 3608 731 3671 sciliceta
747 3628 872 3670 carcere
888 3608 1064 3690 procedunt
1076 3631 1175 3693 usque
1190 3611 1232 3673 ad
1247 3611 1397 3674 tribunal.
1427 3610 1594 3672 Vsaasrus.

489 3710 600 3794 Neque
630 3709 714 3772 lavet
745 3709 871 3772 lectioni
902 3708 1129 3791 Stephanianae
1154 3709 1328 3796 προσῄεσαν
1358 3711 1422 3775 cod.
1453 3710 1593 3794 Norsok.

488 3811 537 3875 vel
552 3811 653 3895 quivis
668 3810 759 3883 alius,
775 3816 859 3875 teste
876 3811 1031 3885 Burtono,
1048 3818 1167 3894 praeter
1181 3811 1265 3874 codd.
1281 3812 1356 3895 Boo.
1372 3822 1406 3874 et
1422 3812 1595 3875 Paeana.

532 3914 613 3976 Ibid.
629 3913 649 3976 l.
662 3934 692 3996 9.
716 3915 809 3990 ὥστε]
836 3914 875 3977 ὡς
898 3911 1004 3995 steph
1028 3912 1074 3975 ed.
1101 3912 1233 3975 Sraorn.
1272 3915 1328 3976 lta
1351 3913 1436 3975 codd.
1461 3914 1535 3998 nep.
1560 3923 1595 3977 et

487 4015 595 4079 Poris.
609 4015 764 4097 ροιινιιον.

532 4114 613 4180 Ibid.
643 4116 663 4177 l.
685 4135 733 4177 11.
764 4116 798 4176 ἐν
826 4120 1007 4193 κροσσωποῐς
1030 4120 1153 4196 χρυσοῖς
1181 4113 1435 4200 πεποικιλμένοις]
1468 4114 1596 4180 Alludit

487 4215 529 4280 ad
555 4215 658 4279 locum
680 4213 733 4296 qui
756 4220 805 4275 est
828 4212 860 4274 in
884 4210 1012 4276 Psalmo
1028 4214 1100 4277 xliv.
1127 4223 1160 4278 et
1185 4214 1280 4299 paulo
1304 4216 1398 4279 aliter
1426 4216 1521 4279 hodie
1550 4216 1595 4280 le-

486 4317 583 4399 gitur,
599 4314 879 4394 περιπεποικιλμένη
894 4313 1023 4378 scilicet.
1069 4315 1132 4379 Sed
1152 4317 1263 4379 melius
1277 4324 1327 4380 est
1341 4318 1594 4397 πεποικιλμένοις.

489 4417 568 4507 Μοεο
593 4414 676 4477 enim
706 4421 786 4486 erat,
815 4414 993 4478 tunicarum
1018 4416 1159 4480 fimbrias
1188 4417 1363 4501 variegarc,
1390 4427 1427 4482 ut
1452 4424 1596 4481 testatur

487 4518 594 4579 Amm.
612 4514 816 4578 Marcellinus
835 4516 867 4578 in
884 4515 937 4581 lib.
955 4538 1004 4597 14.
1025 4528 1059 4581 ot
1079 4519 1224 4603 longiores
1236 4518 1374 4601 flmbsioe
1391 4521 1503 4583 sosiae
1519 4540 1594 4603 per-

484 4617 728 4703 plantassent,
745 4618 891 4679 comaclo
904 4617 1046 4681 lidorum
1060 4620 1202 4704 offiyiotoe
1222 4620 1256 4682 ia
1277 4621 1388 4705 specics
1407 4619 1594 4683 animalium

484 4721 694 4802 multiformes.
728 4717 826 4780 Certe
844 4719 876 4779 in
892 4719 999 4782 codice
1016 4720 1104 4783 Med.
1122 4728 1155 4784 ct
1173 4721 1256 4785 Maz.
1274 4721 1424 4785 scribitur
1438 4729 1594 4785 πεποικιλ-
