3809 5650
712 1313 1308 1410 ANNOTATIONES

626 1577 679 1659 IN
713 1577 1011 1661 MELITONIS
1042 1578 1389 1663 FRAGMENTA.

504 2043 542 2106 P.
565 2043 668 2126 115.l.
687 2060 716 2124 7.
747 2043 803 2107 Ἐν
826 2047 882 2122 μὲν
908 2046 963 2107 οὖν
984 2050 1046 2110 τοῖς
1066 2047 1133 2124 περὶ
1156 2051 1208 2107 τοῦ
1223 2044 1329 2127 πάσχα
1359 2041 1428 2128 bra]
1475 2043 1562 2107 Haeo

459 2144 570 2208 scribit
590 2144 747 2208 Eusebius
767 2154 839 2229 post
859 2155 1045 2211 enumerata
1069 2169 1177 2231 opera,
1201 2134 1466 2231 quae⁴Melitonis
1489 2168 1562 2210 esse

459 2254 601 2318 noverat,
618 2268 689 2309 oum
705 2254 865 2310 narrasset
881 2270 951 2310 eum
972 2248 1155 2332 imperatori
1173 2247 1349 2324 Antonino,
1364 2247 1428 2310 sive
1445 2247 1562 2311 Marco

459 2344 592 2412 Aurelio
627 2348 802 2419 Antonino,
838 2349 991 2412 obtulisse
1018 2350 1207 2415 Christianae
1237 2350 1309 2414 fidei
1333 2348 1561 2413 defensionem.

459 2449 615 2534 Reposuit
630 2450 752 2513 interea
768 2450 931 2514 Strothius
946 2475 985 2514 ex
1000 2454 1041 2515 a.
1052 2453 1206 2537 Stephani
1220 2453 1290 2516 odit.
1303 2452 1469 2537 Rafiaique
1485 2452 1561 2515 Ver-

457 2552 538 2615 eiooe
549 2556 589 2636 τῷ
605 2574 663 2636 pro
678 2558 748 2618 τοῖς.
787 2554 821 2615 is
832 2561 940 2616 tumen
952 2555 1113 2639 scripsisse
1125 2555 1301 2619 Eusebium
1317 2560 1412 2639 putet
1426 2555 1466 2638 τῷ
1482 2551 1523 2630 α’,
1539 2575 1561 2617 a

459 2676 522 2738 quo
548 2676 644 2738 supra
666 2655 902 2718 commemorati
929 2655 1056 2719 inerant
1076 2657 1112 2720 de
1128 2656 1246 2740 parelio
1268 2654 1341 2718 libri
1363 2655 1431 2718 dtu.
1477 2653 1560 2718 (ium

459 2778 533 2819 vero
560 2755 733 2819 Valesiana
758 2756 963 2819 confirmetur
986 2756 1081 2820 leutio
1108 2758 1231 2820 duobus
1257 2755 1383 2841 seriptis
1409 2754 1501 2818 Bodl.
1533 2765 1562 2819 et

459 2859 601 2942 Norsolc.
617 2868 659 2934 et,
676 2859 735 2921 nisi
752 2859 854 2936 iiiior,
869 2882 890 2922 a
904 2860 1083 2944 Nicephora
1100 2860 1297 2924 retinendam
1313 2858 1411 2943 igitur
1426 2858 1561 2921 eandem

458 2961 575 3025 censui.
622 2960 768 3024 Adlitum
783 2983 907 3045 quoque
927 2969 978 3024 est
998 2969 1060 3027 τοῖς
1083 2984 1140 3046 pro
1155 2966 1195 3046 τῷ
1215 2959 1350 3045 margini
1370 2959 1562 3043 exemplaris

459 3062 684 3148 Stephanianae
696 3062 773 3126 edit.
785 3063 869 3146 quod
885 3064 917 3125 in
933 3062 1125 3126 bibliotheca
1138 3062 1228 3126 Bodl.
1244 3063 1441 3125 adservatur.
1465 3060 1561 3126 Nune

458 3165 599 3229 ostendit
614 3165 712 3228 editio
736 3164 865 3227 Eusebii
887 3165 1097 3238 Burtoniana‚
1115 3174 1225 3228 extare
1248 3171 1311 3230 τοῖς
1333 3164 1365 3225 in
1380 3164 1472 3227 eodd.
1488 3186 1557 3227 om-

457 3267 551 3331 nibus
566 3274 683 3351 praeter
695 3267 823 3351 Eppium
837 3266 1032 3330 Florentium
1046 3276 1079 3330 ot
1095 3268 1198 3330 Paris.
1214 3287 1243 3332 2.

505 3369 587 3432 Ibid.
602 3369 622 3433 l.
638 3389 684 3432 ιο.
697 3368 840 3451 Σάγαρις]
856 3369 1008 3449 Σάγγαρις
1020 3369 1200 3453 appellatur
1213 3390 1234 3432 a
1248 3368 1428 3452 Nicephoro,
1441 3374 1475 3430 et
1486 3388 1561 3450 pro

459 3470 566 3535 oonsul
591 3471 782 3550 Σερουιλλός,
804 3470 938 3533 eundem
969 3492 1042 3534 vero
1073 3470 1207 3535 Rufinus
1237 3471 1377 3555 Serpium
1402 3468 1559 3532 nominat.

459 3573 592 3637 Sunonn.
640 3571 719 3635 Cum
743 3573 938 3654 Σερουιλλίου
965 3595 1036 3635 eum
1057 3574 1180 3636 duobus
1200 3582 1220 3636 λ
1243 3573 1274 3635 in
1297 3572 1388 3636 oodd.
1412 3569 1560 3634 omnibus

458 3683 576 3761 praeter
591 3674 719 3759 Bopiaoa
734 3681 767 3737 et
790 3674 931 3738 Venetam
954 3675 1124 3739 invenisset
1139 3675 1312 3749 Burtonus,
1335 3674 1418 3737 hano
1436 3672 1560 3756 recepit

459 3777 660 3862 scripturam.
715 3774 777 3839 Sed
802 3776 921 3840 familia
952 3778 1097 3840 Romana
1123 3786 1173 3841 est
1203 3777 1416 3841 Serviliomm.
1466 3774 1560 3838 Vale-

458 3882 522 3945 sius
537 3888 646 3945 autem
659 3879 701 3942 ad
725 3878 821 3942 aliurn
844 3877 974 3942 Eusebii
990 3879 1102 3956 locum,
1126 3880 1230 3964 eapite
1254 3899 1304 3959 24.
1321 3879 1375 3941 lib.
1388 3901 1419 3940 v,
1434 3877 1502 3941 haeo
1518 3877 1560 3940 de

458 3982 570 4068 Sagari
588 3982 764 4046 annotavit.
810 3989 830 4020 “
845 3983 883 4044 In
899 3981 997 4045 veteri
1014 3980 1240 4066 martyrologio
1256 3980 1341 4065 quod
1360 3978 1461 4043 edidit
1475 3978 1559 4042 Ros-

459 4095 478 4121 “
495 4087 612 4170 veydus
622 4085 731 4170 quinto
742 4083 794 4147 die
806 4083 955 4147 Octobris
965 4083 1033 4146 haeo
1044 4083 1222 4146 habentur:
1237 4083 1401 4146 Emmaiae
1413 4081 1561 4146 firmae

459 4197 478 4226 “
490 4188 644 4273 Episoopi‚
660 4187 747 4271 apid
760 4187 926 4269 Senpmam
941 4186 1083 4258 coronati,
1100 4187 1154 4271 qui
1168 4208 1247 4249 anus
1258 4186 1331 4269 suit
1345 4208 1381 4249 ea
1397 4184 1557 4269 antiquie:

459 4299 478 4326 “
489 4289 551 4353 Die
565 4297 673 4352 autem
688 4297 839 4371 sequente
855 4288 922 4351 haea
937 4296 1111 4352 notantur:
1135 4288 1264 4373 Saporis
1278 4286 1426 4372 Episcopi
1439 4285 1558 4349 Laodi-

459 4400 478 4427 “
490 4392 593 4466 oensis,
608 4391 646 4453 de
659 4391 795 4474 antiquie
810 4390 910 4452 Pauli
925 4391 1064 4474 Apostoli
1078 4390 1270 4474 discipulis.’'
1299 4388 1477 4473 Contigisse
1493 4386 1557 4451 hoo

457 4493 644 4578 martyrium
660 4493 784 4555 videtur
800 4492 903 4554 Marci
920 4493 1042 4555 Aurelii
1053 4492 1258 4577 temporibus,
1272 4492 1385 4577 quibus
1400 4498 1433 4553 et
1443 4511 1557 4573 possus

456 4606 507 4663 ost
537 4596 657 4659 Beatus
694 4593 899 4677 Polycarpus‚
932 4595 1068 4678 apostoli
1099 4595 1235 4659 Joannis
1257 4591 1440 4677 discipulus,
1465 4589 1556 4675 eujus

456 4697 607 4763 benevola
622 4702 718 4779 atque
734 4694 835 4758 amica
849 4695 1003 4759 dissensio
1024 4699 1066 4761 ab
1087 4696 1225 4761 Anioeto
1247 4696 1395 4780 episeopo
1410 4692 1557 4755 Romano
