3809 5650
777 644 1084 716 PRAEFATIO.
1358 671 1455 718 xxxv

405 842 672 951 scriptoribus
693 840 809 938 nihil,
829 853 903 922 aut
918 842 1047 924 ferme
1067 840 1184 937 nihil,
1199 843 1354 923 criticae
1373 844 1457 925 dis-

406 976 634 1085 putationis
652 978 704 1057 ab
724 977 953 1057 editoribus
967 977 1105 1058 fuerat
1119 990 1217 1058 ante
1234 980 1455 1087 adjectum,

405 1138 500 1192 cum
521 1112 564 1191 in
593 1110 671 1191 hoc
688 1138 839 1219 genere
859 1111 963 1192 mihi
991 1112 1153 1220 integra
1174 1140 1237 1192 res
1257 1127 1357 1209 erat,
1377 1112 1456 1195 hoc

405 1273 545 1325 meum
584 1245 667 1324 fuit
699 1244 930 1342 consilium,
963 1260 1013 1326 ut
1046 1246 1177 1327 rarius
1212 1245 1454 1327 varietatem

404 1378 593 1462 lectionis
640 1409 1017 1478 commemorarem,
1070 1383 1149 1463 nisi
1204 1395 1454 1490 praesentem

406 1515 651 1623 scripturam
670 1530 919 1596 mutaturus.
978 1516 1120 1596 Unum
1143 1517 1246 1625 quid
1265 1516 1335 1598 hic
1353 1515 1455 1597 libet

406 1649 568 1730 addere.
627 1649 780 1731 Utrum
800 1649 959 1760 duplex
978 1650 1075 1732 olim
1099 1652 1227 1733 fuerit
1249 1679 1324 1760 pro
1343 1652 1455 1732 Stro-

407 1785 495 1882 thii,
512 1785 773 1893 aliorumque
791 1798 890 1867 ante
909 1815 1007 1868 eum
1023 1788 1204 1867 virorum
1225 1788 1453 1882 doctorum,

406 1921 601 2029 opinione
629 1920 811 2003 historiae
841 1922 1090 2003 Eusebianae
1120 1922 1258 2017 editio,
1288 1923 1341 2002 ab
1366 1922 1454 2029 ipso

405 2070 572 2136 auctore
586 2056 780 2165 profecta,
795 2083 846 2136 an
864 2055 985 2137 aliter
1000 2084 1120 2137 resse
1135 2055 1318 2152 haberet,
1333 2056 1455 2163 quid-

404 2190 508 2298 quid
527 2193 616 2299 ejus
636 2191 700 2285 sit,
721 2219 803 2271 non
825 2190 1008 2271 multum
1029 2193 1225 2300 putabam
1245 2192 1453 2287 interesse,

404 2327 517 2435 quod
537 2328 623 2408 fere
643 2355 803 2436 semper
827 2339 1045 2409 anctorum
1073 2343 1307 2408 nostrorum
1330 2329 1453 2408 verba

404 2463 517 2570 apud
546 2462 773 2544 Eusebium
807 2465 849 2544 in
881 2478 1059 2577 utraque
1090 2465 1274 2545 editione
1307 2463 1452 2544 eadem

403 2618 645 2698 permanere
682 2593 934 2674 debuissent.
993 2593 1044 2674 ld
1082 2604 1247 2673 tantum
1287 2594 1452 2676 notabo,

404 2728 643 2836 scriptorem
689 2726 971 2809 ecclesiasticae
1010 2727 1194 2808 historiae
1232 2727 1453 2822 Socratem,

404 2863 512 2961 sicut
531 2864 632 2945 alios
657 2867 857 2972 quosdam
882 2895 933 2947 ex
963 2865 1180 2959 veteribus
1214 2891 1361 2943 novam
1392 2864 1453 2943 in·

404 3000 586 3081 stituisse
605 3001 740 3109 operis
764 3002 827 3081 sui
858 3000 1096 3094 editionem,
1125 2999 1213 3107 ipso
1245 2998 1303 3077 ita
1330 2998 1382 3077 de
1410 3025 1452 3078 se

403 3138 607 3217 scribente
627 3136 748 3216 initio
769 3135 861 3216 libri
883 3135 1066 3215 secundi.

460 3271 543 3351 ΙΙΙ.
567 3270 660 3352 Hoc
680 3273 857 3351 maxime
876 3269 1001 3350 modo
1021 3268 1202 3348 subsidia
1221 3268 1355 3375 operis
1370 3269 1450 3347 mei

402 3409 652 3489 enumeravi.
688 3406 814 3488 Nunc
828 3408 881 3488 de
896 3405 1317 3513 Interpretationibus
1334 3403 1451 3484 Lati-

403 3542 478 3638 nis
492 3555 618 3650 atque
634 3541 998 3636 Annotationibus,
1014 3540 1138 3634 brevi,
1159 3554 1207 3619 ut
1223 3554 1389 3647 tempus
1408 3552 1451 3620 et

402 3704 465 3755 res
494 3675 689 3784 postulat,
709 3687 750 3756 te
778 3674 939 3768 Lector,
959 3689 1195 3754 moraturus
1220 3700 1324 3753 sum.
1382 3672 1451 3752 Ad

401 3821 594 3917 excerpta
612 3808 781 3915 quidem
803 3835 855 3887 ex
876 3806 1046 3887 Eusebii
1069 3805 1250 3900 historia,
1274 3804 1448 3886 Henrici

402 3941 553 4024 Valesii
572 3942 744 4050 apposui
772 3941 1157 4047 interpretationem
1183 3940 1386 4044 integram
1407 3949 1450 4018 et

401 4075 609 4173 illibatam,
640 4079 767 4186 idque
796 4079 839 4156 in
871 4073 978 4169 locis,
1012 4075 1082 4154 ubi
1113 4074 1258 4152 Graeca
1291 4070 1449 4178 aliqua,

399 4229 523 4295 tenus
552 4242 665 4294 nunc
693 4224 854 4293 mutata
881 4220 993 4289 sunt.
1052 4207 1113 4286 Ac
1133 4207 1218 4285 fere
1247 4205 1290 4284 in
1320 4205 1448 4285 inter-

398 4349 623 4456 pungendo
654 4346 846 4427 Graecum
877 4356 1040 4424 textum
1071 4340 1227 4420 servavi
1263 4343 1352 4448 ejus
1385 4367 1446 4419 ra-

397 4483 568 4562 tionem.
629 4483 741 4569 Quas
774 4509 870 4561 vero
908 4475 1103 4558 versionis
1138 4475 1256 4555 istius
1290 4504 1446 4556 correc-

889 4636 910 4684 e
930 4621 952 4684 2
