3809 5650
546 691 597 756 ΙΝ
620 693 876 758 MELITONIS
900 692 1205 759 FRAGMENTA.
1365 691 1428 760 139

327 880 432 923 veram
447 882 517 925 esse
532 883 595 925 non
611 863 802 927 dubitamus.
848 864 931 929 Nam
946 872 980 929 et
995 863 1218 947 interpretatio
1233 861 1339 925 Rufini
1355 882 1426 924 eam

327 959 513 1037 coufirmat3
527 963 565 1026 de
575 965 683 1027 anima
697 975 726 1027 et
739 987 860 1049 corpere
871 976 898 1028 et
910 975 1011 1029 meam.
1035 965 1198 1026 Vsursms.
1224 963 1427 1046 Hebronymus

327 1060 404 1123 nihil
424 1061 548 1128 interea
571 1064 670 1129 habet
691 1075 766 1150 post
788 1069 933 1145 σώματος.
979 1067 1109 1131 Omittit
1132 1065 1151 1145 ἦ
1177 1066 1245 1132 νοὸς
1269 1066 1307 1142 ἣν
1330 1068 1356 1128 εί
1382 1065 1426 1130 οἶς

326 1161 389 1225 eod.
405 1162 504 1227 Vesci.
515 1165 572 1228 sed
583 1188 655 1229 cum
667 1165 831 1250 Stephano
840 1167 1053 1233 iaciuntcedd.
1065 1168 1168 1231 Parte.
1178 1166 1262 1231 arisbe
1271 1167 1427 1230 referente

329 1263 483 1328 Burteno.
528 1267 607 1330 Cum
631 1267 804 1330 Valesiana
826 1267 961 1332 lectione
987 1269 1189 1332 consentiunt
1210 1268 1296 1332 codd.
1325 1266 1426 1330 nostri

327 1365 417 1428 Bedl.
438 1366 503 1429 sive
526 1368 629 1431 Socii.
648 1375 681 1432 et
705 1368 842 1451 Nersele.
863 1369 1113 1454 exemplarisque
1135 1371 1184 1432 ed.
1201 1368 1425 1454 Stephanianae

327 1488 423 1550 penes
436 1467 593 1531 Jonaium
608 1471 702 1533 Lecti.
717 1492 738 1532 a
754 1470 929 1555 Readingio
942 1471 985 1533 ad
999 1471 1116 1534 calcem
1131 1471 1207 1535 edit.
1223 1492 1288 1534 suae
1308 1469 1425 1533 allatae.

329 1568 511 1653 legendum
523 1592 598 1633 vero
613 1580 687 1655 post
697 1573 804 1654 Rufini
820 1573 988 1634 Versionem
1001 1573 1048 1635 καὶ
1060 1574 1136 1638 νοός.
1169 1572 1249 1635 Haec
1260 1579 1369 1635 tamen
1380 1572 1425 1633 in-

326 1668 517 1752 terpretatio
536 1677 614 1732 ante
629 1669 706 1732 illud
726 1669 763 1733 de
776 1670 995 1753 Hospitalitete
1009 1669 1106 1734 verba
1125 1670 1161 1733 de
1174 1670 1293 1732 Anium
1306 1678 1334 1731 et
1351 1669 1425 1731 Cer-

320 1791 396 1854 pere
418 1770 501 1834 male
523 1771 661 1856 repetita
683 1772 790 1836 habet.
837 1772 882 1833 W
884 1772 994 1855 cogius
1016 1793 1141 1857 quoquo
1163 1772 1195 1833 in
1215 1772 1343 1834 Discat.
1367 1792 1425 1833 sua

326 1893 424 1955 supra
437 1882 615 1937 memorata
629 1873 842 1937 distinctionis
857 1880 935 1937 nota
949 1873 1054 1957 posita
1073 1880 1147 1957 pest
1162 1893 1268 1935 vocem
1290 1874 1426 1949 σώματος

327 1974 423 2037 verba
438 1995 509 2058 quoe
524 1982 709 2058 sequuntur,
726 1974 786 2038 hoc
806 1977 901 2037 modo
920 1982 1063 2059 praestat,
1079 1975 1116 2052 ἦν
1135 1977 1168 2039 ἓν
1190 1976 1234 2041 οἷς
1256 1974 1303 2036 καὶ
1325 1975 1342 2035 ὀ
1359 1972 1426 2052 περὶ

325 2080 462 2153 λουτροῦ,
479 2077 564 2158 quod
577 2084 686 2139 tamen
702 2076 753 2138 vix
768 2077 878 2160 probo.

371 2175 456 2238 lbid.
479 2176 499 2238 l.
528 2195 579 2261 23.
603 2179 671 2256 περὶ
697 2179 819 2243 κτίσεως
845 2179 893 2240 καὶ
916 2177 1065 2258 γενέσεως
1087 2178 1229 2263 Χριστοῦ]
1252 2178 1292 2240 In
1318 2178 1425 2242 codice

329 2276 414 2339 Mau.
431 2278 522 2340 Med.
538 2286 572 2341 et
588 2278 670 2341 Fur.
686 2286 720 2342 ct
734 2280 819 2363 apud
841 2278 1057 2363 Nicephorum
1079 2280 1195 2365 legitur
1214 2283 1281 2361 περὶ
1305 2282 1426 2347 κτίσεως

327 2379 376 2440 sal
386 2378 535 2458 γενέσεως
544 2385 684 2459 Χριστοῦ.
714 2381 754 2442 Id
769 2388 836 2443 est:
853 2382 1288 2466 Deerectienaetycnarctiona
1301 2381 1424 2445 Christi.

328 2479 431 2559 Quam
447 2479 637 2563 scripturam
646 2502 752 2543 veram
765 2504 906 2545 essenon
919 2482 1116 2564 ambigimus.
1152 2482 1286 2546 Rufinus
1298 2485 1425 2567 quidem

327 2580 489 2665 vulgatam
508 2580 675 2644 lectionem
698 2584 840 2665 (πίστεως
860 2604 918 2666 pro
942 2586 1077 2666 κτίσεως)
1101 2592 1227 2647 secutus
1250 2592 1309 2656 est,
1326 2595 1363 2648 ut
1385 2607 1425 2648 ex

326 2682 591 2766 interpretatione
606 2684 674 2766 ejus
688 2691 834 2767 apparet.
880 2685 1095 2769 Hieronymus
1115 2708 1189 2748 vero
1211 2708 1274 2749 uno
1296 2709 1425 2771 gencra-
1467 2765 1470 2771 ἢ

326 2782 423 2847 tionis
448 2783 601 2848 vocabulo
630 2790 808 2862 contentus,
835 2807 942 2850 vocem
973 2788 1095 2853 κτίσεως
1124 2794 1236 2871 utpote
1265 2788 1425 2852 duriorem

325 2884 507 2964 declinavit,
523 2895 692 2970 propterea
706 2888 791 2970 qued
809 2887 971 2952 Christum
991 2888 1022 2949 in
1044 2889 1186 2951 ordinem
1206 2897 1425 2953 creaturarum

326 3009 440 3072 eogere
454 2988 623 3052 videretur.
671 2987 793 3051 Verum
812 2989 937 3072 antiqui
954 2989 1069 3052 Patres
1088 2989 1142 3073 qui
1162 2996 1237 3053 ante
1260 2991 1424 3055 concilium

327 3088 493 3153 Nieaenum
521 3089 637 3165 vixere,
666 3110 724 3172 per
753 3089 940 3153 vocabulum
970 3092 1100 3162 κτίσεως,
1128 3112 1191 3153 uon
1220 3113 1290 3154 earn
1322 3092 1425 3155 solum

326 3196 520 3259 creationem
542 3215 612 3279 quse
633 3216 673 3258 ex
695 3193 792 3257 nihilo
815 3194 861 3270 lit,
886 3195 941 3256 sed
968 3216 1061 3258 omne
1083 3217 1183 3279 genus
1208 3196 1425 3279 productionis

325 3297 560 3373 intellexerunt,
575 3296 738 3379 ipsamque
753 3296 833 3359 adeo
847 3296 1084 3381 generationem
1100 3297 1211 3361 Verbi.
1258 3300 1374 3383 ltaque
1392 3300 1425 3362 id

326 3398 411 3483 quod
434 3398 466 3460 in
490 3396 670 3460 Proverbiis
692 3396 824 3481 legitur:
857 3397 1007 3460 Dominae
1030 3399 1145 3462 craecia
1165 3421 1211 3462 me
1229 3401 1425 3485 principiam

326 3501 448 3564 οίωηιω
463 3519 599 3573 ararum,
609 3499 649 3560 de
663 3498 867 3581 generatione
881 3497 932 3560 illa
947 3507 1070 3561 aeterna
1084 3509 1317 3583 exposuerunt:
1335 3502 1425 3566 item·

326 3624 388 3688 que
402 3601 478 3665 illud
496 3599 652 3684 Apostoli,
662 3600 883 3684 primogenitas
897 3601 994 3664 enanis
1013 3611 1174 3666 creaturae.
1220 3605 1299 3684 Quae
1318 3605 1427 3669 omnia

328 3701 500 3765 Marcellus
516 3700 642 3784 quidem
659 3701 796 3783 Aneyrae
813 3700 999 3784 Episcopus,
1016 3701 1055 3764 de
1070 3702 1288 3766 incarnatione
1306 3704 1425 3770 Christi

325 3802 414 3866 dicta
428 3822 496 3864 esse
511 3800 744 3863 contendebat:
769 3801 825 3863 scd
844 3801 1004 3864 refutatur
1023 3803 1065 3865 ab
1086 3802 1225 3866 Eusebio
1245 3803 1277 3866 in
1298 3803 1378 3865 libro
1393 3804 1423 3866 ii.

327 3910 440 3967 eontra
455 3901 644 3965 Marcellum
660 3923 727 3985 cap.
744 3920 774 3984 3.
791 3901 871 3964 etin
892 3902 945 3964 lib.
962 3901 1004 3965 iii.
1021 3903 1060 3965 de
1080 3901 1305 3965 Ecclesiastica
1325 3902 1425 3965 Theo·

326 4004 429 4089 logica
450 4026 518 4088 cap.
537 4026 565 4065 a.
613 4003 714 4065 Porro
738 4004 769 4065 in
792 4004 899 4066 codice
923 4004 1089 4066 Mazarino
1111 4006 1151 4066 ad
1174 4026 1281 4067 vocem
1305 4006 1426 4072 κτίσεως

326 4112 460 4169 notatur
485 4105 517 4165 in
544 4103 686 4187 margine
711 4104 822 4166 cadem
853 4126 948 4166 manu
980 4110 1030 4182 Γρ.
1060 4105 1196 4170 πίστεως.
1241 4105 1319 4184 Quae
1349 4113 1427 4169 nota

325 4206 494 4289 significat,
505 4205 537 4268 in
546 4205 733 4288 quibusdam
744 4204 976 4288 exemplaribus
987 4225 1046 4287 pro
1056 4206 1177 4270 κτίσεως
1187 4204 1425 4272 scribialareos.

329 4305 409 4370 Van
456 4309 522 4369 Pro
545 4306 698 4369 librorum
720 4305 879 4368 editorum
901 4304 1037 4367 lectione
1058 4307 1186 4369 πίστεως
1208 4314 1323 4370 testem
1346 4307 1426 4370 citat

327 4406 490 4473 Strothius
515 4408 683 4488 Obrietcpt.
705 4428 763 4490 pro
784 4406 1016 4469 alternantem
1039 4407 1171 4481 κτίσεως,
1186 4428 1282 4489 quam
1304 4407 1371 4491 ipse
1393 4408 1427 4471 in

326 4517 450 4573 textum
465 4508 586 4592 primus
600 4507 731 4591 recepit,
748 4507 819 4570 cod.
844 4507 946 4571 Vasti
960 4510 1055 4571 Lecti.
1072 4508 1146 4571 MS.
1163 4508 1264 4591 sapt.
1276 4508 1427 4572 editiones-

326 4632 381 4695 que
399 4610 512 4673 Gestae.
525 4608 630 4691 Mare.
645 4608 758 4690 quibus
770 4630 853 4671 nunc
863 4610 946 4672 adde
957 4611 1032 4673 MS.
1042 4609 1181 4692 Nersek.
1193 4617 1227 4673 et
1245 4610 1315 4674 eod.
1328 4611 1430 4689 Sacil.

327 4730 382 4775 seu
397 4707 491 4773 Bedl.
508 4708 541 4771 in
555 4708 616 4772 hoo
631 4715 739 4772 tamen
754 4708 835 4772 libro
849 4708 999 4773 scribitur
1015 4709 1154 4789 κτήσεως.
1185 4712 1268 4775 Cum
1284 4713 1429 4778 Strothio
