3809 5650
537 710 592 774 IN
616 710 880 775 FRAGMENT.
904 708 1086 775 lNOERTl
1110 708 1382 775 sculPTOfflS.
1445 712 1506 773 411

407 881 549 945 tissimus
564 880 703 944 Thomas
716 878 874 950 Gcisford,
884 879 983 942 AEdis
994 878 1113 943 Christi
1125 879 1285 944 Decanns.
1309 879 1366 942 Καὶ
1380 882 1438 960 γὰρ
1449 880 1502 942 οὖν

406 985 440 1044 ἐκ
455 987 514 1045 τῶν
529 985 666 1061 ίστοριῶν
680 981 826 1043 δείκνυται
839 977 980 1056 Ἰωάννης
995 981 1012 1041 ὁ
1027 985 1079 1041 τοῦ
1096 983 1205 1059 Κυρίου
1218 979 1349 1058 μαθητὴς
1361 983 1436 1058 μετὰ
1447 981 1500 1059 τὴν

405 1083 561 1163 ἀνάληψιν
576 1083 664 1145 αὐτοῦ
681 1081 779 1143 ἔτεσιν
794 1079 927 1158 ἐπιβιοὺς
941 1077 978 1141 o'.
992 1083 1081 1161 μέχρι
1095 1082 1152 1160 γὰρ
1170 1084 1221 1158 τῆς
1239 1085 1388 1160 Τραϊανοῦ
1407 1083 1500 1162 λόγος

406 1183 470 1264 ἔχει
492 1189 670 1262 παραμεῖναι
692 1180 782 1244 αὐτὸν
800 1181 970 1258 βασιλείας.
988 1202 1033 1242 111.
1048 1182 1099 1257 46.
1116 1180 1186 1244 fine.
1234 1180 1345 1264 Usque
1365 1182 1407 1244 ad
1422 1181 1500 1245 Tra·

400 1284 514 1366 janum
529 1283 731 1367 superstitem
746 1280 841 1344 luisse
856 1282 878 1342 J
881 1302 1027 1357 oannem,
1041 1281 1101 1343 hoo
1116 1281 1243 1364 quidem
1260 1304 1300 1345 ex
1323 1284 1447 1346 Irenoeo
1466 1290 1500 1346 et

406 1384 568 1448 Clemente
585 1383 677 1445 Alex.
690 1383 787 1446 refert
802 1382 886 1445 idem
902 1381 1059 1445 Eusebius
1073 1382 1155 1445 Hict.
1168 1383 1251 1447 Eccl.
1266 1383 1309 1446 iii.
1326 1402 1376 1447 20.

449 1485 487 1547 P.
513 1505 587 1567 394.
610 1484 631 1547 l.
653 1503 703 1565 23.
729 1484 816 1546 varia
841 1483 995 1567 principia
1019 1484 1205 1568 doceantur]
1232 1484 1316 1547 Voce
1336 1484 1501 1569 principio

404 1586 508 1668 capita
531 1607 585 1647 seu
607 1584 759 1648 articulos
781 1583 831 1646 hic
851 1583 1021 1668 significari
1041 1590 1161 1667 putem,
1177 1584 1292 1668 quippe
1307 1606 1379 1648 cum
1398 1584 1432 1646 in
1446 1607 1501 1648 ore

404 1686 550 1749 omnibus
563 1686 614 1761 sit,
627 1686 726 1747 doceri
740 1683 892 1767 principia
904 1683 969 1746 sive
983 1682 1089 1766 capita
1103 1682 1186 1758 fidoi,
1199 1704 1262 1746 non
1276 1685 1432 1767 prooemia
1446 1706 1501 1746 seu

405 1786 626 1869 praefctiones3
650 1785 710 1848 etsi
726 1783 919 1847 contrarium
935 1783 1010 1866 quid
1030 1783 1163 1846 suadem
1182 1783 1307 1847 videtur
1327 1784 1501 1868 Capitulum

408 1887 541 1948 Tortiecri
556 1887 792 1969 Responsiosum
806 1907 826 1948 a
841 1883 976 1948 Victore
987 1882 1104 1966 (lupum
1119 1883 1265 1965 episcopo
1280 1883 1312 1947 S.
1325 1884 1501 1969 Polycarpo

403 1985 648 2069 adscripturum,
663 1984 717 2046 ubi
733 1984 800 2046 haec
815 1990 906 2046 sunt:
932 1981 1169 2046 Rationabiliter
1185 1981 1393 2065 &stipatore
1411 1982 1498 2066 prin·

403 2086 493 2170 cipiis
515 2086 646 2150 diversis
671 2095 818 2157 atumem
845 2084 983 2168 qriemeis
1007 2103 1071 2145 ιιιια
1095 2081 1252 2165 eodemque
1274 2081 1502 2166 eocopelizeodi

324 2175 329 2182 ’
402 2210 502 2249 eorum
512 2186 654 2271 proicer
667 2187 800 2249 interitio.
844 2183 1021 2257 Mattheus,
1037 2193 1071 2245 ut
1087 2180 1226 2245 Helroeis
1245 2181 1382 2259 scridma
1395 2204 1501 2267 penea-

403 2289 490 2372 ἱορὶα
502 2289 619 2351 Christ-i
629 2288 764 2350 ordinem
774 2287 883 2357 tacuit·
904 2295 938 2347 ut
951 2284 1111 2348 ostenderet
1119 2282 1156 2346 ab
1168 2306 1204 2347 eo
1217 2285 1372 2348 Christum
1380 2284 1499 2348 doeen-

402 2388 480 2450 disee
496 2389 649 2471 properie,
665 2388 702 2450 de
724 2409 784 2471 quo
804 2409 870 2450 σιινι
892 2387 1081 2448 cmcituruiu
1102 2385 1237 2448 universi
1254 2385 1408 2468 propletoe
1430 2387 1502 2450 ceci·

402 2499 521 2549 iterent.
565 2488 716 2550 Joleuoes
736 2498 837 2550 eutem
858 2487 904 2550 cd
924 2486 1076 2569 Ephesum
1090 2486 1263 2547 constitutus
1283 2484 1366 2568 (sor.
1385 2488 1502 2552 consti-

403 2587 499 2668 tutis)
513 2589 567 2669 qui
582 2587 670 2670 leporis
685 2596 829 2669 tanquam
844 2609 880 2649 eu
890 2585 1026 2669 pertidus
1038 2584 1231 2668 iquorebent,
1244 2607 1267 2647 α
1281 2608 1373 2649 occec
1392 2598 1502 2651 costroe

402 2687 611 2770 redemptionis
629 2685 794 2769 Eoeopelii
813 2685 939 2767 scrispsit
954 2685 1128 2758 exordium,
1146 2687 1202 2748 &a
1221 2686 1276 2749 &a
1320 2686 1416 2749 Nihil
1434 2709 1501 2772 erpo

403 2788 590 2852 contrarium
604 2787 762 2871 repe-riter,
775 2784 827 2850 uli
842 2785 908 2849 liet
924 2784 1056 2848 diversis
1070 2784 1207 2869 seriptis,
1217 2783 1262 2847 ad
1270 2784 1392 2849 ναιιάοιιι
1403 2795 1502 2851 tentes

399 2891 538 2974 patrium
548 2889 735 2973 pervertit-ur,
751 2909 824 2971 pag.
835 2905 888 2969 32.
925 2889 953 2949 A
952 2887 1113 2970 ppeudioio
1127 2885 1304 2970 Ipccticcoe
1314 2886 1355 2949 ab
1368 2884 1501 2952 Usserio

402 2991 497 3052 editae
519 2988 657 3051 Londini
677 3009 760 3051 anno
785 2991 876 3067 1647.
922 2987 1017 3049 Prius
1039 2993 1135 3050 antea
1158 2986 1389 3071 Polycarpiana
1412 2988 1500 3053 istaeo

402 3111 442 3152 ex
453 3087 668 3152 vetustissima
682 3110 777 3172 super
786 3095 923 3171 quatuor
934 3086 1110 3171 Evangelio
1121 3087 1243 3152 (latona
1252 3108 1273 3151 a
1285 3087 1500 3152 Feucrdentio

401 3191 444 3253 ad
466 3190 565 3251 Notae
588 3190 769 3251 Ireuoeanus
793 3210 876 3264 suos,
900 3187 943 3250 iii.
958 3206 989 3270 3.
1011 3186 1169 3251 translata
1188 3186 1324 3251 fuerant.
1370 3188 1497 3265 Viderit,

401 3290 506 3373 inquit
521 3289 744 3364 Tertullianus,
755 3291 784 3352 si
797 3289 1011 3351 narrationum
1025 3288 1181 3372 dispositio
1191 3289 1327 3353 ucrieoet
1344 3294 1401 3373 (sc.
1413 3291 1500 3374 opud

401 3390 624 3475 Ecoopelutoe)
650 3390 808 3453 <torismodo
831 3390 867 3452 de
891 3389 989 3473 capite
1005 3388 1085 3471 fidei
1110 3388 1275 3463 moeooict,
1299 3389 1405 3455 lib.iv.
1425 3392 1496 3455 ado.

402 3492 549 3553 Marcion
564 3512 634 3574 cop.
647 3508 677 3553 2.
711 3490 868 3554 Eusebius
883 3490 1011 3573 insuper
1025 3489 1058 3551 in
1075 3491 1161 3554 ffot.
1180 3490 1265 3554 Εσοί.
1284 3489 1337 3554 lib.
1349 3491 1390 3554 iii.
1407 3515 1434 3556 c.
1447 3511 1497 3573 24.

400 3589 468 3654 haec
494 3590 753 3666 scribit—oie
773 3593 821 3655 καὶ
842 3590 1035 3669 ἔπιστήσαντι
1054 3591 1151 3655 οὐκέτι
1175 3592 1213 3656 ἂν
1233 3593 1314 3672 δόξαι
1338 3598 1499 3675 διαφωνεῖν

400 3692 546 3770 ἀλλήλοις
565 3695 602 3755 τὰ
625 3693 796 3774 εὐαγγέλια,
819 3696 860 3776 τῷ
880 3696 917 3755 τὰ
936 3695 993 3771 μὲν
1013 3695 1087 3755 κατὰ
1100 3691 1244 3770 Ἰωάννην
1260 3696 1297 3756 τὰ
1319 3700 1421 3774 πρῶτα
1439 3701 1499 3758 τῶν

399 3798 452 3855 τοῦ
474 3797 605 3872 Χριστοῦ
626 3791 762 3871 πράξεων
783 3792 944 3874 περιέχειν,
961 3795 998 3855 τὰ
1023 3794 1055 3855 δὲ
1078 3795 1171 3855 λοιπὰ
1192 3793 1246 3870 τὴν
1269 3794 1318 3856 ἐπὶ
1340 3793 1423 3856 τέλει
1446 3799 1499 3857 τοῦ

399 3894 510 3973 χρόνον
536 3893 612 3977 αυτῷ
640 3891 844 3972 γεγενημένην
871 3892 1015 3970 ἱστορίαν,
1031 3891 1062 3952 h.
1079 3912 1106 3953 e.
1122 3898 1195 3974 post
1216 3891 1340 3956 vincula
1361 3891 1498 3957 Jounnls

400 3992 567 4077 Baptistae.
617 3990 683 4054 Nec
713 3992 795 4056 male
823 3991 892 4054 haeo
923 3989 1128 4053 Friendnller.
1156 3991 1389 4055 annotavitst
1393 3993 1495 4056 ‘Exi-

399 4093 533 4155 “mium
562 4091 704 4175 prolecto
733 4090 869 4175 posteris
897 4089 1115 4154 testimonium
1149 4090 1273 4155 collatoe
1309 4093 1496 4177 evangelicis

400 4201 419 4228 ‘⁴
435 4193 520 4256 hisce
540 4192 746 4276 scriptoribus
768 4190 992 4274 inspirationis,
1008 4190 1073 4273 qui,
1089 4196 1164 4254 utut
1112 4191 1341 4255 ttdiversis
1331 4215 1364 4255 1n
1382 4194 1496 4258 deduc

400 4301 419 4329 ‘⁴
434 4293 520 4355 tione
541 4292 693 4355 historica
711 4314 760 4355 usi
750 4289 922 4363 'exordiis
940 4290 1020 4352 adeo
1040 4296 1148 4353 tamen
1165 4313 1187 4355 c
1205 4293 1363 4355 communi
1385 4293 1495 4377 impul-

398 4401 420 4429 “
435 4415 506 4456 sore
521 4415 587 4469 suo,
604 4392 722 4455 Sancto
737 4390 895 4466 nimirum,
910 4411 970 4454 ιιιιο
977 4390 1209 4475 principalique
1224 4393 1356 4475 Spiritu,
1369 4415 1496 4457 concor-

398 4503 419 4530 “
435 4495 550 4556 dunter
569 4492 680 4555 directi
703 4497 786 4567 sunt,
803 4497 839 4553 nt
862 4498 936 4553 acta
950 4491 1016 4553 fere
1037 4491 1205 4575 praecipua,
1224 4492 1257 4554 in
1277 4491 1389 4555 horum
1408 4493 1495 4559 libris

400 4603 419 4629 “
434 4593 638 4678 singulorum,
659 4592 745 4654 haud
765 4590 951 4674 discongrue
974 4590 1160 4675 consignata
1181 4592 1387 4677 reperientur.
1433 4595 1494 4659 Re-

399 4703 419 4730 ⁴·
435 4700 542 4757 conset
565 4714 604 4756 ca
625 4699 738 4756 auctor
762 4691 821 4753 hoc
846 4689 967 4765 ordine,
992 4698 1029 4754 nt
1053 4692 1096 4754 ad
1125 4691 1290 4759 historiam
1317 4694 1496 4761 nativitatis

912 4809 999 4874 302
