3809 5650
523 699 572 762 IN
597 700 860 765 FRAGMENT.
887 700 1071 764 INCERTI
1096 699 1369 763 SthIPTORIS.
1438 702 1500 761 &5

398 867 495 950 hujus
509 868 679 952 fragmenti
695 853 836 940 luston
860 869 916 952 qni
928 877 964 933 et
977 869 1055 933 alios
1071 875 1228 952 praeterea
1241 869 1322 931 duos
1336 888 1376 930 ex
1390 866 1501 930 iisdem

399 979 521 1051 septem
535 969 624 1031 libris
639 968 672 1031 S.
685 969 859 1053 Scripturas
869 969 1081 1032 ooutroversis
1092 968 1241 1053 suffragio
1256 990 1324 1044 sno,
1336 975 1373 1031 nt
1384 966 1502 1043 vidisti,

399 1068 578 1144 oonfirmat,
605 1069 824 1152 Apoealypsis,
851 1069 1079 1153 Epistolssmquo
1102 1068 1232 1132 οἱοονοοι
1260 1069 1401 1132 Ioannis.
1447 1067 1503 1130 Ad

399 1166 477 1243 haen,
501 1169 586 1252 quod
608 1169 711 1251 majus
736 1182 797 1244 est,
820 1167 950 1241 nullum,
978 1168 1026 1232 uti
1047 1168 1116 1252 jam
1141 1168 1258 1244 monui,
1284 1171 1504 1245 ὑποβολιμαῖον

400 1287 481 1351 opus
502 1268 614 1331 oauoui
639 1267 720 1329 Novi
744 1267 942 1331 Testamenti
963 1267 1047 1330 idem
1069 1267 1206 1350 scriptor
1225 1267 1364 1330 obtrusit
1385 1274 1503 1350 poster

400 1367 493 1430 Petri
514 1368 744 1443 Rosolotionm,
760 1367 852 1430 simul
873 1375 983 1431 tamen
1005 1375 1253 1432 oommemorats
1275 1369 1394 1438 οοθιίος
1414 1373 1503 1441 nota,

401 1489 472 1550 qum
486 1469 528 1531 ab
543 1468 613 1531 aliis
627 1468 708 1531 libro
724 1468 823 1531 infixa
836 1475 893 1531 est.
942 1468 1043 1530 Porro
1064 1489 1173 1531 omnes
1193 1472 1246 1546 rt}
1264 1466 1505 1548 ὁμολογουμένας

402 1567 583 1653 Soriptnras
605 1568 688 1630 idem
710 1568 762 1631 hio
784 1577 893 1632 noster
914 1569 1119 1646 enumeravit,
1140 1590 1205 1647 nna
1226 1575 1355 1632 tantum
1377 1567 1505 1643 omissa,

402 1690 474 1751 quoe
489 1676 539 1732 est
553 1668 641 1753 prior
653 1669 708 1733 illa
723 1670 757 1732 S.
769 1669 859 1732 Petri
873 1668 1029 1753 Epistola

446 1770 484 1832 P.
494 1772 569 1852 39⁶·
581 1770 601 1831 l.
616 1791 628 1832 ι
633 1788 664 1853 3.
676 1769 708 1832 in
720 1770 889 1854 catholiea]
901 1771 1013 1835 Graeoe
1022 1771 1056 1832 ἐν
1066 1772 1101 1855 τῇ
1112 1772 1265 1854 κοθολικῇ,
1279 1774 1313 1831 et
1324 1766 1508 1843 subaudita,

402 1876 440 1933 ut
454 1869 614 1932 interdum
628 1869 677 1944 lit,
692 1892 767 1933 voce
783 1870 944 1953 ἐκκλησίᾳς
965 1870 1050 1953 quod
1064 1868 1182 1933 imitati
1197 1877 1272 1932 snut
1283 1866 1394 1932 Latini
1410 1867 1505 1951 sorip·

403 1975 500 2032 tores.
548 1969 705 2054 Exempla
726 1971 810 2033 enim
829 1978 900 2034 tum
922 1970 956 2032 in
978 1969 1165 2033 Tertulliani
1191 1970 1274 2032 libro
1291 1970 1342 2033 Do
1366 1970 1502 2034 Pmoor.

403 2070 637 2146 Haerotioomm,
657 2093 726 2155 oap.
739 2092 793 2155 30.
816 2082 886 2135 tum
908 2093 993 2156 soepe
1014 2070 1089 2134 alibi
1110 2071 1196 2155 apud
1218 2070 1411 2133 reoentiores
1432 2068 1508 2132 Ter-

403 2171 535 2234 tulliano
550 2172 720 2255 scriptores
734 2172 891 2256 Optatum
907 2180 940 2237 et
961 2170 1188 2255 Augustiuum,
1206 2176 1386 2234 oeeunuut.
1430 2167 1505 2236 Vid.

403 2277 437 2334 et
455 2278 523 2334 not.
543 2271 585 2335 ad
605 2272 638 2335 S.
651 2273 799 2336 Commu
823 2273 1019 2355 Fragmenta
1041 2294 1072 2356 p.
1085 2291 1138 2355 30.
1160 2271 1219 2334 vol.
1231 2271 1274 2335 iii.
1295 2271 1371 2335 edit.
1395 2268 1508 2355 prioris

402 2371 628 2456 Reliquias-om.
676 2372 714 2434 lu
738 2373 836 2435 codice
856 2394 982 2456 qnoque
1008 2371 1218 2448 Theodosium,
1239 2372 1293 2436 lib.
1305 2372 1366 2435 xvi.
1389 2378 1466 2436 tom.
1480 2390 1510 2434 2.

404 2471 455 2534 De
483 2472 589 2554 Episo.
624 2471 700 2555 Leg.
722 2493 754 2548 4.
784 2472 1017 2536 Constantinus
1046 2472 1129 2556 Imp.
1156 2473 1264 2548 habet,
1290 2473 1510 2536 mammosam

404 2572 560 2635 oatloliooe
574 2573 743 2636 molliam.
790 2573 908 2637 Itidem
926 2574 959 2636 in
981 2574 1091 2636 Codice
1108 2574 1263 2636 Uononem
1277 2575 1390 2637 Eoolsa
1405 2573 1510 2655 Astis.

404 2694 490 2735 num.
507 2673 591 2735 cxix.
609 2672 678 2736 baeo
701 2680 826 2750 extant,
849 2674 1029 2758 [compassi
1045 2673 1149 2755 snsrs't
1171 2673 1322 2757 episeopus
1346 2673 1391 2736 od
1414 2673 1512 2735 oatlo—

405 2773 498 2838 lisam
515 2794 551 2837 ss
565 2773 685 2837 Donati
700 2783 794 2858 ports
807 2794 972 2850 ooooorncs,
989 2775 1045 2837 &a
1067 2772 1121 2837 ubi
1140 2773 1363 2858 interpretatio
1384 2773 1510 2848 Grseoa

405 2872 536 2952 Ὁμοίως
551 2877 583 2937 δὲ
602 2875 650 2937 καὶ
665 2877 719 2938 ἐὰν
735 2875 896 2940 ἐπίσκοπος
911 2877 944 2937 ἐκ
959 2880 1018 2937 τῶν
1033 2878 1085 2935 τοῦ
1105 2873 1242 2937 Δονότου
1255 2880 1353 2953 popolo
1371 2873 1445 2954 πρὸς
1458 2872 1513 2952 rip·

409 2975 570 3052 καθολικὴν
585 2975 743 3060 ἐπιςρέψῃ,
762 2976 816 3037 &a

452 3073 534 3137 ibid.
557 3075 721 3158 Sapientia
735 3075 776 3137 ab
791 3072 901 3137 amicis
916 3071 1274 3156 Salomonis-scripta]
1292 3074 1374 3135 Cum
1385 3071 1418 3135 in
1441 3070 1513 3134 Vsu

406 3174 487 3237 sono
510 3181 569 3237 τῶο
593 3172 629 3236 ο’.
653 3182 780 3238 extaret
802 3175 862 3237 hoo
884 3196 973 3258 opus,
990 3174 1073 3256 quod
1095 3194 1158 3235 non
1180 3174 1281 3236 solnm
1303 3194 1324 3235 a
1346 3172 1512 3235 Methodio

407 3274 440 3337 in
471 3274 565 3338 Notis
593 3276 636 3337 ad
666 3274 842 3337 Musnonrs
869 3275 1066 3357 Fragmenta
1094 3296 1124 3357 p.
1152 3294 1224 3358 135.
1252 3272 1360 3346 allato,
1386 3271 1513 3335 nomine

408 3376 582 3458 Sopimtioe
598 3375 783 3458 insignitum
798 3383 856 3450 est,
872 3374 928 3437 sed
946 3373 1044 3437 etiam
1062 3396 1083 3437 a
1096 3373 1259 3437 Clemente
1275 3372 1367 3435 Alex.
1382 3373 1514 3456 aliisque

409 3474 580 3539 Methodio
601 3474 839 3550 vetustioribus,
860 3474 905 3537 sio
927 3474 1123 3559 appellatum
1141 3474 1212 3547 fuit,
1236 3473 1321 3537 huno
1342 3473 1456 3536 librum
1479 3483 1516 3538 ut

409 3574 657 3639 ecclesiasticum
680 3583 779 3658 atque
801 3575 922 3649 utilem,
949 3574 1047 3637 immo
1073 3582 1110 3638 ut
1132 3582 1257 3658 pontem
1279 3575 1312 3638 S.
1332 3574 1515 3658 Scriptum,

410 3678 553 3760 quamvis
574 3676 706 3739 incertas
728 3675 858 3761 originis
883 3696 921 3737 ao
943 3674 967 3737 J
971 3675 1085 3740 udaioo
1106 3675 1221 3739 canoni
1240 3674 1396 3758 ignotum,
1413 3680 1517 3736 vetus-

410 3776 509 3840 tiores
534 3776 719 3852 Christiani,
744 3775 876 3859 perinde
901 3784 1000 3857 atque
1023 3782 1137 3839 auotor
1159 3781 1278 3848 noster,
1303 3774 1516 3836 adduxerunt.

411 3878 532 3941 Parum
553 3889 662 3940 antem
684 3876 851 3940 verisimile
871 3882 932 3951 est,
959 3882 1045 3938 serto
1069 3896 1184 3938 novum
1206 3881 1304 3956 atque
1327 3872 1515 3941 inauditum,

409 3979 496 4062 quod
510 3978 556 4040 ait
573 3977 759 4062 Fragmenti
774 3983 899 4050 auotor,
913 3975 1127 4058 oousoriptum
1142 3995 1211 4037 esse
1221 3973 1336 4036 libmm
1351 3974 1393 4034 ab
1408 3970 1517 4034 amieis

411 4078 597 4154 Salomonis,
622 4076 676 4160 qni
697 4076 824 4159 quidem
847 4075 928 4138 liber
946 4081 1089 4139 testante
1113 4074 1313 4156 Hieronymo
1331 4072 1363 4133 in
1384 4071 1516 4154 Prorsot.

410 4179 447 4240 is
469 4177 650 4252 Propertio,
670 4177 758 4261 opud
777 4175 922 4239 Holroeos
941 4196 1090 4259 nusquam
1109 4183 1158 4237 ost.
1179 4195 1210 4257 p.
1223 4175 1272 4238 26.
1309 4173 1384 4235 Nos
1404 4168 1516 4247 άοόκὲο,

410 4278 456 4342 sio
471 4278 518 4342 ait
532 4277 733 4361 Augtmtinus
745 4299 766 4338 a
781 4276 910 4339 Simone
927 4274 968 4337 de
990 4274 1156 4359 Magistris
1170 4273 1337 4346 addnotus,
1353 4270 1516 4353 repudiari

408 4379 555 4441 saumis
569 4376 643 4440 libri
656 4378 830 4461 Sapientia,
846 4377 900 4461 qao'
913 4375 1023 4439 mouit
1040 4375 1075 4437 io
1095 4374 1217 4437 ecclesio
1232 4372 1350 4435 Clssa'sti
1370 4372 1407 4434 do
1417 4370 1519 4454 prada

412 4481 570 4544 mmm
595 4478 724 4542 setheio.
751 4478 869 4540 commi
897 4486 961 4539 tam
989 4476 1076 4560 herpo
1100 4475 1269 4538 οοοοςίίοίο
1294 4473 1429 4536 rsoitort.
1470 4472 1519 4535 De

414 4579 564 4642 Prodest.
582 4580 648 4642 ΗΒ.
663 4579 684 4642 l.
700 4599 748 4660 ¹4
789 4580 862 4642 Ηοο
884 4577 1007 4640 interea
1027 4576 1150 4639 monuit
1169 4573 1374 4639 Freindallsr.
1414 4582 1433 4609 “
1448 4572 1520 4650 Qua

414 4691 433 4711 ¹·
451 4679 578 4742 rationo
587 4675 669 4746 hta
682 4678 865 4762 Sapientia,
876 4677 935 4740 nisi
950 4678 1033 4741 forte
1049 4679 1088 4741 de
1101 4678 1225 4741 diverso
1236 4696 1340 4740 sermo
1351 4675 1404 4748 sit,
1416 4673 1519 4735 looum

458 4799 528 4841 vos.
545 4802 565 4843 1.
930 4797 949 4860 3
972 4800 982 4839 ι
