3809 5650
482 700 547 766 364
859 694 1211 760 ANNOTATIONES

484 867 607 933 sebius:
628 868 758 927 Τοιαῦτα
773 864 821 926 καὶ
840 866 877 925 τὰ
897 865 971 925 κατὰ
990 861 1044 924 τὸν
1067 861 1271 940 δεδηλωμένον
1293 857 1504 940 αὐτοκράτορα,
1521 865 1589 925 ταῖς

485 973 616 1050 Χριστοῦ
637 965 830 1045 ονμβέβηκεν
853 966 1030 1043 ἐκκλησίαις·
1058 962 1110 1043 ἀφ’
1132 966 1172 1026 ὧν
1194 965 1242 1026 καὶ
1265 967 1301 1026 τδ
1325 966 1358 1026 έν
1380 969 1442 1028 ταῖς
1463 968 1589 1027 λοιπαῖς

485 1073 639 1152 ἐπαρχίαις
654 1065 850 1148 ένηργημένα,
867 1068 958 1129 εἰκότι
972 1068 1107 1148 λογισμῷ
1121 1063 1320 1147 στοχάζεσθαι
1334 1063 1486 1145 πάρεστιν.
1500 1065 1589 1140 ἄξιον

485 1173 598 1236 τούτοις
613 1172 645 1232 έκ
663 1174 713 1247 τῆς
733 1169 820 1246 uiris
840 1166 1025 1248 ἐπισυνάψαι
1046 1171 1162 1247 γραφῆς
1180 1164 1279 1243 λέξεις
1302 1164 1413 1246 ἑτέρας,
1430 1163 1466 1229 δι’
1483 1164 1527 1228 ὧν
1548 1165 1587 1226 τὸ

486 1274 610 1337 ἐπιεικὲς
625 1273 672 1334 καὶ
687 1269 901 1350 φιλάνθρωπον
915 1270 973 1331 τῶν
989 1267 1199 1347 δεδηλωμένων
1219 1270 1373 1348 μαρτύρων
1394 1264 1588 1348 ἀναγέγραπ-

484 1398 533 1436 ται
546 1375 660 1438 τούτοις
675 1372 773 1437 αὐτοῖς
788 1378 850 1438 τοῖς
862 1371 1002 1452 ῥήμασιν.
1030 1368 1090 1433 ὋΙ
1107 1370 1155 1432 καὶ
1171 1372 1220 1434 ἐπὶ
1237 1375 1382 1433 τοσοῦτον
1403 1371 1459 1433 &e
1506 1369 1589 1432 Hoeo

483 1475 656 1559 supradicti
678 1474 879 1558 Imperatoris
901 1470 1082 1556 temporibus
1104 1471 1222 1535 Christi
1242 1472 1369 1535 ecoksiis
1390 1471 1586 1555 σοατίρωύιιτ,

483 1575 639 1659 siquibus
653 1597 689 1639 αα
703 1597 771 1660 quoe
785 1576 820 1638 iu
834 1574 961 1658 reliquis
969 1573 1141 1658 provinciis
1152 1582 1235 1657 μανία
1251 1582 1329 1649 οντα,
1345 1572 1515 1655 cotytam
1534 1594 1588 1635 as-

483 1677 565 1762 sequi
581 1678 660 1742 iicet.
706 1677 770 1741 Sed
781 1687 808 1740 st
822 1677 889 1740 olio
902 1677 1042 1760 quoedom
1057 1697 1093 1738 αα
1106 1675 1210 1738 sedern
1223 1674 1348 1759 qsistolo
1361 1673 1410 1738 tie
1419 1674 1588 1758 adytisque

482 1801 581 1861 operer
588 1778 725 1864 pretium
731 1781 844 1861 fuerit,
859 1777 964 1862 quibos
978 1777 1144 1862 teutonitas
1162 1787 1249 1861 atque
1267 1777 1441 1840 irmmoitos
1459 1775 1586 1839 illosum

483 1903 554 1966 quos
568 1882 795 1944 mensoraoimus
809 1889 990 1962 martyrum,
1004 1877 1184 1943 describitur
1197 1879 1244 1942 iis
1263 1877 1366 1941 uerbis.
1411 1876 1492 1958 QUI
1516 1880 1587 1962 qui·

484 1984 556 2047 dom
571 1984 734 2049 Christum
747 1982 889 2046 aemulori
904 1983 961 2046 &o

529 2086 566 2148 P.
580 2104 657 2169 320.
673 2085 693 2147 l.
708 2104 738 2164 4.
755 2085 788 2151 δς
806 2088 840 2147 ἓν
858 2089 959 2170 μορφῇ
981 2088 1063 2148 Θεοῦ
1082 2082 1234 2165 ὑπάρχων,
1249 2080 1312 2164 οὐχ’
1328 2080 1486 2162 ἁρπαγμὸν
1508 2081 1582 2162 ἡγή-

484 2213 560 2249 σατο
580 2186 614 2248 τδ
637 2186 713 2249 εἶναι
732 2185 785 2248 ἶσα
808 2186 889 2269 Θεῷ·
912 2187 990 2247 ὥστε
1014 2187 1047 2247 έν
1069 2187 1188 2271 τοιαύτῃ
1210 2185 1280 2263 δόξη
1301 2184 1485 2266 ὑπάρχοντες
1508 2183 1584 2270 δια]

485 2288 774 2370 Quomodoounque
791 2286 1032 2370 interpretanda
1052 2287 1149 2350 verbo
1168 2287 1244 2361 sint,
1259 2286 1315 2369 οὐχ
1335 2286 1492 2367 ἁρπαγμὸν
1511 2285 1584 2368 'issi

485 2412 560 2450 σατο
582 2387 616 2450 τὸ
637 2387 713 2450 εἶναι
735 2386 789 2450 ἶσα
812 2389 892 2472 Θεῷ,
908 2388 968 2452 hoo
991 2388 1117 2471 quidem
1140 2394 1277 2463 constat,
1294 2388 1522 2472 Lugdunenses
1543 2408 1586 2450 ex

483 2488 544 2552 illis
558 2496 780 2572 argumentum
794 2489 921 2553 duxisse
936 2494 987 2569 τῆς
1001 2492 1275 2571 ταπεινοφροσύνης
1296 2486 1424 2554 Christi.
1469 2489 1583 2573 Neque

484 2613 558 2655 vero
577 2591 610 2654 hi
630 2590 688 2654 soli
708 2591 740 2653 id
760 2591 913 2667 iecerunt,
928 2592 983 2655 sed
1006 2600 1040 2655 et
1062 2591 1114 2654 olii
1137 2591 1228 2655 multi
1243 2598 1365 2655 veteres
1386 2591 1579 2676 soriptores3

483 2692 579 2757 immo
594 2715 667 2757 vero
682 2694 715 2756 id
730 2693 888 2778 suscipere
903 2693 1005 2766 velim,
1022 2693 1141 2756 nullum
1156 2693 1401 2757 eoelesiostioum
1415 2701 1582 2758 auctorem

483 2795 525 2859 sd
546 2795 752 2861 Nioaenorum
773 2817 873 2881 usque
894 2802 1021 2879 ternpus
1040 2794 1156 2859 odduoi
1176 2816 1276 2879 posse,
1293 2794 1358 2879 qui,
1375 2816 1437 2880 que
1456 2795 1582 2860 ratione

484 2905 613 2963 vertunt
635 2898 668 2962 iu
695 2898 832 2983 Anglioa
856 2897 1118 2981 interpretatione
1140 2903 1310 2973 nostrates,
1338 2897 1507 2982 significari
1533 2897 1584 2961 his

483 3000 586 3063 verbis
606 3000 670 3083 οὐχ’
686 3000 842 3082 ἁρπαγμὸν
864 3000 1007 3080 ἡγήσατο,
1023 3020 1082 3061 τινα
1100 2999 1234 3062 alienum
1253 3022 1274 3063 ο
1292 3020 1322 3063 se
1336 3020 1394 3063 esso
1411 2998 1581 3063 arbitratos

480 3110 533 3173 est,
559 3102 643 3165 olore
672 3111 769 3186 atque
797 3109 908 3186 aperte
939 3100 1134 3165 indicaverit.
1181 3102 1440 3184 Haudquaquam
1469 3108 1580 3165 tamen

482 3203 516 3265 id
536 3202 640 3266 fraudi
660 3203 722 3266 erit
744 3202 922 3266 fimrissimo
937 3209 1126 3284 argumento
1141 3210 1253 3266 eontra
1268 3202 1479 3266 Humanistns
1498 3225 1580 3287 quos

483 3311 607 3379 vocant,
630 3326 670 3367 ex
694 3303 743 3366 his
763 3304 867 3366 verbis
893 3304 1029 3387 apostoli
1054 3304 1214 3366 sumendo.
1271 3302 1419 3367 Proxime
1443 3309 1517 3388 post
1542 3306 1580 3383 τῇ

483 3405 554 3483 αύτῇ
577 3427 635 3488 pro
657 3406 774 3482 τοιαύτη
794 3405 867 3467 MS.
883 3405 1022 3486 Noryok.
1040 3406 1096 3469 sed
1118 3426 1292 3489 perperam.
1315 3408 1351 3491 τῇ
1373 3407 1492 3491 τοιαύτῃ
1514 3404 1578 3468 Ni·

482 3506 646 3589 oephorus.

526 3606 609 3669 Ibid.
625 3607 645 3669 l.
670 3622 698 3688 7.
721 3607 770 3669 καὶ
792 3609 824 3669 ἐκ
847 3610 955 3687 θηρίων
978 3610 1060 3675 αὖθις
1082 3609 1317 3693 ἆναληφθέντες]
1341 3610 1500 3674 Henrious
1522 3610 1576 3674 Sa·

482 3708 572 3771 vilius
587 3710 628 3772 nd
644 3730 732 3771 orum
748 3708 795 3771 sui
810 3709 924 3772 oodioie
939 3710 1023 3773 huno
1038 3711 1139 3774 looum
1162 3710 1208 3774 ito
1228 3712 1424 3776 emendavit:
1450 3713 1498 3775 soi
1517 3718 1579 3779 τοῖς

482 3815 592 3892 θηρίοις
609 3808 863 3891 παραβληθέντες,
880 3813 926 3875 καὶ
947 3810 982 3890 ἐξ
1001 3813 1096 3876 αὐτῶν
1117 3814 1200 3879 αὖθις
1220 3812 1453 3895 ἆναληφθέντες.
1498 3815 1578 3894 Quae

482 3913 661 3977 emendatio
676 3913 708 3975 in
725 3914 901 3977 Genevensi
918 3936 1042 3998 quoquo
1058 3914 1196 3978 editione
1211 3915 1358 3998 apposito
1372 3924 1422 3979 est
1435 3916 1477 3978 ed
1492 3938 1577 3980 mor-

480 4015 586 4100 ginem
600 4039 639 4080 ex
651 4016 731 4079 libro
743 4017 1033 4101 Christophorsoni.
1066 4018 1149 4080 Sane
1160 4018 1465 4101 Christophorsonus
1474 4018 1579 4082 locum

481 4118 564 4181 huno
587 4118 634 4181 ita
656 4117 741 4202 legit,
758 4126 794 4182 ut
816 4140 856 4182 ex
876 4119 1019 4182 versione
1041 4120 1109 4203 ejus
1131 4127 1275 4203 apparet.
1321 4120 1384 4184 Sed
1406 4129 1514 4185 utrum
1537 4146 1578 4187 ex

480 4219 673 4302 oonjeoturn,
689 4240 730 4281 on
750 4240 790 4281 ex
810 4219 872 4282 fide
887 4227 1029 4283 veterum
1050 4221 1193 4283 oodiourn
1213 4222 1260 4284 itu
1283 4222 1405 4305 legerit,
1420 4221 1577 4287 iuoertum

480 4327 540 4384 est.
586 4319 695 4383 Nostri
713 4327 799 4383 corte
819 4321 942 4384 oodioes
963 4321 1038 4384 nihil
1061 4331 1197 4386 mutant·
1243 4323 1347 4386 Porro
1367 4326 1578 4405 ἀναληφθῆναι

481 4422 540 4488 hoo
555 4422 624 4484 looo
638 4420 804 4506 signifieat,
821 4422 854 4485 in
868 4444 1026 4487 onroerem
1042 4424 1157 4488 iterum
1171 4425 1328 4488 oontrudi.
1362 4425 1414 4488 Sio
1429 4446 1525 4509 supro
1535 4427 1577 4490 de

482 4522 649 4598 mondino,
666 4528 875 4603 καθαιρεθεῖσα
897 4525 956 4587 ἀπὸ
976 4531 1028 4588 τοῦ
1048 4524 1149 4603 ξύλον,
1171 4526 1327 4608 ἆνελήφθη
1347 4526 1440 4590 πάλιν
1461 4530 1503 4594 εἷς
1521 4528 1577 4606 τδν

482 4623 606 4703 εἱρκτήν.
652 4623 696 4687 Et
711 4624 806 4707 poulo
825 4632 899 4708 post
918 4627 959 4689 de
975 4627 1098 4703 Attalo,
1114 4630 1217 4707 μαθὼν
1238 4630 1254 4689 ὁ
1275 4629 1394 4708 ἡγεμὼν
1414 4627 1577 4693 ἐκέλευσεν

481 4725 572 4789 αύτδν
597 4726 814 4805 ἀναληφθῆναι.
850 4727 1014 4792 Vnnnsrus.
1061 4730 1106 4794 Et
1135 4731 1229 4815 puulo
1261 4736 1336 4794 onte
1372 4728 1577 4814 Oirinopior-
