3809 5650
397 669 465 735 264
774 669 1133 734 ANNOTA'PIONES

401 841 525 906 tendit:
557 839 654 922 idque
675 860 715 899 ex
738 836 885 921 Origeuis
908 838 1112 916 auctoritate,
1136 841 1244 923 quiin
1267 840 1320 905 lib.
1338 843 1367 905 1.
1389 851 1507 909 contre

400 942 527 1008 celsum
542 940 660 1002 diserte
675 939 706 1000 id
722 939 871 1003 uffinuet.
917 939 982 1002 Sed
997 949 1031 1003 ct
1046 940 1129 1004 idem
1141 941 1297 1025 Origenes
1310 943 1343 1005 in
1358 950 1505 1009 tractatu

401 1062 451 1123 27.
468 1043 501 1105 in
518 1041 721 1114 Matthaum,
739 1039 927 1103 Dositheum
944 1040 1182 1105 Samaritenum
1200 1044 1396 1128 temporibus
1412 1048 1503 1128 Apo·

399 1146 556 1210 stolorum
576 1143 691 1206 vixisse
713 1141 836 1214 scribit,
853 1141 907 1224 qui
927 1164 962 1203 sc
982 1142 1144 1206 Christum
1166 1166 1235 1207 esse
1253 1145 1446 1226 jactaverit:
1468 1156 1506 1211 et

400 1257 489 1312 tomo
504 1247 570 1309 xiii.
591 1245 840 1308 Enorrutionum
860 1243 892 1305 in
913 1243 1121 1327 Evangelium
1141 1246 1287 1308 domnis.
1335 1247 1375 1309 ld
1394 1256 1506 1310 eutem

400 1349 543 1413 hausisse
563 1346 689 1410 videtur
707 1344 862 1427 Origenes
881 1365 921 1405 ex
939 1343 1102 1409 Clemente
1117 1346 1272 1421 Romano,
1288 1346 1343 1431 qui
1357 1347 1390 1409 in
1405 1347 1460 1410 lib.
1471 1348 1505 1410 ii.

402 1447 667 1533 Recognitiouum
682 1447 722 1508 dc
737 1445 863 1507 Simone
879 1444 979 1528 Mego
993 1443 1135 1529 loquens,
1151 1447 1199 1511 ite
1212 1448 1333 1511 scribit.
1367 1457 1388 1483 “
1401 1447 1505 1512 luter·

400 1551 532 1613 “docto
543 1547 671 1622 etenim,
688 1545 770 1609 sicut
790 1545 851 1608 scis
865 1551 899 1607 et
913 1545 991 1628 ipse,
1007 1546 1157 1630 Baptista
1170 1548 1193 1611 J
1195 1569 1306 1622 canuc,
1323 1569 1395 1611 cum
1414 1548 1506 1611 Dosi-

400 1652 532 1716 “theus
554 1650 711 1713 hoereseos
733 1669 799 1709 suae
820 1645 943 1709 iniisset
965 1648 1140 1724 exordium,
1156 1670 1228 1712 cum
1242 1649 1377 1733 triginta
1391 1649 1506 1733 priuci-

403 1762 424 1789 “
438 1752 563 1837 polibus
581 1748 757 1832 discipulis,
778 1753 813 1810 et
827 1745 897 1809 ulis
919 1747 1050 1811 muliere
1074 1771 1144 1833 quae
1166 1750 1419 1814 hune.vocitste
1441 1758 1504 1814 est.

404 1853 537 1916 “zUude
548 1858 582 1915 et
589 1850 637 1913 illi
651 1849 795 1933 triginta,
809 1848 899 1932 quusi
911 1849 1085 1912 seeundum
1095 1849 1178 1913 lunae
1190 1872 1318 1914 cursum
1327 1850 1361 1913 in
1372 1873 1506 1914 numero

402 1955 562 2018 ‘seierum
573 1950 670 2035 positi
682 1949 882 2012 videbuntur.
910 1949 1020 2012 Simon
1031 1950 1084 2013 hic
1094 1951 1187 2014 melre
1199 1959 1236 2016 ut
1247 1951 1386 2015 diximus
1395 1952 1507 2036 gloriae

403 2066 428 2103 “·
441 2054 583 2138 cupidus,
593 2051 769 2115 accedited
781 2050 989 2113 Dositheum:
1008 2058 1042 2114 ct
1053 2051 1209 2116 simulatis
1219 2053 1379 2129 amicitiis,
1391 2060 1507 2117 erent

405 2164 424 2192 “
439 2162 477 2219 ut
494 2154 521 2217 si
541 2153 669 2236 quondo
688 2151 803 2234 uliquis
820 2172 859 2213 ex
879 2150 940 2214 illis
960 2152 1096 2235 triginta
1114 2152 1257 2230 obiisset,
1270 2154 1305 2216 iu
1324 2154 1427 2217 locum
1447 2153 1503 2217 de·

404 2254 539 2318 ‘tluncti
560 2275 594 2315 se
612 2252 763 2315 contiuuo
783 2252 989 2335 subrogaret:
1015 2253 1091 2336 quie
1105 2275 1208 2338 neque
1221 2262 1381 2319 statutum
1395 2275 1505 2317 uume-

405 2365 510 2418 “··rum
533 2353 685 2417 excedere
707 2353 793 2436 apud
816 2374 870 2415 eos
886 2353 941 2415 des
962 2361 1044 2429 eret,
1068 2376 1171 2438 neque
1196 2354 1342 2439 ignotum
1365 2355 1506 2439 sliquem

406 2468 426 2495 ‘⁸
441 2458 588 2530 inserere,
603 2461 661 2517 eut
676 2455 816 2517 nondum
829 2455 1008 2538 probatum.
1056 2456 1153 2520 Unde
1168 2465 1201 2520 et
1216 2457 1315 2521 ceteri
1335 2457 1506 2521 studentes

405 2569 426 2599 ‘⁶
441 2558 536 2643 digni·-
549 2558 624 2621 loco·
639 2578 677 2619 eo
694 2577 830 2619 numero
846 2556 930 2629 ifieri,
952 2558 1124 2620 secundum
1148 2564 1243 2621 sectae
1266 2579 1332 2620 suae
1356 2556 1507 2620 institute

405 2670 428 2700 ⁶⁴
444 2660 567 2745 placere
587 2656 770 2742 peremnia
787 2656 939 2740 gestiunt,
956 2679 1019 2740 quo
1039 2658 1141 2741 possit
1160 2659 1374 2742 unusquisque
1394 2680 1434 2721 ex
1450 2657 1506 2722 uis

405 2772 428 2805 ‘⁴
443 2761 499 2847 qui
506 2760 599 2823 illurn
614 2778 779 2821 numerum
794 2765 981 2841 sequuntur,
992 2780 1064 2822 cum
1078 2758 1163 2821 sorte
1176 2758 1290 2843 aliquis
1306 2768 1342 2822 ut
1357 2758 1505 2837 diximus,

407 2862 755 2946 '‘odmt;·diguus
774 2860 874 2925 rideri
889 2861 943 2945 qui
962 2860 995 2923 in
1010 2861 1115 2924 locum
1129 2861 1270 2926 defuncti
1282 2863 1433 2927 substitui
1445 2865 1508 2927 de·

406 2981 427 3022 ‘i
441 2971 526 3032 beet.
573 2964 678 3048 Igitur
692 2962 866 3026 Dositheus
884 2962 1027 3045 plurimis
1040 2963 1083 3026 eb
1098 2962 1159 3026 hoc
1172 2971 1334 3040 excretus,
1350 2964 1404 3027 ubi
1418 2964 1507 3029 locus

403 3079 427 3110 “
444 3070 540 3133 intro·
556 3062 848 3128 numerum·=fcctus
867 3062 1130 3138 est‚..iutroduxit
1153 3063 1323 3128 Simonem.
1368 3064 1431 3128 Sed
1453 3065 1507 3129 hic

405 3177 507 3231 “suen
524 3165 625 3228 multe
644 3172 718 3247 post
732 3162 851 3226 incidit
865 3162 898 3224 in
912 3183 1054 3226 emerem
1073 3163 1212 3227 mulieris
1226 3164 1310 3228 illius
1324 3186 1420 3248 quum
1439 3167 1504 3230 Lu-

406 3279 427 3308 “
440 3273 659 3339 nommant·
670 3264 746 3328 &c.”
790 3263 842 3325 Ex
856 3263 971 3347 quibus
990 3269 1082 3345 putet
1098 3263 1290 3327 Dositheum
1306 3264 1418 3328 iisdem
1433 3287 1506 3329 oum

405 3370 535 3433 Simone
549 3365 663 3429 vixime
671 3364 882 3448 temporibus.
927 3364 978 3426 De
993 3363 1140 3427 Dosithei
1159 3370 1261 3427 estete
1277 3364 1362 3427 idom
1379 3386 1506 3450 quoque

405 3467 503 3531 sentit
517 3464 671 3544 Eulogius
689 3464 879 3528 lrattisrcha
896 3463 1145 3538 Alexandrinus,
1160 3471 1198 3527 ut
1215 3463 1333 3547 legitur
1347 3464 1380 3527 iu
1395 3465 1506 3529 biblio-

405 3569 508 3633 thece.
524 3565 631 3628 Photii
650 3585 726 3647 ceps
741 3582 813 3648 230.
857 3564 963 3647 Eique
987 3564 1156 3628 senteutiae
1181 3563 1375 3649 suffragetur
1398 3567 1506 3650 Hege-

405 3665 565 3752 sippusin
579 3665 647 3728 loco
661 3686 755 3749 quem
770 3665 998 3748 praermunibus
1011 3663 1174 3726 hebemus.
1199 3663 1366 3727 Vsuusrus.
1412 3673 1506 3730 Δοσι-

403 3768 507 3833 etevat
522 3764 772 3850 Nicopdzlisfin.
801 3766 852 3828 De
866 3764 962 3850 hujus
978 3764 1124 3828 Dosithei
1140 3770 1242 3828 aetote
1249 3765 1351 3829 critici
1367 3773 1505 3844 certent,

404 3870 559 3936 etedhuc
579 3869 639 3931 sub
655 3867 763 3950 judice
782 3866 821 3929 lis
837 3874 898 3929 est.
920 3867 1053 3929 Srscru.
1098 3867 1188 3929 Duos
1203 3865 1316 3929 saltem
1332 3868 1507 3934 Dosithees

396 3973 509 4046 duisse,
521 3991 619 4034 unum
632 3969 854 4051 antiquiorem,
866 3967 1015 4042 ultemm,
1028 3967 1080 4050 qui
1092 3975 1166 4050 post
1176 3966 1339 4031 Christum
1349 3968 1505 4046 extiterit,

402 4095 444 4138 ex
459 4080 587 4157 potrum
601 4071 642 4132 dc
657 4067 1066 4132 Dosithcenerrstionibus
1080 4067 1171 4130 multi
1187 4068 1359 4152 scriptores
1373 4069 1507 4153 college·

404 4183 490 4237 mut.
537 4171 689 4236 Gonleres
715 4170 792 4232 item
816 4190 887 4252 quae
914 4189 1016 4251 nuper
1044 4168 1083 4231 cl.
1108 4168 1234 4232 Florius
1254 4191 1348 4255 pegg.
1363 4173 1506 4255 31—36.

404 4275 540 4338 Dissert.
563 4271 631 4353 jum
652 4276 837 4332 memorato
859 4269 908 4331 Dc
929 4267 1093 4351 Hcpcsippi
1113 4267 1197 4330 locos
1217 4269 1414 4352 Fmfflmoto,
1433 4291 1507 4353 quoe

406 4372 560 4437 Bononiae
579 4371 668 4433 edite
686 4376 748 4440 est,
770 4368 931 4431 disseruit.
977 4368 1070 4431 Nunc
1089 4390 1215 4451 quoque
1234 4369 1387 4433 statuisse
1406 4369 1506 4433 Eusc-

404 4474 502 4546 bium,
530 4470 721 4533 Dositheum
744 4470 882 4552 aliquem
909 4468 1147 4532 Sumuritunum
1166 4477 1202 4532 ct
1231 4470 1506 4535 Pseudo-Christi-

405 4593 512 4648 anum,
521 4574 597 4648 μετὰ
605 4572 671 4637 τοὺς
682 4573 808 4652 χρύνους
818 4575 870 4633 τοῦ
880 4573 1016 4650 Σωτῆρος
1023 4568 1180 4646 extitisse,
1190 4569 1218 4634 F
1218 4578 1387 4656 mgmeuta
1400 4583 1507 4636 osten·

407 4676 490 4739 dunt
510 4670 798 4735 (immutorioesm
818 4669 1505 4757 sjmtnlmsquaesnn01825ucmae
