3809 5650
395 604 450 655 xx
767 577 1069 652 PRAEFATIO.

396 777 569 858 dominii
602 775 749 855 novicii
787 774 877 855 loco
917 776 1214 868 instaurentur,
1248 787 1338 853 tum
1369 773 1443 852 de-

399 938 513 990 mum
534 910 618 1004 fiet,
638 911 671 988 si
694 911 784 989 Deo
805 910 1024 1004 videbitur,
1045 906 1224 989 ecclesiae
1245 908 1448 988 universa

399 1043 495 1123 filiis
516 1044 557 1122 in
579 1045 703 1122 rebus
724 1042 959 1121 necessariis
979 1041 1128 1136 unitas,
1147 1054 1274 1149 atque
1299 1041 1342 1120 in
1363 1068 1449 1121 non

401 1177 636 1256 necessariis
655 1179 769 1283 justa
790 1187 833 1254 et
853 1176 1035 1282 optanda
1059 1173 1238 1253 libertas,
1299 1174 1357 1253 At
1377 1173 1449 1252 do-

400 1310 574 1390 lendum
613 1322 675 1388 est
713 1308 883 1403 interea,
921 1336 1062 1416 pacem
1109 1305 1289 1387 ecclesiae
1328 1307 1448 1386 istam

401 1442 751 1549 exoptatissimam
773 1442 902 1547 magis
921 1469 946 1520 a
967 1469 1107 1547 regum
1131 1437 1303 1547 placitis
1322 1452 1450 1546 atque

402 1575 714 1658 ambitiosorum
744 1586 787 1655 et
817 1574 1081 1655 factiosorum
1112 1574 1329 1657 hominum
1355 1602 1451 1657 con-

403 1705 513 1802 siliis,
533 1735 658 1813 quam
681 1707 853 1787 veritate
873 1704 1106 1813 theologica
1126 1708 1318 1814 pendere.

463 1841 520 1920 11.
543 1841 759 1921 Hactenus
789 1867 883 1946 quae
913 1840 1065 1948 scripta
1095 1853 1205 1934 sunt,
1237 1842 1290 1919 ad
1317 1840 1452 1947 operis

404 2001 606 2055 summam
652 2000 876 2078 causasque
925 1973 1166 2081 pertinent3
1214 1974 1450 2081 proximum

405 2106 533 2186 fuerit
564 2106 745 2186 subsidia
774 2110 875 2213 ejus,
896 2107 1182 2215 rationemque
1210 2108 1276 2188 his
1304 2108 1452 2188 utendi

406 2267 623 2348 exponere.
681 2238 948 2320 Adminicula
971 2241 1072 2320 mihi
1099 2242 1281 2338 fuerunt,
1302 2242 1453 2350 partim

408 2375 605 2455 Historiae
646 2373 860 2455 Literariae
905 2376 1141 2483 Scriptores,
1183 2376 1334 2484 partim
1377 2377 1454 2483 ipsi

408 2509 522 2590 Libri
555 2507 757 2588 Veterum
787 2510 839 2587 ab
873 2509 1019 2589 iisdem
1048 2511 1315 2618 scriptoribus
1349 2512 1456 2590 indi-

407 2643 500 2736 cati,
538 2641 579 2720 in
624 2642 777 2748 quibus
814 2641 1003 2748 reliquiae
1037 2643 1352 2724 Ante-Nicaenae
1386 2673 1456 2723 ex-

409 2785 511 2853 tent.
562 2773 728 2855 Deinde
758 2789 967 2883 ponentur
987 2776 1188 2857 Codicum
1212 2776 1457 2858 MSStorum

408 2906 608 3016 Catalogi‚
630 2909 790 3017 ipsique
811 2911 935 2991 etiarn
958 2910 1109 3006 MSSti,
1127 2911 1169 2989 in
1190 2911 1343 3018 quibus
1368 2913 1458 2991 bre·

408 3041 474 3126 via
488 3042 679 3150 quaedam
696 3043 883 3123 nondum
900 3043 1013 3123 edita
1025 3042 1282 3139 delitescant,
1297 3056 1370 3124 aut
1383 3046 1456 3150 qui

409 3175 579 3254 demum
600 3175 790 3282 exempla
810 3176 894 3257 sint
914 3174 1113 3258 librorum
1129 3179 1217 3283 jam
1238 3178 1459 3275 editorum,

410 3307 605 3412 equibus
626 3307 725 3385 vitia
743 3304 931 3390 lectionis
952 3310 1162 3390 emendari
1185 3330 1351 3417 queant.

468 3437 535 3517 Ad
555 3439 781 3546 Scriptores
800 3440 915 3546 quod
940 3443 1105 3538 attinet,
1124 3446 1197 3551 qui
1221 3446 1274 3527 de
1299 3459 1461 3528 auctor-

413 3573 504 3654 ibus
535 3570 817 3653 ecclesiasticis
846 3576 1018 3680 egerint,
1047 3606 1190 3660 omnes
1220 3580 1306 3660 fere
1340 3597 1463 3687 quot

412 3718 516 3812 quot
536 3719 645 3799 sunt,
665 3720 739 3786 aut
758 3720 869 3789 certe
888 3710 960 3816 qui
987 3710 1089 3792 mihi
1114 3726 1252 3792 essent
1275 3743 1388 3822 opus,
1408 3718 1462 3795 ad

413 3867 584 3919 manum
615 3838 740 3919 habui
771 3853 898 3947 atque
927 3844 1130 3942 consului,
1150 3850 1356 3955 praecipue
1386 3851 1462 3930 Ca-

414 3974 526 4053 vium
569 3972 899 4081 Fabriciumque.
972 3978 1030 4057 Et
1072 3980 1104 4058 si
1144 4009 1270 4087 quem
1308 3981 1460 4062 librum

414 4107 635 4213 locumque
655 4105 830 4216 alicujus
849 4111 1039 4207 auctoris,
1059 4114 1130 4219 qui
1157 4117 1270 4221 apud
1290 4114 1382 4195 illos
1402 4119 1463 4197 in-

414 4239 575 4317 dicatus
595 4238 751 4334 fuisset,
771 4254 814 4320 et
837 4244 891 4324 ad
919 4246 1098 4325 rationes
1125 4275 1235 4328 meas
1256 4251 1463 4356 pertinere

416 4370 670 4466 videretur,a
683 4401 749 4453 me
767 4377 1086 4481 praetermissum
1104 4378 1232 4462 lector
1247 4383 1463 4476 invenerit,
