3809 5650
601 686 653 749 IN
673 687 927 753 HEGESIPPI
952 688 1258 785 FRAGMENTA.
1414 694 1479 759 275

379 852 466 935 (edit.
476 853 578 938 steph.
591 863 620 917 et
636 853 776 933 Valerii).
810 855 892 919 Haec
906 861 957 919 est
971 856 1130 940 scriptura
1144 855 1261 919 codicis
1275 855 1368 940 Regii
1384 877 1479 941 quem

375 953 444 1017 iere
459 955 575 1038 ubique
589 962 717 1019 secutus
730 962 780 1020 est
793 956 874 1020 Rob.
885 956 1078 1041 Stephanus.
1116 957 1236 1021 Verum
1245 956 1278 1020 in
1293 956 1398 1021 tribus
1408 956 1480 1021 aliis

378 1057 465 1119 Mau.
483 1057 571 1119 Med.
587 1063 621 1121 et
637 1057 719 1120 Fuk.
735 1058 787 1121 hic
801 1057 889 1121 locus
903 1058 951 1123 ita
965 1057 1082 1143 legitur
1095 1080 1134 1122 ac
1151 1057 1360 1142 distinguitur
1374 1058 1410 1121 οὗ
1429 1058 1479 1121 καὶ

376 1157 459 1237 ἀγὸν
474 1158 578 1238 ἄγεται
591 1157 772 1225 Ἀντινόειος
787 1159 928 1239 ἐφ’ἡμῶν
942 1158 1113 1240 γενόμενος.
1151 1159 1258 1224 Sedet
1268 1159 1302 1223 in
1317 1158 1479 1224 Saviliuno

376 1256 484 1320 codice
498 1265 531 1321 ct
545 1260 632 1342 apud
647 1259 860 1344 Nicephorum
869 1259 995 1344 ¹legitur
1009 1258 1179 1341 γενόμενος.
1224 1260 1328 1340 Quam
1349 1260 1478 1346 quidem

375 1356 543 1421 lectionem
558 1366 685 1423 secutus
699 1360 825 1424 videtur
840 1361 985 1434 Rufinus,
1001 1359 1046 1424 sic
1064 1359 1149 1422 enim
1164 1359 1278 1423 vertit:
1301 1360 1353 1422 cai
1372 1381 1479 1445 cycnea

375 1460 474 1521 canui
495 1458 689 1538 celebrantur,
704 1463 758 1546 qai
770 1462 916 1526 Aet-iecit
933 1461 1139 1546 appellantia,
1153 1460 1264 1523 ιιοοοήο
1284 1459 1385 1523 adbuc
1406 1469 1478 1525 tece-

368 1557 497 1641 peribus
510 1560 651 1624 imitati.
697 1563 792 1627 (berte
806 1563 947 1627 dubitari
968 1583 1032 1625 non
1055 1566 1173 1645 potest,
1189 1559 1267 1644 quin
1290 1559 1359 1623 baec
1382 1559 1477 1625 lectio

374 1658 470 1741 priori
492 1661 536 1724 sit
556 1663 773 1729 anteferenda.
819 1666 859 1729 Id
882 1665 967 1729 enim
988 1662 1124 1747 probare
1142 1661 1210 1726 vult
1225 1661 1392 1739 Eusebius,
1409 1660 1477 1725 He·

372 1759 538 1846 gesippum
552 1762 695 1828 floruisse
709 1766 905 1850 temporibus
920 1763 1088 1829 Hadriani.
1132 1763 1224 1844 Quod
1239 1762 1367 1848 quidem
1381 1784 1422 1827 ex
1436 1785 1475 1827 ec

373 1865 543 1943 concludit,
559 1868 644 1951 quod
661 1867 862 1954 Hegesippus
876 1868 944 1954 ipsc
959 1874 1099 1932 testatur
1112 1874 1273 1932 certamen
1284 1868 1475 1933 Antincium

374 1988 432 2030 sua
454 1973 553 2032 aetate
574 1968 758 2033 institutum
783 1970 888 2034 fuisse.
935 1969 1080 2051 Quodsi
1106 1969 1248 2054 legamus
1272 1990 1345 2033 cum
1372 1970 1474 2056 Regio

373 2069 511 2132 ccdiced
528 2071 576 2134 καὶ
591 2069 639 2152 ἐφ’
651 2073 733 2151 ἡμῶν
747 2074 913 2153 γινόμενοι,
929 2077 999 2135 tum
1013 2070 1248 2154 argumentatio
1263 2071 1393 2135 Eusebii
1408 2092 1474 2135 non

373 2170 500 2233 valebit.
545 2171 663 2236 Sensus
688 2172 771 2236 enim
797 2173 848 2237 hic
873 2173 944 2249 erit,
969 2179 1130 2236 certamen
1152 2171 1342 2236 Antinoium
1366 2171 1472 2237 adhuc

373 2279 472 2336 aetate
485 2272 662 2358 Hegesippi
677 2274 872 2338 celebratum
886 2273 993 2339 fuisse.
1037 2273 1091 2337 Ex
1106 2296 1169 2358 quo
1187 2278 1314 2337 tantum
1328 2274 1421 2339 abest
1433 2280 1472 2339 ut

372 2373 516 2437 concludi
527 2374 639 2458 possit,
649 2375 869 2460 Hegesippum
877 2375 992 2439 vixisse
1003 2375 1179 2460 imperante
1193 2374 1378 2451 Hadrian03
1396 2375 1473 2459 quin

371 2473 478 2557 potius
503 2473 580 2538 illud
607 2475 819 2559 consequitur,
840 2476 966 2540 nonnisi
989 2487 1064 2561 post
1088 2475 1212 2539 obitum
1230 2475 1389 2540 Hadriani
1404 2474 1472 2539 He·

370 2575 536 2658 gesippum
557 2575 655 2639 libros
677 2597 751 2639 suos
774 2577 997 2660 composuisse.
1051 2575 1135 2639 Nam
1158 2575 1185 2639 si
1207 2575 1386 2662 principatu
1401 2576 1470 2642 Ha·

371 2673 475 2737 driani
503 2674 680 2758 scripsisset
707 2677 920 2760 Hegesippus,
941 2698 1006 2739 non
1030 2676 1140 2760 utiquc
1163 2676 1284 2741 diceret
1309 2684 1471 2741 certamen

371 2774 561 2840 Antinoium
580 2776 685 2841 adhuc
706 2800 764 2842 sua
784 2784 883 2843 aetate
906 2785 1015 2843 actum
1037 2778 1151 2843 fuisse:
1176 2777 1291 2863 quippe
1314 2800 1386 2843 cum
1403 2777 1471 2843 Ha·

370 2879 500 2943 drianus
515 2879 574 2944 sub
589 2878 684 2942 finem
703 2879 826 2965 imperii
845 2879 893 2943 sui
913 2901 1049 2965 agonem
1069 2879 1157 2942 illum
1178 2880 1362 2944 instituerit.
1408 2879 1469 2943 Ce-

370 2987 475 3044 terum
489 2981 548 3044 has
562 3002 655 3045 voces
675 2980 723 3061 ἐφ’
739 2982 822 3061 ἡμῶν
835 2983 998 3063 γενόμενος
1019 2982 1144 3046 mallem
1165 2984 1283 3046 referre
1304 2983 1346 3046 ad
1360 3003 1470 3046 vocem

368 3080 534 3158 Ἀντίνοος,
550 3087 584 3146 et
597 3088 704 3146 totum
718 3082 802 3146 hunc
816 3082 920 3146 locum
934 3083 983 3147 ita
997 3089 1181 3147 construere
1194 3086 1237 3147 ὧν
1256 3084 1323 3148 ἐστὶ
1338 3084 1386 3148 καὶ
1399 3082 1470 3148 Ἀν-

369 3186 478 3260 τίνοος,
490 3189 597 3251 δοῦλος
605 3182 763 3265 Ἀδριανοῦ
776 3187 927 3265 Καίσαρος
942 3182 991 3266 ἐφ’
999 3186 1082 3265 ἡμῶν
1092 3187 1263 3266 γενόμενος,
1276 3181 1311 3247 cri
1326 3184 1375 3249 κοὶ
1386 3185 1469 3266 ἀγὸν

369 3285 475 3365 ἄγεται
483 3284 675 3351 Ἀντινόειος.
709 3288 820 3369 Atque
834 3284 882 3349 ita
897 3284 1073 3371 Hegesippi
1087 3286 1191 3350 lucum
1205 3286 1247 3350 ab
1263 3286 1402 3351 Eusebio
1416 3309 1469 3352 au·

369 3391 497 3470 ceptum
512 3408 581 3450 esse
595 3407 654 3471 pro
668 3392 757 3450 certo
776 3386 889 3451 habeo.
934 3386 1019 3452 Sane
1040 3387 1064 3450 J
1065 3387 1190 3453 ustinus
1210 3388 1243 3451 in
1258 3387 1469 3473 Apologeticc

369 3486 409 3550 de
423 3486 484 3550 hoc
498 3487 567 3571 ipsc
582 3486 727 3551 Antinoo
741 3488 873 3572 loquens
886 3487 932 3553 sic
945 3488 1002 3553 ait.
1049 3490 1097 3552 καὶ
1109 3487 1265 3553 Ἀντινόου
1279 3492 1332 3552 τοῦ
1346 3494 1401 3554 νῦν
1419 3515 1470 3571 γε·

368 3587 506 3667 vopisco.
547 3586 631 3650 Haec
646 3585 815 3653 Venustus.
850 3587 981 3654 Erravit
995 3611 1070 3653 vero
1084 3589 1116 3653 in
1132 3589 1311 3675 Nicephoro
1326 3597 1410 3655 teste
1424 3591 1469 3654 ci·

366 3688 477 3765 tando,
493 3687 546 3772 qui
568 3687 668 3752 habet
691 3687 708 3749 ὃ
735 3688 782 3752 καὶ
806 3686 854 3769 ἐφ’
869 3689 951 3768 ἡμῶν
976 3692 1151 3771 γινόμεοον.
1196 3693 1308 3775 Atque
1332 3711 1468 3776 agonem

367 3788 456 3850 illum
478 3789 675 3872 temporibus
692 3789 922 3853 recentioribus
943 3789 1128 3855 institutum
1150 3790 1258 3868 fuisse,
1272 3797 1400 3856 tantum
1419 3791 1466 3855 di-

367 3909 438 3951 cere
447 3888 572 3953 videtur
582 3889 792 3974 Hegesippus.
818 3889 899 3953 (ium
911 3890 1075 3956 Strothius
1085 3897 1162 3955 ante
1173 3913 1224 3955 me
1234 3893 1405 3977 recepisset
1416 3918 1465 3973 γε·

367 3991 492 4068 νόμενος
512 4010 571 4073 pro
596 3991 761 4070 γινόμενος,
785 4011 845 4075 ego
870 4013 942 4055 cum
965 3991 1115 4057 ababa
1136 3993 1224 4056 Mat.
1248 3993 1333 4057 Med.
1357 3994 1465 4058 Rrec.

366 4090 483 4173 quibus
503 4111 585 4153 nunc
608 4090 774 4154 addendus
797 4098 847 4155 cst
871 4091 968 4156 caet.
991 4114 1047 4156 scu
1065 4092 1157 4156 Bodl.
1172 4092 1226 4157 illa
1249 4095 1266 4155 ὀ
1292 4096 1340 4159 καὶ
1363 4093 1464 4162 omisi.

365 4189 404 4256 Ὁ
420 4198 548 4257 tantum
569 4191 688 4256 habere
705 4191 791 4257 cedd.
806 4193 901 4276 Ncrf.
917 4199 951 4257 et
973 4194 1070 4258 Vocet.
1086 4215 1170 4257 nunc
1190 4192 1288 4258 refert
1302 4193 1466 4261 Burtonus

366 4299 400 4357 et
415 4295 432 4355 ὀ
448 4294 496 4356 καὶ
511 4292 631 4357 nescire
640 4291 835 4358 Flererdirwc
848 4295 1076 4380 emamanptce,
1086 4295 1162 4358 dum
1173 4292 1242 4377 ipse
1251 4292 1327 4357 illud
1342 4317 1466 4362 meeum

365 4393 496 4458 omittit.
543 4395 634 4458 Idem
655 4394 748 4459 addit
769 4393 817 4476 ἐφ’
833 4397 915 4475 ἡμῶν
936 4406 1048 4460 extare
1066 4395 1100 4458 in
1120 4394 1205 4459 add.
1221 4396 1293 4481 Bap.
1310 4397 1462 4463 etPcnb.

361 4506 494 4582 utroq-ue,
511 4497 565 4579 ἀφ’
575 4499 656 4577 ἡμῶν
670 4497 704 4561 in
719 4497 782 4560 aad.
799 4498 891 4561 Bodl.
907 4499 964 4562 sed
978 4498 1126 4562 dubitare
1141 4517 1176 4561 se
1189 4496 1237 4560 ait
1251 4497 1292 4561 de
1306 4497 1464 4582 scriptura

359 4599 446 4663 codd.
460 4599 548 4663 Med.
564 4603 598 4664 ct
615 4600 722 4663 Fere.
767 4598 913 4685 Denique
926 4606 1055 4666 constat
1068 4598 1130 4684 legi
1143 4600 1305 4679 γενόμενος
1317 4599 1351 4663 in
1368 4601 1461 4667 codd.

358 4700 505 4765 omuibus
519 4708 638 4785 prater
648 4701 787 4785 Ιίοοιῗιιοι,
800 4701 976 4780 Parisinus,
994 4702 1200 4787 Venetamqae.

869 4825 890 4864 Ν
905 4823 927 4866 n
943 4821 963 4868 2
