3809 5650
481 664 545 726 340
856 661 1208 727 ANNOTATIONES

481 832 533 917 qui
547 832 755 917 quodeunque
770 831 911 915 epistolae
923 833 1008 916 apud
1022 833 1193 896 Eusebium
1205 845 1356 917 superest,
1367 835 1398 897 in
1410 835 1581 920 Anglioam

479 934 576 997 vertit
591 933 740 1018 linguam,
757 933 840 995 huno
855 934 951 997 fuisse
966 935 1134 998 diaconum
1151 935 1335 999 Viennensis
1358 937 1507 1012 eoelesiae,
1523 938 1581 1000 mi-

479 1033 564 1097 noris
579 1034 662 1097 enim
677 1034 828 1098 momenti
844 1057 913 1098 esso
928 1036 1066 1120 patriam
1086 1037 1165 1119 ejus,
1183 1059 1278 1121 quum
1298 1036 1411 1110 locum,
1429 1060 1491 1121 quo
1512 1060 1580 1101 mu-

480 1157 539 1198 nus
562 1136 809 1199 ecclesiasticum
831 1136 971 1200 obiisset.
1017 1137 1182 1222 Videoque
1205 1138 1305 1202 simile
1328 1139 1405 1223 quid
1426 1139 1458 1201 iu
1482 1140 1579 1202 Sunn-

479 1260 577 1299 Plours
607 1237 821 1322 Fragmentis‚
852 1260 923 1323 quae
949 1238 1031 1301 infra
1061 1238 1267 1316 collocantur,
1291 1243 1395 1306 Αἴλιος
1426 1243 1579 1308 Πούπλιος

478 1333 603 1404 Ἰούλιος
628 1340 687 1402 ὰπὸ
714 1346 872 1418 Δεβελτοῦ
896 1341 1068 1415 ἐπίσκοπος,
1089 1340 1149 1404 hoe
1172 1348 1231 1413 est,
1252 1340 1377 1404 Develti
1403 1342 1576 1426 episeopus.

479 1441 596 1505 Euseb.
612 1443 655 1505 H.
672 1443 712 1505 E.
731 1465 760 1506 v.
785 1463 833 1524 19.
880 1441 1000 1505 Itidem
1024 1441 1069 1504 sio
1091 1442 1258 1527 signantur
1279 1443 1496 1527 episcoporum
1522 1466 1578 1506 no-

478 1545 613 1609 minuet
629 1546 722 1608 urbes
743 1545 829 1629 apud
850 1544 1016 1608 concilium
1040 1543 1300 1630 Carthaginiense
1324 1545 1493 1628 septimum
1518 1547 1577 1609 sub

479 1645 637 1731 cypriano
652 1646 854 1710 celebratum.

522 1748 560 1811 P.
571 1769 645 1833 301.
659 1749 679 1812 l.
692 1770 722 1833 9.
734 1749 819 1832 αὐτὴ]
835 1749 907 1827 αὕτη
916 1748 962 1811 ed.
976 1747 1079 1833 Sept.
1093 1750 1224 1812 Srsorn.
1259 1750 1339 1811 Mox
1354 1750 1469 1813 dosunt
1481 1749 1578 1812 verba

479 1859 527 1923 καὶ
542 1864 705 1940 παρεθῆναι
719 1859 751 1920 iu
766 1860 840 1921 MS.
855 1858 996 1941 Norfole.

522 1963 605 2026 Ibid.
615 1962 636 2023 l.
655 1981 703 2043 17.
716 1963 920 2043 διεῤῥωγότος]
937 1962 999 2023 Ed.
1013 1961 1052 2024 R.
1067 1962 1177 2044 steph.
1188 1963 1431 2042 περιεῤῥωγότος.
1464 1962 1577 2023 Codex

450 2057 567 2128 'Mea
594 2065 676 2126 Fulr.
701 2063 795 2127 Savil.
819 2070 853 2125 et
875 2062 960 2124 Mar.
983 2064 1173 2142 διεῤῥωγότος
1200 2062 1331 2137 habent,
1359 2063 1444 2145 quod
1473 2062 1577 2145 magis

476 2164 590 2250 placet.
606 2164 772 2225 Vnnssrus.
817 2162 1000 2225 Lectionem
1014 2163 1149 2225 alteram
1163 2162 1282 2226 habent
1297 2162 1371 2225 Me.
1387 2161 1524 2244 Nerfole.
1542 2172 1576 2226 et

476 2264 676 2348 Niceplrorus,
694 2263 784 2327 seda
805 2263 965 2348 Scaligero
980 2263 1020 2326 ad
1037 2285 1126 2327 oram
1142 2264 1276 2347 exempli
1297 2263 1344 2326 sui
1366 2264 1440 2327 odit.
1461 2263 1574 2347 Steplr.

476 2369 509 2431 in
531 2366 674 2429 biblioth.
701 2365 846 2429 Leidensi
873 2368 1066 2447 διεῤῥωγότος
1089 2367 1244 2450 rescripta
1269 2374 1325 2430 est.
1381 2366 1576 2449 Retinotque

478 2468 696 2532 Heinioheuus
727 2468 847 2532 Valesii
878 2469 1054 2544 lectionem,
1086 2468 1307 2532 revocantibus
1335 2491 1410 2532 vero
1441 2468 1575 2552 Stepha-

476 2571 604 2634 niauam
622 2583 655 2634 et
671 2570 927 2635 Zimmermenno
941 2577 976 2635 et
990 2570 1143 2647 Burtouo,
1160 2570 1213 2654 qui
1229 2592 1285 2634 sex
1300 2570 1423 2634 oodioes
1438 2592 1508 2634 eam
1523 2571 1574 2634 fir-

477 2679 606 2736 mantes
628 2680 864 2737 commemorat.

519 2776 557 2841 P.
573 2794 648 2862 302.
664 2775 683 2838 l.
703 2796 735 2856 4.
758 2775 945 2862 ἀιάλγησιά]
971 2775 1155 2840 Istiusmodi
1179 2774 1385 2839 indolentiam
1411 2775 1443 2837 in
1467 2774 1574 2839 Theo-

475 2881 555 2944 doro
580 2887 721 2963 martyre
747 2887 903 2943 memorat
927 2878 1112 2943 Theodorit.
1134 2879 1177 2941 H.
1200 2879 1240 2941 Ε.
1256 2878 1309 2941 lib.
1325 2878 1369 2940 iii.
1387 2900 1456 2961 eap.
1476 2898 1523 2940 11.
1540 2886 1574 2942 et

477 2981 586 3046 Foxus
598 2988 707 3044 noster
717 2980 750 3043 in
760 2980 884 3045 Thoma
895 2981 1057 3054 Tomlrins,
1069 2982 1158 3065 eujus
1166 3002 1294 3043 manum
1303 2980 1429 3044 ardenti
1438 2982 1574 3045 lucernae

475 3082 606 3146 immisit
621 3080 796 3145 Bonnerus.
842 3082 917 3145 Vid.
935 3081 1145 3166 Martyrolog.
1160 3091 1244 3166 part.
1259 3082 1302 3148 iii.
1320 3105 1351 3166 p.
1373 3100 1443 3166 154.
1459 3082 1573 3146 noviss

475 3185 552 3248 edit.
569 3183 625 3246 W.
643 3183 772 3246 Lowru.
791 3184 880 3249 Cous.
896 3190 920 3265 5.
940 3205 990 3265 14.
1006 3185 1100 3269 hujus
1116 3184 1219 3269 Epist.

519 3285 603 3349 Ibid.
618 3285 637 3347 l.
654 3306 684 3369 9.
700 3291 748 3349 διὰ
769 3288 822 3365 τὴν
846 3288 1002 3370 ἐπιμονὴν]
1027 3287 1086 3349 Ed.
1104 3289 1145 3350 R.
1163 3287 1273 3370 steph.
1288 3286 1450 3365 ὑπομονήν.
1496 3288 1575 3351 Am-

474 3387 597 3471 pleetor
619 3387 809 3470 scripturam
831 3387 948 3451 codicis
973 3387 1119 3451 Medieaei
1143 3396 1176 3452 et
1195 3389 1279 3452 Mau
1297 3388 1379 3451 Fuk.
1395 3396 1429 3452 et
1451 3388 1525 3451 Sav.
1541 3388 1573 3450 in

366 3500 368 3502 ’
475 3488 590 3571 quibus
605 3487 722 3570 legitur
737 3489 888 3567 ἐπιμονήν.
922 3489 964 3551 Id
979 3497 1028 3552 est
1044 3489 1085 3553 ob
1099 3490 1320 3554 assiduitatem
1335 3498 1368 3555 et
1382 3490 1574 3576 gravitatem

474 3594 718 3652 tormentorum.
764 3590 849 3652 Nam
864 3590 947 3673 quod
970 3612 1008 3652 ex
1030 3590 1159 3653 Gruteri
1179 3591 1260 3654 libro
1279 3592 1468 3677 proponitur
1486 3593 1574 3671 ύπερ-

473 3690 583 3769 βολῆν,
599 3689 768 3753 vanissima
790 3692 974 3775 conjectura
997 3699 1055 3756 est.
1101 3691 1204 3757 Paulo
1227 3704 1310 3778 post,
1335 3699 1381 3778 (p.
1403 3694 1494 3778 303.)
1519 3693 1572 3756 ubi

473 3792 591 3878 legitur
612 3794 703 3856 ὁπότε
723 3796 816 3873 μηδὲν
839 3794 933 3876 εἶχον,
950 3795 1051 3858 codex
1074 3794 1249 3860 Medioaeus
1270 3804 1304 3860 et
1326 3795 1414 3859 Mar.
1437 3795 1519 3858 Fulr.
1540 3803 1574 3858 et

475 3895 570 3959 Savil.
596 3918 704 3959 vocem
725 3896 887 3960 interserit
913 3897 973 3961 hoo
999 3898 1094 3961 modo
1120 3900 1211 3962 ὁπότε
1233 3897 1336 3978 μηκέτι
1361 3899 1452 3976 μηδὲν
1476 3897 1570 3979 εἶχον.

475 3998 567 4076 Quod
590 4005 640 4061 est
662 3998 847 4083 elegantius.
870 3999 1034 4076 Vniusrus.
1081 4003 1170 4064 Anto
1193 4001 1353 4064 Valesium
1376 4002 1519 4079 ἐπιμονὴν
1540 4000 1573 4064 in

473 4102 603 4185 quiaque
631 4101 702 4165 aliis
731 4104 815 4167 codd.
839 4104 1013 4181 inventum,
1042 4104 1297 4188 Uiriatepdoreeni
1325 4103 1360 4165 ie
1390 4104 1437 4166 ed.
1467 4105 1573 4167 Genea.

474 4204 569 4267 Leett.
585 4204 804 4287 praetuleraut.
851 4206 896 4269 Et
918 4206 1021 4285 μηκέτι
1043 4206 1104 4269 illae
1127 4228 1252 4290 quoque
1276 4207 1406 4269 Grutere‘
1421 4207 1575 4270 Lectiones

473 4304 716 4369 interserebant.
762 4306 845 4386 Quin
874 4314 907 4370 et
932 4308 1106 4388 ὑπερβολὴν
1135 4316 1288 4391 tanquam
1302 4360 1303 4363 .
1318 4309 1502 4394 eonjeetura
1531 4309 1574 4372 ad

473 4428 572 4490 marg.
591 4407 761 4471 Castellum
775 4409 886 4473 codicia
901 4410 1042 4474 affertur.
1088 4410 1237 4475 Proxime
1258 4418 1331 4495 post
1350 4411 1574 4474 ὑπακούσεσθαι

474 4508 542 4585 παρ’
557 4506 647 4569 αὐτοῦ
661 4509 703 4569 M
702 4509 736 4570 S.
751 4509 791 4571 N
788 4509 890 4593 ursule.

517 4606 601 4669 Ibid.
618 4607 636 4673 l.
655 4626 702 4670 12.
715 4610 793 4673 ὥστε
807 4614 880 4690 μηδὲ
896 4612 929 4674 τὸ
944 4616 1020 4675 ἴδιον
1040 4619 1189 4676 κατειπεῖν
1208 4613 1315 4697 ὄνομα]
1333 4613 1455 4676 Similia
1466 4613 1572 4677 videre

473 4716 523 4772 est
544 4707 635 4786 infra,
656 4709 736 4774 libro
759 4711 798 4774 de
820 4713 1019 4797 Martyribus
1035 4714 1165 4778 Palaest.
1181 4737 1250 4799 oep.
1267 4716 1298 4778 ii.
1315 4724 1348 4780 et
1370 4716 1403 4778 iu
1419 4714 1572 4778 Passioue
