3809 5650
489 691 555 752 240
865 687 1219 752 ANNOTATIONES

489 859 561 922 huic
582 881 659 920 mesu
679 856 869 939 conjecturae
893 858 1049 922 Simeonis
1070 858 1304 942 Metaphrastis
1325 858 1421 921 verba
1438 857 1590 923 doliches

487 961 596 1025 Jacobs
611 984 641 1044 p.
652 980 726 1042 525.
763 958 849 1022 Ἐπεὶ
864 962 917 1023 οῦν
932 963 948 1022 ὁ
965 961 1064 1041 καιρὸς
1080 960 1181 1023 ἐκάλει
1191 961 1244 1023 τὸν
1258 961 1381 1041 ἀριστέα
1393 964 1498 1037 στῆναι
1515 965 1588 1023 κατὰ

488 1069 540 1125 τοῦ
562 1065 701 1143 ψεύδους,
717 1062 751 1122 οὐ
770 1061 893 1139 μέλλων
913 1061 960 1139 ἣν,
981 1062 1049 1124 οὐδὲ
1069 1063 1165 1145 δειλίᾳ
1184 1062 1238 1139 τὴν
1259 1062 1403 1140 ἀλήθειαν
1423 1064 1586 1141 προδιδούς·

488 1166 570 1226 ἀλλὰ
590 1164 638 1225 καὶ
658 1162 760 1244 ψυχὴν
782 1164 829 1224 καὶ
850 1169 987 1243 γλῶτταν
1008 1164 1252 1243 ἔλευθερῶτοτος·
1281 1164 1328 1225 καὶ
1347 1163 1484 1244 μεγάλην
1504 1164 1588 1229 εὐθὺς

488 1264 575 1344 ἀφεὶς
586 1265 639 1341 τὴν
648 1264 763 1344 φωνὴν,
772 1265 803 1326 τί
813 1290 851 1342 με
868 1267 994 1343 ἐρωτᾶτε
1005 1266 1060 1327 &a
1092 1264 1171 1327 Cum
1182 1263 1262 1326 istac
1274 1264 1397 1326 interea
1413 1265 1587 1347 quastione

489 1364 655 1428 Fabricius
674 1366 797 1429 confert
811 1365 896 1428 illam
911 1389 932 1428 a
946 1365 970 1427 J
973 1366 1072 1428 udaeis
1087 1366 1225 1428 Domino
1240 1365 1299 1449 ipsi
1315 1366 1520 1449 propositam,
1537 1369 1586 1429 Jo.

488 1490 519 1528 x.
545 1486 596 1544 ιη.
642 1470 803 1530 Caeterum
832 1468 1049 1551 repetentibus
1078 1489 1153 1530 mox
1182 1468 1259 1530 illud
1288 1471 1340 1529 τοῦ
1369 1467 1589 1547 σταυρωθέιτος

486 1568 689 1643 editionibus,
720 1569 802 1631 idem
837 1571 1081 1654 expungendum
1116 1569 1232 1641 censui,
1263 1568 1457 1631 auctoritate
1496 1569 1588 1630 nixus

486 1671 585 1733 MSS.
601 1671 692 1733 Bodl.
705 1679 738 1734 ct
752 1672 891 1754 Norsole.
906 1672 1128 1755 Hegesippiaai
1141 1671 1288 1753 Eacerpti
1303 1670 1392 1731 Bocll.
1409 1670 1588 1752 Νῦοορῦονὶ,

487 1772 630 1854 ιδζηιιοοῐῐὶ,
651 1774 823 1857 Rusticique,
840 1795 923 1836 nuno
943 1773 1027 1836 addo
1047 1773 1109 1835 cod.
1133 1783 1292 1855 arsuraque
1312 1771 1531 1843 Florem-inam,
1553 1777 1586 1830 et

486 1874 643 1937 referente
663 1874 819 1950 Burtono‚
834 1874 886 1957 qui
910 1896 1031 1937 mecum
1053 1880 1106 1938 τοῦ
1125 1873 1347 1953 σταυρωθέντοτ
1367 1872 1507 1934 intexta
1528 1891 1584 1930 suo

487 1975 603 2053 omisit,
615 1976 705 2038 codd.
722 1975 808 2038 Mea
821 1976 907 2037 Mer.
919 1976 1026 2037 Paris.
1042 1999 1067 2038 1.
1087 1975 1186 2037 Vener.
1204 1975 1278 2036 dum
1294 1978 1347 2035 τοῦ
1361 1979 1435 2035 ante
1450 1971 1550 2049 Ἰησοῦ
1565 1992 1586 2032 a

487 2077 651 2160 Stephano
672 2085 706 2139 et
721 2076 867 2139 Strothio
889 2082 923 2139 et
945 2075 1052 2139 codice
1075 2076 1168 2159 Rapio
1184 2075 1333 2137 omissum
1349 2096 1416 2136 osse
1439 2073 1486 2135 vir
1502 2072 1585 2134 idem

486 2186 604 2239 monet.
649 2176 764 2240 Censet
789 2175 964 2252 Fabricius,
989 2177 1042 2239 ubi
1063 2198 1171 2260 supra,
1188 2176 1266 2239 illud
1289 2180 1340 2238 τοῦ
1363 2174 1587 2254 στουρωθέντος

486 2301 526 2341 ex
545 2277 705 2361 superiore
729 2299 820 2340 versu
843 2278 1015 2361 repetitum
1039 2278 1144 2341 fuisse.
1191 2279 1240 2340 De
1263 2278 1370 2360 Glycae
1390 2283 1498 2340 autem
1521 2275 1584 2338 lec·

486 2378 583 2451 tione,
600 2377 653 2461 qui
670 2377 729 2440 hoc
744 2377 814 2440 loco
828 2379 927 2441 habet
940 2380 984 2445 τίς
998 2380 1016 2457 ἡ
1031 2380 1105 2458 θῦρο
1118 2384 1170 2442 τοῦ
1187 2382 1278 2453 Θεοῦ,
1294 2377 1369 2439 dixi.

531 2480 648 2541 P.210.
665 2478 684 2540 l.
703 2481 750 2541 16.
766 2481 833 2560 περὶ
843 2479 946 2555 Ἰησοῦ
960 2485 1012 2542 τοῦ
1025 2482 1090 2543 υἱοῦ
1101 2484 1154 2542 τοῦ
1169 2478 1338 2561 ἀνθρώπων]
1348 2479 1449 2541 Deest
1458 2483 1509 2539 τοῦ
1523 2480 1588 2540 υἱοῦ

485 2578 519 2640 in
534 2580 607 2641 MS.
620 2579 758 2662 Norfok.
775 2580 960 2664 Georcioquc
974 2579 1118 2663 Spacelle.
1156 2578 1290 2665 Rrfinus
1304 2586 1412 2641 autem
1427 2600 1490 2639 non
1506 2578 1588 2640 vide-

486 2688 541 2745 tur
566 2682 679 2765 legisse
703 2681 814 2760 Ἰησοῦ,
841 2682 894 2765 qui
920 2681 1026 2756 vertit,
1055 2680 1138 2759 Quid
1161 2701 1207 2743 mc
1226 2679 1417 2762 interrogastis
1441 2678 1478 2740 de
1505 2678 1589 2741 Filio

486 2783 642 2847 lomina?
668 2805 770 2867 neque
784 2783 929 2870 agnoseit
949 2804 1057 2847 vocem
1077 2782 1241 2868 Hcpescppi
1258 2782 1451 2866 Ercerptum,
1471 2782 1502 2843 in
1526 2804 1588 2865 quo

488 2890 614 2967 ἐρωτᾶτε
637 2908 695 2969 pro
718 2889 891 2967 ἐπερωτᾶτε,
914 2886 997 2949 sicut
1019 2886 1051 2948 in
1073 2887 1168 2948 Maro
1190 2884 1327 2968 Norsolr.
1351 2892 1384 2947 et
1406 2885 1491 2967 apud
1512 2887 1590 2967 Spa-

487 2988 602 3063 οοΙῐιιιιι,
620 2988 723 3051 minus
737 2997 814 3072 apte
830 2996 997 3051 exaratum
1013 2995 1072 3051 est.

531 3091 654 3155 P.211.
670 3090 734 3171 lg.
755 3091 794 3156 ως
813 3092 890 3153 duvia
909 3091 949 3174 τῷ
970 3090 1022 3172 υἱῷ
1045 3088 1160 3171 Δαβὶδ]
1182 3087 1321 3173 Scaliger
1341 3088 1373 3150 in
1393 3087 1589 3150 animadver-

488 3190 629 3253 sionibus
655 3191 844 3253 Eusebiauis
869 3190 937 3253 haeo
961 3191 1001 3252 de
1023 3189 1148 3252 Jacobo
1171 3189 1259 3252 dicta
1280 3210 1349 3252 esse
1372 3188 1585 3252 existimavit:

488 3291 536 3353 cui
564 3291 595 3351 in
622 3313 660 3353 co
687 3291 814 3373 quidem
840 3290 931 3353 sacile
957 3290 1123 3353 assentior.
1179 3291 1243 3353 Sed
1269 3292 1354 3374 quod
1381 3298 1478 3375 negat
1505 3291 1588 3353 idom

488 3391 629 3472 Scaliger
642 3391 803 3454 «Iacobum
821 3392 919 3453 filium
941 3391 1047 3453 David
1068 3391 1129 3454 dici
1149 3391 1300 3474 potuisse,
1317 3392 1349 3454 in
1369 3393 1429 3455 hoc
1448 3392 1588 3475 graviter

487 3489 707 3553 hallucinatur.
754 3491 831 3553 Fuit
853 3492 936 3553 enim
960 3491 1103 3554 Jacobus
1125 3492 1208 3555 filius
1231 3493 1375 3578 Josephi‚
1397 3516 1434 3555 ac
1457 3494 1590 3575 proinde

487 3589 639 3652 oriundus
662 3613 703 3653 ex
726 3592 825 3674 stirpe
850 3592 967 3655 David.
1013 3594 1115 3655 Porro
1141 3594 1336 3656 verissimum
1359 3602 1408 3657 est
1432 3594 1518 3675 quod
1542 3595 1591 3657 ait

487 3690 636 3775 Scaliger,
658 3713 712 3754 eos
732 3692 786 3775 qui
806 3693 937 3756 Osanna
959 3693 1191 3771 acclamabant,
1213 3695 1334 3777 palmas
1353 3694 1499 3757 manibus
1520 3718 1590 3780 ges-

487 3801 557 3857 tare
572 3792 728 3857 debuisse.
772 3792 873 3878 Cujus
892 3795 937 3857 rei
959 3794 1082 3858 illustre
1102 3796 1280 3879 exemplum
1303 3803 1352 3860 est
1372 3796 1406 3858 in
1426 3797 1590 3860 itinerario

489 3893 778 3978 Hierosolymitano
793 3896 950 3959 Antonini
971 3896 1116 3959 monachi
1138 3919 1168 3980 p.
1184 3916 1236 3980 30.
1283 3898 1335 3958 Ex
1352 3919 1414 3980 quo
1430 3897 1588 3974 discimus,

487 4018 606 4059 morem
622 3996 696 4059 olim
711 3997 807 4061 fuisse
822 3996 1090 4074 Christianorum,
1105 4005 1142 4062 ut
1157 3997 1325 4083 Episcopis
1340 4021 1378 4062 ac
1394 3999 1589 4082 presbyteris

486 4098 726 4162 advenientibus
746 4101 871 4163 obviam
889 4101 1097 4183 procedentes
1111 4098 1239 4163 honoris
1255 4122 1360 4177 eausa,
1376 4101 1589 4164 acclamarent

486 4201 625 4264 Osanna.
673 4199 727 4262 Ibi
747 4211 888 4263 acuerunt
906 4202 1046 4265 rreulieres
1060 4203 1095 4264 ι’τι
1109 4224 1261 4266 occursum
1281 4202 1364 4265 nodis
1379 4225 1446 4266 cam
1460 4203 1589 4285 infanti·

487 4301 547 4376 bras,
558 4302 684 4386 paduae
700 4302 734 4364 ι’τι
753 4300 891 4365 itionibus
911 4313 1048 4380 tramete-s,
1064 4314 1091 4367 et
1111 4304 1264 4387 armellas
1284 4326 1351 4367 cura
1370 4326 1488 4367 rosaceo
1507 4304 1587 4366 eleo:

485 4412 512 4464 ct
532 4412 696 4485 prostrate
718 4402 845 4486 pedidus
869 4406 987 4475 rastris,
1008 4405 1136 4488 plautas
1161 4417 1278 4470 nostras
1303 4404 1459 4489 ιιιιροόσιιι,
1487 4414 1589 4466 caeta-

487 4502 612 4586 buntquc
626 4503 732 4585 linqua
749 4505 942 4588 AEguptiaca
954 4506 1116 4590 psallentes
1133 4507 1338 4590 aritipbonam.
1368 4505 1527 4567 Benedicti
1542 4527 1591 4567 cos

487 4626 507 4664 a
536 4604 675 4675 Domino,
703 4601 923 4689 benedictusque
952 4607 1096 4670 ademtae
1125 4619 1226 4683 οοτιον,
1253 4629 1367 4672 osanna
1396 4607 1430 4668 ia
1461 4606 1586 4668 excedra.

490 4703 581 4765 Idem
615 4708 754 4766 metatur
786 4705 884 4767 etiam
919 4706 1135 4790 Hieronymus
1164 4709 1198 4771 in
1227 4731 1296 4793 cap.
1325 4709 1390 4771 xxi.
1424 4707 1586 4770 Matthaei.
