3809 5650
395 695 460 755 422
756 693 821 756 AN
827 691 1136 754 NOTATIONES

394 870 490 944 opere
505 883 562 923 suo
582 862 749 925 Varias-um
764 860 1018 944 Disputationum
1031 859 1228 924 adduxisset.
1258 860 1417 943 Origenes
1432 883 1519 944 quo-

396 985 458 1046 que
480 985 501 1025 a
524 960 671 1024 Stoechio
693 983 789 1044 supra
815 961 998 1023 nominatus
1021 960 1053 1022 in
1079 959 1162 1024 hanc
1185 960 1352 1045 epistolum
1378 962 1519 1046 scripsit

396 1063 650 1127 commentarios.
698 1061 751 1123 Ad
771 1062 849 1135 haec,
866 1062 919 1124 ubi
938 1083 1045 1144 supra,
1061 1061 1214 1124 Dardano
1228 1063 1368 1126 ostendit
1391 1062 1517 1127 Hiero-

397 1185 520 1246 nymus,
536 1161 651 1245 suscipi
671 1183 740 1223 eam
758 1162 847 1244 quasi
870 1162 962 1225 Pauli
983 1162 1120 1246 apostoli
1142 1163 1184 1225 ab
1204 1162 1343 1226 ecclesiis
1363 1162 1517 1228 Orientis

395 1271 431 1326 et
452 1264 494 1326 ab
509 1262 654 1325 omnibus
670 1263 776 1326 Graeci
796 1263 949 1325 sermonis
969 1263 1188 1347 scriptoribus.
1233 1264 1327 1328 Certe
1342 1286 1403 1348 ego
1424 1265 1517 1329 inter

396 1365 564 1448 legendum
578 1363 662 1426 clare
677 1369 774 1445 atque
794 1371 904 1446 aperte
920 1363 1041 1426 lactum
1059 1363 1137 1426 illud
1157 1364 1199 1426 ab
1213 1362 1409 1440 auctoribus,
1427 1387 1515 1449 quos

397 1466 448 1529 bic
471 1466 649 1543 nominabo,
673 1466 758 1538 vidi;
787 1467 902 1550 quique
927 1489 1046 1539 omnes,
1070 1468 1212 1552 exceptis
1236 1471 1268 1531 S.
1282 1470 1381 1531 Petro
1411 1469 1514 1533 Alex-

396 1567 532 1631 andrino
547 1567 694 1651 episcopo
708 1576 806 1650 atquc
818 1567 970 1643 Eusebio,
983 1577 1060 1632 ante
1074 1569 1223 1632 saeculum
1234 1569 1367 1633 tertium
1377 1569 1513 1634 finitum

397 1669 502 1732 vivere
516 1668 696 1743 desierant3
719 1690 740 1732 a
755 1668 916 1732 Clemente
937 1668 1087 1731 nimirum
1102 1669 1332 1742 Alexandrino,
1347 1691 1368 1734 a
1384 1669 1513 1736 Vetere

398 1769 452 1832 illo
480 1770 671 1852 Presbytero
696 1769 781 1852 apud
805 1770 940 1832 eundem
967 1769 1144 1833 Clementem
1169 1770 1260 1834 Alae.
1286 1771 1377 1854 cujus
1406 1771 1512 1858 Frag-

399 1880 541 1934 mentum
551 1892 648 1954 supra
656 1870 818 1943 collocavi,
831 1892 851 1932 a
866 1870 1021 1954 Dionysio
1032 1870 1262 1946 Alexandrino,
1277 1892 1299 1934 a
1309 1871 1513 1937 Praesulibus

401 1972 611 2036 Antiochenis
638 1971 669 2033 in
691 1971 833 2054 Epistola
853 1992 911 2033 sua
932 1970 978 2032 ed
1000 1970 1134 2033 Paulam
1156 1973 1274 2035 Samos.
1300 1993 1322 2036 a
1344 1993 1396 2034 me
1423 1973 1512 2038 infra

400 2074 563 2147 collocata,
585 2095 606 2137 a
626 2073 725 2135 Petro
741 2071 960 2134 Alexandrino
981 2071 1013 2133 in
1031 2073 1153 2134 Conone
1172 2093 1229 2134 suo
1247 2074 1347 2146 Nono,
1370 2072 1512 2156 denique

399 2175 441 2236 ab
452 2174 589 2237 Eusebio
599 2175 647 2234 De
659 2176 758 2235 Mart.
769 2171 897 2234 Pnlnst.
908 2194 936 2235 c.
946 2172 988 2233 xi.
1021 2173 1171 2236 Addendi
1183 2172 1338 2236 Clementi
1347 2172 1511 2250 Romano,

400 2274 453 2356 qui
469 2274 554 2336 haud
571 2272 674 2355 ipsum
688 2293 804 2335 nomen
819 2271 913 2335 Pauli
931 2273 1080 2357 apposuit
1100 2273 1133 2335 in
1148 2273 1274 2357 epistola
1288 2295 1347 2337 sua
1360 2294 1454 2358 capp.
1468 2291 1508 2357 17

398 2382 433 2436 et
448 2377 500 2456 36.
516 2373 569 2435 alii
586 2372 766 2455 scriptores,
783 2373 836 2456 qui
852 2395 931 2456 opus
946 2372 1150 2448 adduxerint,
1165 2373 1230 2437 scil.
1250 2373 1458 2457 Polycarpus,
1474 2376 1509 2438 ni

399 2475 502 2550 lallor,
518 2475 549 2536 in
565 2475 667 2558 Epist.
683 2496 741 2536 sua
755 2496 822 2557 cap.
835 2494 867 2553 4.
913 2474 1049 2558 Pinytus
1063 2475 1095 2536 in
1110 2475 1250 2558 Eputolc
1264 2475 1309 2537 ad
1322 2477 1510 2558 Dionysium

401 2576 600 2638 Corirttlriam.
637 2575 859 2659 Theognostus
883 2575 1096 2639 Catechetioae
1123 2575 1156 2637 in
1182 2574 1402 2638 Alexandrina
1428 2576 1510 2640 urbe

398 2676 516 2740 scholae
542 2676 721 2760 praelectus,
748 2675 781 2739 S.
798 2675 995 2751 Methodius,
1026 2675 1057 2737 in
1086 2677 1232 2739 Convicio
1263 2676 1347 2759 Viro.
1379 2698 1431 2759 pp.
1453 2696 1508 2758 90.

399 2785 434 2843 ct
451 2781 502 2861 96.
525 2779 575 2842 ed.
595 2777 763 2843 Combefis.
789 2777 967 2861 Manesque
988 2783 1022 2840 ot
1042 2775 1220 2850 Archelaus
1243 2777 1275 2840 in
1291 2777 1510 2859 Depearem

399 2902 492 2964 capp.
504 2899 535 2962 5.
547 2901 598 2962 34.
622 2888 655 2941 et
675 2900 726 2958 41.
749 2884 783 2941 et
804 2896 858 2961 53.
904 2878 999 2940 Adde
1025 2878 1121 2961 qnod,
1148 2878 1225 2939 dum
1250 2878 1283 2940 in
1309 2879 1510 2963 possessione

399 3001 469 3042 esse
493 2980 587 3063 hujus
610 2978 752 3062 epistolae
775 2978 910 3040 Paulum
929 2984 980 3041 tot
1002 2984 1114 3051 testes,
1139 2986 1220 3061 quot
1243 2978 1376 3053 adduxi,
1400 2988 1509 3042 osten-

401 3081 493 3155 dunt,
508 3081 687 3165 apostolum
708 3079 810 3163 ipsum
825 3079 985 3142 vindicare
999 3100 1069 3141 eam
1085 3078 1154 3154 sibi,
1171 3100 1211 3141 ex
1226 3077 1350 3142 caeteris
1364 3078 1510 3162 epistolis

402 3182 545 3244 Paulinis
571 3180 705 3244 feliciter
733 3180 964 3243 demonstravit
990 3179 1038 3241 vir
1063 3180 1103 3242 de
1127 3179 1260 3242 ecclesia
1288 3179 1348 3242 hoc
1377 3180 1509 3244 nomine

401 3283 482 3344 bene
493 3281 626 3345 meritus
636 3280 768 3344 Carolus
781 3279 962 3354 Forsterus‚
972 3279 1004 3341 in
1013 3278 1140 3341 erudita
1152 3277 1387 3341 Dissertatione
1398 3277 1509 3363 lingua

402 3380 570 3444 vernacula
591 3382 802 3463 edita,q1mm
823 3381 1029 3464 Apostolicom
1050 3379 1269 3442 Auctorttntm
1289 3378 1441 3462 Epretolae
1463 3380 1511 3443 ad

402 3480 549 3543 Hadroeos
578 3480 780 3564 nuncupavit.
835 3480 882 3542 ΙΙ.
909 3480 964 3543 Ad
993 3479 1101 3543 Jacobi
1131 3480 1214 3562 quod
1244 3478 1362 3542 attinet
1384 3479 1510 3564 Episto-

401 3580 474 3658 lom,
501 3601 608 3662 quam,
635 3580 717 3642 sicut
741 3578 838 3641 Judae
863 3579 960 3654 illam,
990 3580 1097 3643 omisit
1126 3580 1239 3643 saltem
1268 3579 1299 3641 in
1323 3580 1508 3645 recensione

401 3704 459 3745 sua
481 3681 633 3742 librorum
656 3700 817 3742 sacrorum
839 3681 925 3764 apud
947 3681 1132 3757 Eusebium,
1146 3681 1198 3744 lib.
1212 3681 1251 3744 vi.
1268 3702 1336 3763 cap.
1349 3698 1400 3762 25.
1435 3681 1509 3744 Ori-

400 3803 508 3866 genes,
523 3779 599 3843 mibi
616 3781 806 3844 mouendum
821 3790 882 3857 est,
897 3781 994 3845 verba
1010 3782 1151 3859 Eusebii,
1164 3803 1235 3865 quae
1247 3781 1508 3846 commemoravit

401 3880 575 3957 Stoechius,
593 3880 625 3943 iu
641 3881 761 3945 Craecis
775 3903 853 3959 esse,
868 3883 904 3946 οὗ
918 3883 1030 3945 πολλοὶ
1044 3888 1102 3945 τῶν
1117 3884 1254 3945 παλαίων
1276 3881 1364 3957 αὐτῆς
1379 3881 1508 3958 ἐμνημό-

401 4007 522 4053 νευσαν,
547 4002 617 4065 quae
640 3982 737 4046 vertit
759 3983 887 4066 quidem
913 3982 1067 4057 Valesius,
1082 3982 1137 4044 sed
1157 3981 1209 4043 vix
1229 3987 1390 4053 accurate,
1406 3979 1509 4063 pauci

399 4082 563 4145 adrnodam
588 4104 624 4144 aa
649 4082 873 4157 onustioribas3
906 4083 967 4146 etsi
993 4082 1101 4146 forsan
1127 4082 1174 4145 ita
1197 4081 1285 4164 loqui
1309 4080 1508 4163 temporibus

401 4181 531 4245 Eusebii
556 4181 705 4259 licuisset,
732 4204 817 4259 nam,
841 4182 868 4245 si
889 4183 943 4266 qui
968 4192 1043 4246 sunt
1066 4190 1184 4267 praeter
1208 4184 1367 4244 Irenaeum
1395 4180 1449 4243 lib.
1464 4180 1506 4245 iv.

399 4282 566 4347 c.16.vel.
582 4302 635 4366 30.
657 4283 748 4367 pauci
764 4283 906 4348 existunt
927 4304 945 4346 e
969 4283 1176 4367 scriptoribus
1197 4280 1336 4345 Eusebio
1354 4280 1508 4344 vetustio-

401 4382 499 4457 ribus,
524 4404 606 4445 nunc
628 4383 864 4467 superstitibus,
880 4382 932 4465 qui
958 4382 1040 4445 hanc
1061 4382 1228 4465 epistolam
1250 4388 1362 4465 aperte
1384 4379 1509 4443 addux-

400 4482 499 4555 erint;
526 4483 666 4545 nonnulli
692 4492 802 4548 tamen
824 4483 995 4567 scriptores
1019 4482 1124 4545 adhue
1147 4482 1336 4567 superstites
1361 4479 1506 4557 eandem,

401 4579 559 4663 praecipue
584 4583 637 4645 ubi
663 4590 754 4646 vetus
778 4582 1020 4647 Testamentum
1041 4582 1186 4646 Jacobus
1215 4582 1322 4658 affert,
1347 4580 1506 4664 cogitasse

400 4687 542 4762 possunt.
588 4682 683 4744 Certe
699 4704 775 4745 mox
789 4691 975 4746 ostensurus
994 4704 1075 4759 sum,
1095 4704 1205 4746 omnes
1225 4681 1376 4765 epistolas
1394 4679 1506 4743 catho-

400 4776 485 4841 licas·
502 4800 523 4842 a
542 4778 704 4843 Clemente
728 4782 947 4846 Alexandrino
968 4783 1001 4845 in
1016 4780 1261 4867 Hypctypoaiduc
1283 4781 1349 4845 suis
1366 4778 1508 4843 breviter
