3809 5650
539 705 587 768 IN
618 703 867 770 HEGESIPPI
899 703 1198 769 FRAGMENTA.
1382 702 1447 765 286

348 861 551 947 Hegesippus
578 863 665 946 apud
691 861 864 926 Eusebium
887 861 992 925 libii.
1018 884 1087 946 cap.
1106 881 1156 947 23.
1185 860 1259 942 (rid.
1286 860 1370 925 inira
1391 860 1445 925 lin.

352 985 398 1043 ¹4·
415 985 446 1047 p.
464 969 550 1038 210.)
575 963 730 1027 Pnsnsou.
762 963 861 1026 Vind.
878 963 983 1048 Epist.
1002 962 1119 1047 Ignatii
1135 968 1218 1047 part.
1234 962 1265 1026 ii.
1281 985 1354 1047 pag.
1378 983 1387 1025 ι
1391 979 1447 1049 53.

345 1068 397 1130 nn.
415 1089 485 1150 cap.
505 1085 553 1130 12.
569 1090 590 1131 a
601 1067 779 1129 Rssnmcro
793 1066 920 1130 allatus.
959 1065 1107 1130 Christus
1121 1064 1206 1128 enim
1221 1064 1289 1148 ipse
1300 1064 1446 1128 dixerat:

345 1171 404 1249 ἐγώ
421 1172 480 1247 εἰμι
494 1171 512 1247 ἡ
527 1171 612 1249 θύρα.
637 1168 769 1232 Srnorn.
816 1168 894 1249 Quae
916 1167 1028 1231 attulit
1050 1189 1090 1231 ex
1114 1166 1287 1230 Pearsonio
1309 1165 1446 1229 Rcadin·

343 1270 425 1353 gius,
442 1292 481 1332 ea
492 1270 664 1354 scripserat
680 1269 727 1332 vir
742 1291 883 1333 summus
896 1269 938 1333 de
951 1269 1021 1332 loco
1035 1268 1207 1353 Ignaticno
1219 1290 1326 1352 agens,
1342 1268 1374 1330 in
1384 1289 1447 1352 quo

346 1368 497 1435 Christus
511 1372 585 1452 θύρα
604 1377 657 1433 τοῦ
668 1371 777 1450 πατρὸς
788 1371 914 1435 dicitur.
961 1372 1064 1434 Porro
1079 1370 1111 1432 in
1126 1369 1212 1433 notis
1231 1369 1387 1454 postumis
1405 1369 1448 1433 ad

347 1472 522 1558 lgrratium
537 1474 639 1558 Epist.
654 1473 699 1536 ad
715 1473 909 1554 Ptihrdclpt.
934 1479 957 1554 ς.
978 1494 1008 1558 9.
1028 1474 1140 1537 endem
1159 1472 1275 1556 posuit,
1304 1472 1364 1534 hoc
1388 1471 1446 1535 nd-

340 1573 440 1658 jecto,
456 1583 477 1611 “
492 1574 566 1660 Ipse
582 1584 632 1639 est
655 1574 708 1658 qui
723 1574 827 1659 aperit
841 1575 949 1638 ostium
965 1574 1063 1638 verbi.
1090 1593 1108 1639 2
1124 1572 1198 1638 Cor.
1214 1572 1245 1635 ii.
1261 1590 1310 1635 12.
1327 1570 1446 1637 coloss.

347 1685 366 1711 ‘⁶
381 1676 422 1739 iv.
447 1696 478 1760 3.
512 1678 613 1760 Apoc.
641 1675 683 1738 iii.
705 1677 735 1739 8.
769 1678 916 1757 triponis
941 1676 1080 1751 πύστεως,
1106 1676 1179 1738 Act.
1199 1674 1260 1737 xiv.
1278 1674 1351 1755 273³
1395 1673 1448 1739 Sic

348 1778 549 1842 Pearsonius.
588 1777 633 1841 Et
645 1799 719 1841 vero
734 1777 991 1862 responsionibus
1006 1776 1029 1838 J
1031 1777 1132 1840 accho
1147 1775 1199 1838 hic
1214 1781 1248 1838 et
1258 1774 1341 1838 inira
1355 1775 1448 1839 attri-

346 1880 434 1943 butis
459 1879 657 1963 significatur
678 1879 702 1942 J
704 1901 776 1943 esus
798 1879 865 1962 ipse
888 1880 906 1958 ἡ
930 1880 1005 1959 θύρα
1028 1883 1080 1940 τοῦ
1105 1875 1206 1954 Ἰησοῦ
1229 1875 1267 1938 iis
1290 1875 1367 1939 iocis
1389 1897 1447 1961 ap·

346 1981 467 2065 pellari.
513 1981 757 2045 Sciscitantibus
782 1980 866 2044 enim
891 1979 1023 2055 Jndaeis,
1049 1981 1093 2044 τίς
1117 1979 1135 2057 ἡ
1158 1980 1232 2059 θύρα
1257 1982 1310 2040 τοῦ
1333 1978 1448 2054 Ἰησοῦ,

344 2083 423 2167 quid
440 2084 481 2146 sit
502 2084 610 2146 onium
624 2085 708 2159 Jcsu,
724 2082 769 2145 sic
784 2088 928 2145 vertente
943 2087 1051 2144 vetere
1071 2079 1246 2162 interprete
1261 2078 1389 2156 Rufino,
1399 2099 1448 2142 re-

344 2187 481 2269 spondet
503 2187 551 2249 vir
574 2193 713 2262 sanctus,
734 2189 838 2248 τοῦτον
862 2185 939 2248 εἶναι
965 2187 1092 2264 σωτῆρα.
1141 2183 1245 2245 Immo
1271 2181 1449 2267 posteriore

346 2295 490 2374 tempore
506 2289 607 2352 eidem
625 2285 794 2371 quaestioni
819 2285 947 2370 regerit,
973 2284 1003 2347 ri
1025 2309 1062 2363 με
1082 2286 1249 2364 inoperire
1265 2283 1335 2363 περὶ
1348 2285 1448 2362 Ἰησοῦ

345 2395 398 2451 τοῦ
415 2391 479 2451 υἱοῦ
495 2390 662 2469 ἀνθρώπου,
680 2389 728 2451 καὶ
742 2387 831 2454 αὐτὸς
846 2386 969 2464 κάθηται
990 2387 1045 2447 &a
1093 2385 1148 2447 Ita
1174 2383 1305 2447 Hermae
1325 2385 1447 2460 Pastor,

346 2489 389 2552 iii.
403 2511 534 2572 serm.9.
547 2497 580 2554 st
593 2509 640 2553 12.
649 2499 741 2574 petro
752 2489 817 2551 taec
826 2496 861 2552 et
870 2494 966 2572 porta
977 2487 1083 2551 Fitius
1092 2487 1154 2551 Dei
1165 2494 1225 2549 est.
1256 2484 1302 2550 Et
1311 2485 1344 2547 in
1355 2485 1449 2550 Clavi

343 2591 398 2654 ille
413 2593 584 2675 Scriptum
604 2590 743 2653 nondum
760 2589 857 2666 edita,
874 2590 964 2673 cujus
986 2596 1062 2653 ante
1083 2588 1277 2652 mentionem
1298 2586 1358 2650 ieci
1372 2608 1446 2671 pag.

350 2711 420 2769 14¹·
439 2691 586 2755 Melitoni
601 2691 771 2775 adscripta,
786 2691 1109 2774 interpretamentum
1125 2688 1186 2752 hoo
1205 2695 1314 2752 extat:
1338 2690 1447 2766 Portu,

349 2794 498 2871 Christus,
512 2793 656 2878 callides.
701 2793 745 2855 In
767 2791 893 2857 Psalmo
906 2816 922 2866 ,·
943 2793 1021 2856 Ecce
1036 2799 1132 2876 portu
1155 2790 1291 2864 Domini,
1300 2789 1380 2873 justi
1401 2788 1448 2853 irs-

346 2895 470 2959 trabunt
492 2897 528 2958 in
548 2916 623 2958 eam.
668 2893 883 2958 Tertullianus
910 2916 1036 2979 quoque
1061 2893 1115 2956 lib.
1138 2892 1181 2955 iii.
1205 2892 1277 2955 cdv.
1293 2890 1448 2955 Marcion.

346 2996 509 3061 Christum
530 2996 671 3081 ternplum
692 2997 757 3060 Dei
778 3005 808 3060 st
828 3003 956 3081 portam
975 2996 1101 3060 eusdem
1116 3016 1184 3058 esse
1199 2993 1286 3058 dicit.
1333 2994 1448 3058 Potest

346 3099 445 3183 igitur
469 3099 603 3184 phrasis,
636 3098 687 3162 cui
711 3100 824 3164 Graeca
867 3099 934 3161 haeo
969 3097 1172 3181 respondent,
1199 3094 1322 3159 Judaeis
1350 3100 1449 3178 atque

347 3199 696 3264 HebraeoChristianis
722 3198 885 3264 familiaris
909 3199 1030 3271 inisse3
1055 3206 1151 3282 prout
1173 3218 1277 3261 nomes
1302 3196 1367 3260 Dei
1389 3217 1449 3282 pro

348 3301 418 3365 Deo
441 3302 511 3386 ipso
537 3301 569 3364 in
593 3304 624 3365 S.
645 3301 811 3386 Scriptura
837 3301 953 3386 saepius
976 3299 1121 3364 adhiberi
1143 3299 1270 3363 dicitur.
1318 3296 1449 3362 Necnon

348 3404 573 3467 conserendum
603 3411 653 3468 est
679 3403 767 3467 istud
795 3404 814 3481 ἡ
841 3405 915 3483 θύρα
944 3408 997 3466 τοῦ
1019 3402 1120 3481 Ἰησοῦ
1141 3424 1213 3466 cnm
1234 3401 1449 3466 consimilibus

347 3505 529 3569 Homericis
553 3507 607 3585 βίη
631 3503 797 3585 Ἡρακλείη
821 3512 855 3568 et
875 3503 1033 3587 Ἰφικλείη.
1079 3503 1142 3567 His
1168 3504 1296 3589 insuper
1320 3504 1448 3582 addam,

347 3609 492 3672 attulisse
524 3606 702 3692 Hegesippi
730 3607 813 3669 hunc
845 3605 948 3670 locum
982 3606 1155 3670 Eusebium
1182 3606 1215 3669 in
1244 3606 1297 3669 lib.
1322 3627 1449 3690 quoque

349 3709 392 3772 iii.
417 3711 621 3772 Dcmmcstrct.
647 3709 769 3793 Ευουρ.
796 3730 865 3793 cap.
880 3724 909 3789 7.
933 3716 1032 3791 atque
1063 3708 1107 3771 ibi
1132 3708 1324 3792 interrogari
1354 3710 1450 3771 Jaco-

348 3811 434 3887 bum,
458 3812 526 3873 τίνα
547 3812 615 3892 περὶ
635 3816 687 3874 τοῦ
701 3809 804 3889 Ἰησοῦ
828 3811 893 3892 ἔχοι
915 3811 1015 3887 δόξαν,
1037 3831 1095 3893 pro
1115 3809 1188 3884 illis,
1204 3811 1249 3874 τίς
1268 3810 1286 3887 ἦ
1302 3811 1376 3887 θύρα
1397 3813 1449 3871 τοῦ

345 3911 447 3989 Ἰησοῦ
459 3936 468 3986 ;
492 3911 543 3974 Ibi
558 3934 633 3975 vero
648 3911 783 3975 historia
798 3911 901 3974 tribus
916 3910 1033 3987 verbis,
1048 3918 1085 3974 ut
1099 3910 1148 3973 its
1161 3909 1275 3985 dicam,
1288 3914 1448 3986 narratur,

348 4014 396 4076 vel
419 4012 526 4097 potius
551 4011 719 4076 indicatur.
764 4011 929 4075 Conferet
946 4012 1200 4075 Oommcmaricm
1211 4011 1328 4072 Iterum
1340 4007 1451 4073 Jacobs·

346 4117 476 4181 Fratres
489 4114 618 4176 Domini
629 4135 650 4176 a
665 4112 856 4176 Ocmbefisio
866 4113 898 4175 in
913 4113 1065 4175 Auctoris
1079 4132 1137 4174 suo
1152 4112 1222 4174 ΡΡ.
1237 4109 1339 4173 Paris.
1355 4112 1449 4191 1672.

345 4220 441 4292 edito,
457 4241 488 4303 p.
499 4232 574 4301 525.
590 4216 680 4300 cujus
691 4214 912 4278 commentarii
923 4221 1039 4277 auctor
1050 4211 1292 4297 Metaphrastes
1302 4216 1450 4275 censetur

345 4322 452 4384 fuisse.
507 4319 565 4382 Καὶ
588 4318 684 4397 μέσον
711 4316 842 4399 (inquit)
868 4318 982 4379 ἑαυτῶν
1001 4316 1211 4393 ἀπολαβόντες
1234 4312 1287 4376 τὸν
1311 4314 1447 4386 Δίκαιον,

345 4423 471 4501 ἄρνησιν
485 4423 536 4498 τῆς
552 4421 595 4485 εἰς
609 4418 662 4481 τὸν
676 4416 809 4498 Χριστὸν
826 4418 956 4482 πίστεως
976 4417 1026 4478 ἐπὶ
1039 4414 1151 4480 παντὸς
1165 4418 1217 4477 τοῦ
1236 4418 1313 4477 λαοῦ
1328 4411 1449 4491 ἐζήτουν

346 4523 447 4599 αὐτὸν,
485 4521 531 4584 καὶ
573 4518 640 4600 παρ’
676 4519 765 4582 αὐτοῦ
798 4517 1013 4595 ἐπυνθάνοντο,
1044 4519 1089 4582 τίς
1123 4518 1206 4579 ἐστιν
1239 4516 1258 4593 ἡ
1293 4516 1368 4595 θύρα
1396 4519 1451 4579 τοῦ

343 4622 454 4701 Ἰησοῦ,
470 4625 487 4685 ὁ
510 4625 542 4685 δὲ
566 4622 790 4687 Δίκαιος-
804 4620 921 4683 δικαίαν
937 4620 985 4683 καὶ
999 4618 1054 4698 τὴν
1072 4618 1176 4699 φωνην
1197 4619 1328 4682 δίδωσιν·
1352 4617 1449 4685 Οὗτος

346 4728 422 4797 ἐστι,
460 4723 571 4805 λέγων,
606 4720 623 4785 ὁ
656 4722 721 4789 υἱὸς
753 4727 805 4785 τοῦ
839 4725 923 4786 Θεοῦ
957 4722 1074 4799 Ἰησοῦς
1107 4720 1245 4801 Χριστός.
1308 4719 1364 4782 Ita
1396 4716 1448 4781 illo

827 4848 848 4886 n
864 4825 921 4887 h2
