<?xml version="1.0" encoding="UTF-8"?>
<!DOCTYPE html PUBLIC "-//W3C//DTD XHTML 1.0 Transitional//EN"
    "http://www.w3.org/TR/xhtml1/DTD/xhtml1-transitional.dtd">
<html xmlns="http://www.w3.org/1999/xhtml" xml:lang="en" lang="en">
 <head>
  <title>
</title>
<meta http-equiv="Content-Type" content="text/html;charset=utf-8" />
  <meta name='ocr-system' content='tesseract 3.04.00' />
  <meta name='ocr-capabilities' content='ocr_page ocr_carea ocr_par ocr_line ocrx_word'/>
</head>
<body>
  <div class='ocr_page' id='page_1' title='image "./reliquiaesacrae07routgoog_0376.png"; bbox 0 0 3809 5650; ppageno 0'>
   <div class='ocr_carea' id='block_1_1' title="bbox 489 693 1446 767">
    <p class='ocr_par' dir='ltr' id='par_1_1' title="bbox 489 693 1446 767">
     <span class='ocr_line' id='line_1_1' title="bbox 489 693 1446 767; baseline 0.01 -10"><span class='ocrx_word' id='word_1_1' title='bbox 489 694 709 759; x_wconf 82' lang='lat' dir='ltr'>EPISTOLA</span> <span class='ocrx_word' id='word_1_2' title='bbox 735 693 1062 758; x_wconf 82' lang='lat' dir='ltr'>VlENNENSlUM</span> <span class='ocrx_word' id='word_1_3' title='bbox 1088 694 1145 758; x_wconf 89' lang='grc' dir='ltr'>ΕΤ</span> <span class='ocrx_word' id='word_1_4' title='bbox 1168 694 1305 761; x_wconf 82' lang='lat' dir='ltr'>LUGD.</span> <span class='ocrx_word' id='word_1_5' title='bbox 1381 698 1446 767; x_wconf 79' lang='grc'>309</span> 
     </span>
    </p>
   </div>
   <div class='ocr_carea' id='block_1_2' title="bbox 346 852 1446 1092">
    <p class='ocr_par' dir='ltr' id='par_1_2' title="bbox 346 852 1446 1092">
     <span class='ocr_line' id='line_1_2' title="bbox 346 852 1446 958; baseline 0.005 -24"><span class='ocrx_word' id='word_1_6' title='bbox 346 858 627 958; x_wconf 83' lang='grc' dir='ltr'>ἐστηρίχθήσαν·</span> <span class='ocrx_word' id='word_1_7' title='bbox 677 858 735 933; x_wconf 80' lang='grc' dir='ltr'>καὶ</span> <span class='ocrx_word' id='word_1_8' title='bbox 773 861 805 933; x_wconf 85' lang='grc' dir='ltr'>οἱ</span> <span class='ocrx_word' id='word_1_9' title='bbox 843 852 1187 953; x_wconf 63' lang='grc' dir='ltr'>συλλαμβανόμενοι</span> <span class='ocrx_word' id='word_1_10' title='bbox 1224 854 1446 939; x_wconf 86' lang='grc' dir='ltr'>ἀδιστάκτως</span> 
     </span>
     <span class='ocr_line' id='line_1_3' title="bbox 347 988 1444 1092; baseline 0.002 -24"><span class='ocrx_word' id='word_1_11' title='bbox 347 988 568 1089; x_wconf 82' lang='grc' dir='ltr'>ὡμολόγουν,</span> <span class='ocrx_word' id='word_1_12' title='bbox 587 988 676 1087; x_wconf 76' lang='grc' dir='ltr'>μηδὲ</span> <span class='ocrx_word' id='word_1_13' title='bbox 694 989 830 1067; x_wconf 81' lang='grc' dir='ltr'>ἔννοιαν</span> <span class='ocrx_word' id='word_1_14' title='bbox 856 989 996 1092; x_wconf 78' lang='grc' dir='ltr'>ἔχοντες</span> <span class='ocrx_word' id='word_1_15' title='bbox 1021 994 1228 1083; x_wconf 84' lang='grc' dir='ltr'>διαβολικοῦ</span> <span class='ocrx_word' id='word_1_16' title='bbox 1253 997 1444 1090; x_wconf 82' lang='grc' dir='ltr'>λογισμοῦ.</span> 
     </span>
    </p>
   </div>
   <div class='ocr_carea' id='block_1_3' title="bbox 348 1121 1447 1313">
    <p class='ocr_par' dir='ltr' id='par_1_3' title="bbox 348 1121 1447 1313">
     <span class='ocr_line' id='line_1_4' title="bbox 391 1121 1447 1207; baseline 0.005 -21"><span class='ocrx_word' id='word_1_17' title='bbox 391 1122 439 1186; x_wconf 79' lang='grc' dir='ltr'>ια’.</span> <span class='ocrx_word' id='word_1_18' title='bbox 462 1125 585 1189; x_wconf 81' lang='grc' dir='ltr'>Τούτοις</span> <span class='ocrx_word' id='word_1_19' title='bbox 606 1121 717 1201; x_wconf 77' lang='grc' dir='ltr'>μεταξὺ</span> <span class='ocrx_word' id='word_1_20' title='bbox 738 1125 804 1185; x_wconf 75' lang='grc' dir='ltr'>τινὰ</span> <span class='ocrx_word' id='word_1_21' title='bbox 829 1124 1011 1198; x_wconf 76' lang='grc' dir='ltr'>ἐπειπόντες,</span> <span class='ocrx_word' id='word_1_22' title='bbox 1037 1128 1199 1201; x_wconf 77' lang='lat' dir='ltr'>(Eusebius</span> <span class='ocrx_word' id='word_1_23' title='bbox 1225 1129 1335 1207; x_wconf 86' lang='lat' dir='ltr'>inquit)</span> <span class='ocrx_word' id='word_1_24' title='bbox 1363 1124 1447 1191; x_wconf 77' lang='grc' dir='ltr'>αὖθις</span> 
     </span>
     <span class='ocr_line' id='line_1_5' title="bbox 348 1232 534 1313; baseline -0.005 -18"><span class='ocrx_word' id='word_1_25' title='bbox 348 1232 534 1313; x_wconf 66' lang='grc' dir='ltr'>ἐπιφέρουσι.</span> 
     </span>
    </p>
   </div>
   <div class='ocr_carea' id='block_1_4' title="bbox 304 1340 1447 2252">
    <p class='ocr_par' dir='ltr' id='par_1_4' title="bbox 304 1340 1447 2252">
     <span class='ocr_line' id='line_1_6' title="bbox 319 1340 1447 1447; baseline 0.001 -26"><span class='ocrx_word' id='word_1_26' title='bbox 319 1371 335 1427; x_wconf 85' lang='grc'>5</span> <span class='ocrx_word' id='word_1_27' title='bbox 405 1342 510 1421; x_wconf 87' lang='grc' dir='ltr'>Μετά</span> <span class='ocrx_word' id='word_1_28' title='bbox 538 1350 650 1420; x_wconf 83' lang='grc' dir='ltr'>ταῦτα</span> <span class='ocrx_word' id='word_1_29' title='bbox 677 1341 720 1439; x_wconf 82' lang='grc' dir='ltr'>δή</span> <span class='ocrx_word' id='word_1_30' title='bbox 754 1341 882 1419; x_wconf 86' lang='grc' dir='ltr'>λοιπὸν</span> <span class='ocrx_word' id='word_1_31' title='bbox 914 1348 963 1423; x_wconf 77' lang='grc' dir='ltr'>εἷς</span> <span class='ocrx_word' id='word_1_32' title='bbox 990 1348 1063 1420; x_wconf 83' lang='grc' dir='ltr'>πᾶν</span> <span class='ocrx_word' id='word_1_33' title='bbox 1096 1340 1186 1425; x_wconf 78' lang='grc' dir='ltr'>εἶδος</span> <span class='ocrx_word' id='word_1_34' title='bbox 1220 1347 1370 1447; x_wconf 80' lang='grc' dir='ltr'>διῃρεῖτο</span> <span class='ocrx_word' id='word_1_35' title='bbox 1400 1340 1447 1422; x_wconf 86' lang='grc' dir='ltr'>τά</span> 
     </span>
     <span class='ocr_line' id='line_1_7' title="bbox 346 1473 1445 1580; baseline 0.002 -28"><span class='ocrx_word' id='word_1_36' title='bbox 346 1475 521 1577; x_wconf 82' lang='grc' dir='ltr'>μαρτύρια</span> <span class='ocrx_word' id='word_1_37' title='bbox 549 1480 612 1573; x_wconf 85' lang='grc' dir='ltr'>τῆς</span> <span class='ocrx_word' id='word_1_38' title='bbox 646 1481 718 1569; x_wconf 88' lang='lat' dir='ltr'>(for.</span> <span class='ocrx_word' id='word_1_39' title='bbox 743 1493 791 1553; x_wconf 79' lang='grc' dir='ltr'>διὰ</span> <span class='ocrx_word' id='word_1_40' title='bbox 812 1493 872 1567; x_wconf 79' lang='grc' dir='ltr'>τῆς,</span> <span class='ocrx_word' id='word_1_41' title='bbox 889 1490 951 1552; x_wconf 88' lang='lat' dir='ltr'>vid.</span> <span class='ocrx_word' id='word_1_42' title='bbox 968 1484 1051 1580; x_wconf 87' lang='lat' dir='ltr'>not.)</span> <span class='ocrx_word' id='word_1_43' title='bbox 1084 1473 1209 1580; x_wconf 77' lang='grc' dir='ltr'>ἐξόδου</span> <span class='ocrx_word' id='word_1_44' title='bbox 1236 1478 1363 1554; x_wconf 80' lang='grc' dir='ltr'>αὐτῶν.</span> <span class='ocrx_word' id='word_1_45' title='bbox 1406 1479 1445 1554; x_wconf 80' lang='grc' dir='ltr'>ἐκ</span> 
     </span>
     <span class='ocr_line' id='line_1_8' title="bbox 347 1610 1446 1715; baseline -0.002 -26"><span class='ocrx_word' id='word_1_46' title='bbox 347 1610 528 1715; x_wconf 88' lang='grc' dir='ltr'>διαφόρων</span> <span class='ocrx_word' id='word_1_47' title='bbox 565 1611 636 1713; x_wconf 81' lang='grc' dir='ltr'>γὰρ</span> <span class='ocrx_word' id='word_1_48' title='bbox 672 1610 871 1713; x_wconf 83' lang='grc' dir='ltr'>χρωμάτων</span> <span class='ocrx_word' id='word_1_49' title='bbox 908 1614 967 1689; x_wconf 79' lang='grc' dir='ltr'>καὶ</span> <span class='ocrx_word' id='word_1_50' title='bbox 1003 1612 1181 1690; x_wconf 83' lang='grc' dir='ltr'>παντοίων</span> <span class='ocrx_word' id='word_1_51' title='bbox 1223 1614 1342 1690; x_wconf 83' lang='grc' dir='ltr'>ἀνθῶν</span> <span class='ocrx_word' id='word_1_52' title='bbox 1385 1612 1446 1689; x_wconf 78' lang='grc' dir='ltr'>ἕνα</span> 
     </span>
     <span class='ocr_line' id='line_1_9' title="bbox 346 1741 1446 1850; baseline 0.002 -27"><span class='ocrx_word' id='word_1_53' title='bbox 346 1744 544 1850; x_wconf 74' lang='grc' dir='ltr'>πλέξαντες</span> <span class='ocrx_word' id='word_1_54' title='bbox 579 1743 772 1847; x_wconf 73' lang='grc' dir='ltr'>στέφανον,</span> <span class='ocrx_word' id='word_1_55' title='bbox 805 1741 1057 1846; x_wconf 82' lang='grc' dir='ltr'>προσήνεγκαν</span> <span class='ocrx_word' id='word_1_56' title='bbox 1094 1749 1146 1848; x_wconf 75' lang='grc' dir='ltr'>τῷ</span> <span class='ocrx_word' id='word_1_57' title='bbox 1176 1745 1295 1845; x_wconf 86' lang='grc' dir='ltr'>πατρί.</span> <span class='ocrx_word' id='word_1_58' title='bbox 1338 1747 1446 1849; x_wconf 79' lang='grc' dir='ltr'>ἐχρῆν</span> 
     </span>
     <span class='ocr_line' id='line_1_10' title="bbox 347 1875 1446 1978; baseline 0.005 -23"><span class='ocrx_word' id='word_1_59' title='bbox 347 1885 435 1978; x_wconf 85' lang='grc' dir='ltr'>γοῦν</span> <span class='ocrx_word' id='word_1_60' title='bbox 467 1876 548 1959; x_wconf 80' lang='grc' dir='ltr'>τοὺς</span> <span class='ocrx_word' id='word_1_61' title='bbox 581 1878 760 1978; x_wconf 77' lang='grc' dir='ltr'>γενναίους</span> <span class='ocrx_word' id='word_1_62' title='bbox 793 1876 964 1975; x_wconf 83' lang='grc' dir='ltr'>ἀθλητὰς,</span> <span class='ocrx_word' id='word_1_63' title='bbox 994 1875 1158 1956; x_wconf 86' lang='grc' dir='ltr'>ποικίλον</span> <span class='ocrx_word' id='word_1_64' title='bbox 1191 1877 1446 1974; x_wconf 80' lang='grc' dir='ltr'>ὑπομείναντας</span> 
     </span>
     <span class='ocr_line' id='line_1_11' title="bbox 304 2009 1447 2113; baseline 0.004 -27"><span class='ocrx_word' id='word_1_65' title='bbox 304 2014 471 2113; x_wconf 85' lang='grc' dir='ltr'>ιοάγῶνα</span> <span class='ocrx_word' id='word_1_66' title='bbox 499 2016 557 2091; x_wconf 80' lang='grc' dir='ltr'>καὶ</span> <span class='ocrx_word' id='word_1_67' title='bbox 581 2010 749 2113; x_wconf 76' lang='grc' dir='ltr'>μεγάλως</span> <span class='ocrx_word' id='word_1_68' title='bbox 777 2009 1002 2110; x_wconf 78' lang='grc' dir='ltr'>νικήσαντας,</span> <span class='ocrx_word' id='word_1_69' title='bbox 1021 2015 1221 2106; x_wconf 83' lang='grc' dir='ltr'>ἀπολαβεῖν</span> <span class='ocrx_word' id='word_1_70' title='bbox 1244 2010 1308 2089; x_wconf 83' lang='grc' dir='ltr'>τόν</span> <span class='ocrx_word' id='word_1_71' title='bbox 1331 2011 1447 2113; x_wconf 69' lang='grc' dir='ltr'>μέγαν</span> 
     </span>
     <span class='ocr_line' id='line_1_12' title="bbox 347 2144 1447 2252; baseline -0.002 -24"><span class='ocrx_word' id='word_1_72' title='bbox 347 2151 412 2246; x_wconf 80' lang='grc' dir='ltr'>τῆς</span> <span class='ocrx_word' id='word_1_73' title='bbox 438 2148 645 2252; x_wconf 83' lang='grc' dir='ltr'>ἀφθαρσίας</span> <span class='ocrx_word' id='word_1_74' title='bbox 673 2145 866 2250; x_wconf 74' lang='grc' dir='ltr'>στέφανον.</span> <span class='ocrx_word' id='word_1_75' title='bbox 898 2148 918 2223; x_wconf 97' lang='lat'><em>5</em></span> <span class='ocrx_word' id='word_1_76' title='bbox 944 2144 1010 2244; x_wconf 76' lang='grc' dir='ltr'>μὲν</span> <span class='ocrx_word' id='word_1_77' title='bbox 1038 2147 1099 2224; x_wconf 78' lang='grc' dir='ltr'>οὖν</span> <span class='ocrx_word' id='word_1_78' title='bbox 1120 2144 1312 2249; x_wconf 90' lang='grc' dir='ltr'>Μάτουρος</span> <span class='ocrx_word' id='word_1_79' title='bbox 1340 2150 1398 2226; x_wconf 82' lang='grc' dir='ltr'>καὶ</span> <span class='ocrx_word' id='word_1_80' title='bbox 1427 2149 1447 2226; x_wconf 92' lang='lat'><em>5</em></span> 
     </span>
    </p>
   </div>
   <div class='ocr_carea' id='block_1_5' title="bbox 350 2274 1448 2381">
    <p class='ocr_par' dir='ltr' id='par_1_5' title="bbox 350 2274 1448 2381">
     <span class='ocr_line' id='line_1_13' title="bbox 350 2274 1448 2381; baseline 0.001 -24"><span class='ocrx_word' id='word_1_81' title='bbox 350 2274 512 2379; x_wconf 83' lang='grc' dir='ltr'>Σάγκτος</span> <span class='ocrx_word' id='word_1_82' title='bbox 538 2282 595 2357; x_wconf 79' lang='grc' dir='ltr'>καὶ</span> <span class='ocrx_word' id='word_1_83' title='bbox 619 2279 642 2377; x_wconf 82' lang='grc' dir='ltr'><em>ἡ</em></span> <span class='ocrx_word' id='word_1_84' title='bbox 668 2281 851 2358; x_wconf 86' lang='grc' dir='ltr'>Βλανδίνα</span> <span class='ocrx_word' id='word_1_85' title='bbox 878 2282 935 2358; x_wconf 80' lang='grc' dir='ltr'>καὶ</span> <span class='ocrx_word' id='word_1_86' title='bbox 948 2277 1133 2361; x_wconf 78' lang='grc' dir='ltr'>Ἀτταλος</span> <span class='ocrx_word' id='word_1_87' title='bbox 1158 2280 1291 2381; x_wconf 77' lang='grc' dir='ltr'>ἤγοντο</span> <span class='ocrx_word' id='word_1_88' title='bbox 1318 2282 1375 2359; x_wconf 80' lang='grc' dir='ltr'>ἐπὶ</span> <span class='ocrx_word' id='word_1_89' title='bbox 1402 2278 1448 2358; x_wconf 80' lang='lat' dir='ltr'>rol</span> 
     </span>
    </p>
   </div>
   <div class='ocr_carea' id='block_1_6' title="bbox 350 2410 1450 2514">
    <p class='ocr_par' dir='ltr' id='par_1_6' title="bbox 350 2410 1450 2514">
     <span class='ocr_line' id='line_1_14' title="bbox 350 2410 1450 2514; baseline 0.006 -26"><span class='ocrx_word' id='word_1_90' title='bbox 350 2413 454 2514; x_wconf 82' lang='grc' dir='ltr'>θηρία</span> <span class='ocrx_word' id='word_1_91' title='bbox 473 2417 521 2495; x_wconf 78' lang='grc' dir='ltr'>εἰς</span> <span class='ocrx_word' id='word_1_92' title='bbox 540 2412 581 2490; x_wconf 85' lang='grc' dir='ltr'>τὸ</span> <span class='ocrx_word' id='word_1_93' title='bbox 601 2411 784 2510; x_wconf 81' lang='grc' dir='ltr'>δημόσιον,</span> <span class='ocrx_word' id='word_1_94' title='bbox 801 2416 859 2491; x_wconf 80' lang='grc' dir='ltr'>καὶ</span> <span class='ocrx_word' id='word_1_95' title='bbox 878 2419 924 2495; x_wconf 81' lang='grc' dir='ltr'>εἰς</span> <span class='ocrx_word' id='word_1_96' title='bbox 949 2410 991 2491; x_wconf 81' lang='grc' dir='ltr'>τὸ</span> <span class='ocrx_word' id='word_1_97' title='bbox 1017 2411 1135 2491; x_wconf 84' lang='grc' dir='ltr'>κοινὸν</span> <span class='ocrx_word' id='word_1_98' title='bbox 1153 2419 1224 2491; x_wconf 83' lang='grc' dir='ltr'>τῶν</span> <span class='ocrx_word' id='word_1_99' title='bbox 1250 2415 1361 2492; x_wconf 80' lang='grc' dir='ltr'>ἐθνῶν</span> <span class='ocrx_word' id='word_1_100' title='bbox 1385 2417 1450 2511; x_wconf 76' lang='grc' dir='ltr'>τῆς</span> 
     </span>
    </p>
   </div>
   <div class='ocr_carea' id='block_1_7' title="bbox 304 2545 1452 3179">
    <p class='ocr_par' dir='ltr' id='par_1_7' title="bbox 304 2545 1452 3179">
     <span class='ocr_line' id='line_1_15' title="bbox 349 2545 1449 2648; baseline 0.002 -26"><span class='ocrx_word' id='word_1_101' title='bbox 349 2545 605 2645; x_wconf 83' lang='grc' dir='ltr'>ἀπανθρωπίας</span> <span class='ocrx_word' id='word_1_102' title='bbox 639 2545 764 2641; x_wconf 86' lang='grc' dir='ltr'>θεάμα·</span> <span class='ocrx_word' id='word_1_103' title='bbox 806 2547 964 2644; x_wconf 82' lang='grc' dir='ltr'>ἐπίτηδες</span> <span class='ocrx_word' id='word_1_104' title='bbox 996 2550 1060 2643; x_wconf 83' lang='grc' dir='ltr'>τῆς</span> <span class='ocrx_word' id='word_1_105' title='bbox 1097 2552 1169 2624; x_wconf 81' lang='grc' dir='ltr'>τῶν</span> <span class='ocrx_word' id='word_1_106' title='bbox 1208 2552 1449 2648; x_wconf 83' lang='grc' dir='ltr'>θηριομαχιῶν</span> 
     </span>
     <span class='ocr_line' id='line_1_16' title="bbox 306 2674 1445 2779; baseline 0.003 -26"><span class='ocrx_word' id='word_1_107' title='bbox 306 2677 484 2778; x_wconf 79' lang='grc' dir='ltr'>ι5ήμέρας</span> <span class='ocrx_word' id='word_1_108' title='bbox 503 2676 561 2756; x_wconf 82' lang='grc' dir='ltr'>διὰ</span> <span class='ocrx_word' id='word_1_109' title='bbox 587 2674 668 2759; x_wconf 80' lang='grc' dir='ltr'>τοὺς</span> <span class='ocrx_word' id='word_1_110' title='bbox 698 2677 884 2779; x_wconf 78' lang='grc' dir='ltr'>ἡμετέρους</span> <span class='ocrx_word' id='word_1_111' title='bbox 912 2679 1104 2777; x_wconf 72' lang='grc' dir='ltr'>διδομένης.</span> <span class='ocrx_word' id='word_1_112' title='bbox 1133 2681 1191 2755; x_wconf 79' lang='grc' dir='ltr'>καὶ</span> <span class='ocrx_word' id='word_1_113' title='bbox 1219 2679 1239 2754; x_wconf 88' lang='lat'><em>5</em></span> <span class='ocrx_word' id='word_1_114' title='bbox 1266 2677 1332 2776; x_wconf 76' lang='grc' dir='ltr'>μὲν</span> <span class='ocrx_word' id='word_1_115' title='bbox 1358 2678 1445 2756; x_wconf 85' lang='grc' dir='ltr'>Μά-</span> 
     </span>
     <span class='ocr_line' id='line_1_17' title="bbox 304 2809 1450 2920; baseline 0 -30"><span class='ocrx_word' id='word_1_116' title='bbox 304 2811 306 2814; x_wconf 34' lang='lat'><em>⁴</em></span> <span class='ocrx_word' id='word_1_117' title='bbox 350 2845 475 2911; x_wconf 90' lang='grc' dir='ltr'>τουρος</span> <span class='ocrx_word' id='word_1_118' title='bbox 494 2814 551 2890; x_wconf 82' lang='grc' dir='ltr'>καὶ</span> <span class='ocrx_word' id='word_1_119' title='bbox 570 2811 589 2888; x_wconf 93' lang='lat'><em>5</em></span> <span class='ocrx_word' id='word_1_120' title='bbox 609 2810 771 2911; x_wconf 84' lang='grc' dir='ltr'>Σάγκτος</span> <span class='ocrx_word' id='word_1_121' title='bbox 790 2812 890 2895; x_wconf 78' lang='grc' dir='ltr'>αὖθις</span> <span class='ocrx_word' id='word_1_122' title='bbox 908 2809 1057 2916; x_wconf 78' lang='grc' dir='ltr'>διήεσαν</span> <span class='ocrx_word' id='word_1_123' title='bbox 1076 2813 1114 2889; x_wconf 81' lang='grc' dir='ltr'>ἐν</span> <span class='ocrx_word' id='word_1_124' title='bbox 1140 2816 1191 2917; x_wconf 76' lang='grc' dir='ltr'>τῷ</span> <span class='ocrx_word' id='word_1_125' title='bbox 1219 2809 1450 2920; x_wconf 78' lang='grc' dir='ltr'>ἀμφιθεάτρῳ</span> 
     </span>
     <span class='ocr_line' id='line_1_18' title="bbox 352 2942 1449 3045; baseline 0.004 -23"><span class='ocrx_word' id='word_1_126' title='bbox 352 2944 410 3023; x_wconf 83' lang='grc' dir='ltr'>διὰ</span> <span class='ocrx_word' id='word_1_127' title='bbox 437 2943 559 3044; x_wconf 82' lang='grc' dir='ltr'>πάσης</span> <span class='ocrx_word' id='word_1_128' title='bbox 587 2944 781 3040; x_wconf 82' lang='grc' dir='ltr'>κολάσεως,</span> <span class='ocrx_word' id='word_1_129' title='bbox 810 2948 858 3027; x_wconf 85' lang='grc' dir='ltr'>ὡς</span> <span class='ocrx_word' id='word_1_130' title='bbox 885 2942 995 3044; x_wconf 76' lang='grc' dir='ltr'>μηδὲν</span> <span class='ocrx_word' id='word_1_131' title='bbox 1026 2945 1121 3027; x_wconf 81' lang='grc' dir='ltr'>ὅλως</span> <span class='ocrx_word' id='word_1_132' title='bbox 1153 2942 1449 3045; x_wconf 87' lang='grc' dir='ltr'>προπεπονθότες·</span> 
     </span>
     <span class='ocr_line' id='line_1_19' title="bbox 351 3074 1452 3179; baseline 0.001 -21"><span class='ocrx_word' id='word_1_133' title='bbox 351 3086 496 3178; x_wconf 81' lang='grc' dir='ltr'>μᾶλλον</span> <span class='ocrx_word' id='word_1_134' title='bbox 524 3078 562 3157; x_wconf 76' lang='grc' dir='ltr'>δὲ</span> <span class='ocrx_word' id='word_1_135' title='bbox 591 3082 638 3162; x_wconf 85' lang='grc' dir='ltr'>ὡς</span> <span class='ocrx_word' id='word_1_136' title='bbox 660 3077 720 3156; x_wconf 83' lang='grc' dir='ltr'>διὰ</span> <span class='ocrx_word' id='word_1_137' title='bbox 745 3077 921 3157; x_wconf 87' lang='grc' dir='ltr'>πλειόνων</span> <span class='ocrx_word' id='word_1_138' title='bbox 938 3079 1007 3177; x_wconf 84' lang='grc' dir='ltr'>ήδη</span> <span class='ocrx_word' id='word_1_139' title='bbox 1035 3074 1179 3179; x_wconf 79' lang='grc' dir='ltr'>κλήρων</span> <span class='ocrx_word' id='word_1_140' title='bbox 1207 3076 1452 3172; x_wconf 77' lang='grc' dir='ltr'>ἐκβεβιακότες</span> 
     </span>
    </p>
   </div>
   <div class='ocr_carea' id='block_1_8' title="bbox 352 3208 1452 3317">
    <p class='ocr_par' dir='ltr' id='par_1_8' title="bbox 352 3208 1452 3317">
     <span class='ocr_line' id='line_1_20' title="bbox 352 3208 1452 3317; baseline -0.003 -25"><span class='ocrx_word' id='word_1_141' title='bbox 352 3213 416 3292; x_wconf 83' lang='grc' dir='ltr'>τὸν</span> <span class='ocrx_word' id='word_1_142' title='bbox 434 3215 641 3309; x_wconf 84' lang='grc' dir='ltr'>ἀντίπαλον,</span> <span class='ocrx_word' id='word_1_143' title='bbox 661 3216 717 3291; x_wconf 74' lang='grc' dir='ltr'>καὶ</span> <span class='ocrx_word' id='word_1_144' title='bbox 737 3216 818 3315; x_wconf 80' lang='grc' dir='ltr'>περὶ</span> <span class='ocrx_word' id='word_1_145' title='bbox 835 3221 898 3292; x_wconf 85' lang='grc' dir='ltr'>τοῦ</span> <span class='ocrx_word' id='word_1_146' title='bbox 917 3211 1102 3317; x_wconf 86' lang='grc' dir='ltr'>στεφάνου</span> <span class='ocrx_word' id='word_1_147' title='bbox 1120 3213 1229 3291; x_wconf 84' lang='grc' dir='ltr'>αὐτοῦ</span> <span class='ocrx_word' id='word_1_148' title='bbox 1247 3208 1311 3289; x_wconf 78' lang='grc' dir='ltr'>τὸν</span> <span class='ocrx_word' id='word_1_149' title='bbox 1328 3214 1452 3312; x_wconf 83' lang='grc' dir='ltr'>ἀγῶνα</span> 
     </span>
    </p>
   </div>
   <div class='ocr_carea' id='block_1_9' title="bbox 304 3432 1453 4779">
    <p class='ocr_par' dir='ltr' id='par_1_9' title="bbox 306 3432 1453 3829">
     <span class='ocr_line' id='line_1_21' title="bbox 306 3432 1452 3513; baseline -0.003 -23"><span class='ocrx_word' id='word_1_150' title='bbox 306 3453 343 3492; x_wconf 87' lang='lat'>20</span> <span class='ocrx_word' id='word_1_151' title='bbox 353 3438 523 3513; x_wconf 87' lang='lat' dir='ltr'>contigerat,</span> <span class='ocrx_word' id='word_1_152' title='bbox 539 3437 563 3494; x_wconf 91' lang='lat' dir='ltr'>is</span> <span class='ocrx_word' id='word_1_153' title='bbox 577 3435 672 3494; x_wconf 80' lang='lat' dir='ltr'>statim</span> <span class='ocrx_word' id='word_1_154' title='bbox 692 3437 799 3512; x_wconf 80' lang='lat' dir='ltr'>absque</span> <span class='ocrx_word' id='word_1_155' title='bbox 818 3435 878 3494; x_wconf 85' lang='lat' dir='ltr'>ulls</span> <span class='ocrx_word' id='word_1_156' title='bbox 926 3435 1030 3493; x_wconf 84' lang='lat' dir='ltr'>torism</span> <span class='ocrx_word' id='word_1_157' title='bbox 1049 3432 1219 3501; x_wconf 83' lang='lat' dir='ltr'>retulerant,</span> <span class='ocrx_word' id='word_1_158' title='bbox 1234 3434 1376 3512; x_wconf 78' lang='lat' dir='ltr'>insignem</span> <span class='ocrx_word' id='word_1_159' title='bbox 1397 3435 1452 3493; x_wconf 91' lang='lat' dir='ltr'>im.</span> 
     </span>
     <span class='ocr_line' id='line_1_22' title="bbox 353 3514 1451 3593; baseline -0.002 -18"><span class='ocrx_word' id='word_1_160' title='bbox 353 3517 538 3575; x_wconf 82' lang='lat' dir='ltr'>cunctatione</span> <span class='ocrx_word' id='word_1_161' title='bbox 555 3515 756 3582; x_wconf 83' lang='lat' dir='ltr'>confitebatur,</span> <span class='ocrx_word' id='word_1_162' title='bbox 772 3536 809 3575; x_wconf 92' lang='lat' dir='ltr'>ne</span> <span class='ocrx_word' id='word_1_163' title='bbox 828 3536 876 3574; x_wconf 89' lang='lat' dir='ltr'>co·</span> <span class='ocrx_word' id='word_1_164' title='bbox 927 3515 1113 3573; x_wconf 76' lang='lat' dir='ltr'>mortalitatis</span> <span class='ocrx_word' id='word_1_165' title='bbox 1128 3533 1262 3572; x_wconf 82' lang='lat' dir='ltr'>coronam</span> <span class='ocrx_word' id='word_1_166' title='bbox 1276 3514 1451 3593; x_wconf 75' lang='lat' dir='ltr'>acciperent.</span> 
     </span>
     <span class='ocr_line' id='line_1_23' title="bbox 352 3593 1451 3674; baseline -0.001 -20"><span class='ocrx_word' id='word_1_167' title='bbox 352 3596 494 3674; x_wconf 81' lang='lat' dir='ltr'>gitatione</span> <span class='ocrx_word' id='word_1_168' title='bbox 502 3595 619 3671; x_wconf 89' lang='lat' dir='ltr'>quidem</span> <span class='ocrx_word' id='word_1_169' title='bbox 628 3606 715 3653; x_wconf 88' lang='lat' dir='ltr'>tenus</span> <span class='ocrx_word' id='word_1_170' title='bbox 723 3596 876 3654; x_wconf 90' lang='lat' dir='ltr'>consilium</span> <span class='ocrx_word' id='word_1_171' title='bbox 927 3595 1067 3652; x_wconf 85' lang='lat' dir='ltr'>Maturus</span> <span class='ocrx_word' id='word_1_172' title='bbox 1082 3594 1171 3671; x_wconf 90' lang='lat' dir='ltr'>igitur</span> <span class='ocrx_word' id='word_1_173' title='bbox 1190 3604 1220 3652; x_wconf 90' lang='lat' dir='ltr'>et</span> <span class='ocrx_word' id='word_1_174' title='bbox 1240 3593 1365 3652; x_wconf 81' lang='lat' dir='ltr'>Sanctus</span> <span class='ocrx_word' id='word_1_175' title='bbox 1385 3615 1451 3653; x_wconf 90' lang='lat' dir='ltr'>cum</span> 
     </span>
     <span class='ocr_line' id='line_1_24' title="bbox 353 3672 1453 3752; baseline 0 -20"><span class='ocrx_word' id='word_1_176' title='bbox 353 3696 386 3733; x_wconf 83' lang='lat' dir='ltr'>ac</span> <span class='ocrx_word' id='word_1_177' title='bbox 414 3676 627 3752; x_wconf 82' lang='lat' dir='ltr'>suggestionem</span> <span class='ocrx_word' id='word_1_178' title='bbox 650 3675 801 3732; x_wconf 80' lang='lat' dir='ltr'>Daemonis</span> <span class='ocrx_word' id='word_1_179' title='bbox 824 3674 875 3733; x_wconf 83' lang='lat' dir='ltr'>sd·</span> <span class='ocrx_word' id='word_1_180' title='bbox 929 3673 1074 3731; x_wconf 85' lang='lat' dir='ltr'>Blandins</span> <span class='ocrx_word' id='word_1_181' title='bbox 1096 3683 1126 3730; x_wconf 90' lang='lat' dir='ltr'>et</span> <span class='ocrx_word' id='word_1_182' title='bbox 1150 3672 1254 3731; x_wconf 80' lang='lat' dir='ltr'>Attalo</span> <span class='ocrx_word' id='word_1_183' title='bbox 1278 3672 1359 3731; x_wconf 91' lang='lat' dir='ltr'>ducti</span> <span class='ocrx_word' id='word_1_184' title='bbox 1382 3685 1453 3732; x_wconf 91' lang='lat' dir='ltr'>sunt</span> 
     </span>
     <span class='ocr_line' id='line_1_25' title="bbox 352 3752 1452 3829; baseline 0 -19"><span class='ocrx_word' id='word_1_185' title='bbox 352 3754 481 3812; x_wconf 88' lang='lat' dir='ltr'>mittens.</span> <span class='ocrx_word' id='word_1_186' title='bbox 927 3752 965 3810; x_wconf 82' lang='lat' dir='ltr'>sd</span> <span class='ocrx_word' id='word_1_187' title='bbox 980 3754 1085 3811; x_wconf 84' lang='lat' dir='ltr'>bestias</span> <span class='ocrx_word' id='word_1_188' title='bbox 1098 3752 1129 3808; x_wconf 92' lang='lat' dir='ltr'>in</span> <span class='ocrx_word' id='word_1_189' title='bbox 1143 3753 1399 3829; x_wconf 75' lang='lat' dir='ltr'>amphitheatrum.</span> <span class='ocrx_word' id='word_1_190' title='bbox 1415 3752 1452 3810; x_wconf 84' lang='lat' dir='ltr'>sd</span> 
     </span>
    </p>

    <p class='ocr_par' dir='ltr' id='par_1_10' title="bbox 306 3830 1452 3987">
     <span class='ocr_line' id='line_1_26' title="bbox 306 3830 1452 3918; baseline -0.01 -24"><span class='ocrx_word' id='word_1_191' title='bbox 306 3862 341 3918; x_wconf 80' lang='lat'>25</span> <span class='ocrx_word' id='word_1_192' title='bbox 390 3857 432 3894; x_wconf 89' lang='lat'>11.</span> <span class='ocrx_word' id='word_1_193' title='bbox 452 3840 546 3895; x_wconf 83' lang='lat' dir='ltr'>Paucis</span> <span class='ocrx_word' id='word_1_194' title='bbox 559 3840 654 3895; x_wconf 86' lang='lat' dir='ltr'>deinde</span> <span class='ocrx_word' id='word_1_195' title='bbox 665 3841 816 3912; x_wconf 75' lang='lat' dir='ltr'>interjectis,</span> <span class='ocrx_word' id='word_1_196' title='bbox 829 3842 877 3896; x_wconf 81' lang='lat' dir='ltr'>ite-</span> <span class='ocrx_word' id='word_1_197' title='bbox 928 3830 1277 3910; x_wconf 83' lang='lat' dir='ltr'>publicumspcctuculum</span> <span class='ocrx_word' id='word_1_198' title='bbox 1286 3831 1452 3889; x_wconf 76' lang='lat' dir='ltr'>inhumani.</span> 
     </span>
     <span class='ocr_line' id='line_1_27' title="bbox 352 3908 1452 3987; baseline 0.004 -24"><span class='ocrx_word' id='word_1_199' title='bbox 352 3909 482 3963; x_wconf 82' lang='lat' dir='ltr'>rumhaec</span> <span class='ocrx_word' id='word_1_200' title='bbox 495 3911 649 3981; x_wconf 87' lang='lat' dir='ltr'>subjiciunt.</span> <span class='ocrx_word' id='word_1_201' title='bbox 928 3912 997 3969; x_wconf 81' lang='lat' dir='ltr'>tetis</span> <span class='ocrx_word' id='word_1_202' title='bbox 1018 3910 1188 3987; x_wconf 80' lang='lat' dir='ltr'>gentilium:</span> <span class='ocrx_word' id='word_1_203' title='bbox 1212 3909 1334 3986; x_wconf 82' lang='lat' dir='ltr'>praebito</span> <span class='ocrx_word' id='word_1_204' title='bbox 1352 3908 1389 3967; x_wconf 88' lang='lat' dir='ltr'>de</span> <span class='ocrx_word' id='word_1_205' title='bbox 1407 3910 1452 3967; x_wconf 90' lang='lat' dir='ltr'>in·</span> 
     </span>
    </p>

    <p class='ocr_par' dir='ltr' id='par_1_11' title="bbox 353 3986 1452 4224">
     <span class='ocr_line' id='line_1_28' title="bbox 395 3986 1452 4067; baseline 0.002 -22"><span class='ocrx_word' id='word_1_206' title='bbox 395 3990 454 4046; x_wconf 89' lang='lat' dir='ltr'>His</span> <span class='ocrx_word' id='word_1_207' title='bbox 474 3991 515 4046; x_wconf 84' lang='lat' dir='ltr'>its</span> <span class='ocrx_word' id='word_1_208' title='bbox 535 3992 633 4067; x_wconf 86' lang='lat' dir='ltr'>gestis,</span> <span class='ocrx_word' id='word_1_209' title='bbox 656 3988 802 4063; x_wconf 91' lang='lat' dir='ltr'>inquiunt,</span> <span class='ocrx_word' id='word_1_210' title='bbox 827 3990 876 4048; x_wconf 86' lang='lat' dir='ltr'>de·</span> <span class='ocrx_word' id='word_1_211' title='bbox 928 3990 1040 4047; x_wconf 79' lang='lat' dir='ltr'>dustria</span> <span class='ocrx_word' id='word_1_212' title='bbox 1066 4008 1220 4045; x_wconf 89' lang='lat' dir='ltr'>munerum</span> <span class='ocrx_word' id='word_1_213' title='bbox 1254 3986 1302 4045; x_wconf 87' lang='lat' dir='ltr'>dic</span> <span class='ocrx_word' id='word_1_214' title='bbox 1332 3997 1452 4066; x_wconf 89' lang='lat' dir='ltr'>propter</span> 
     </span>
     <span class='ocr_line' id='line_1_29' title="bbox 353 4066 1451 4146; baseline -0.001 -22"><span class='ocrx_word' id='word_1_215' title='bbox 353 4068 453 4145; x_wconf 86' lang='lat' dir='ltr'>inceps</span> <span class='ocrx_word' id='word_1_216' title='bbox 471 4068 597 4145; x_wconf 88' lang='lat' dir='ltr'>ipsorum</span> <span class='ocrx_word' id='word_1_217' title='bbox 618 4070 755 4146; x_wconf 79' lang='lat' dir='ltr'>martyris</span> <span class='ocrx_word' id='word_1_218' title='bbox 776 4070 806 4126; x_wconf 92' lang='lat' dir='ltr'>in</span> <span class='ocrx_word' id='word_1_219' title='bbox 828 4091 877 4127; x_wconf 84' lang='lat' dir='ltr'>vs.</span> <span class='ocrx_word' id='word_1_220' title='bbox 928 4079 1051 4125; x_wconf 90' lang='lat' dir='ltr'>nostros.</span> <span class='ocrx_word' id='word_1_221' title='bbox 1096 4067 1137 4124; x_wconf 89' lang='lat' dir='ltr'>Et</span> <span class='ocrx_word' id='word_1_222' title='bbox 1168 4067 1306 4125; x_wconf 79' lang='lat' dir='ltr'>Maturus</span> <span class='ocrx_word' id='word_1_223' title='bbox 1333 4066 1451 4143; x_wconf 86' lang='lat' dir='ltr'>quidem</span> 
     </span>
     <span class='ocr_line' id='line_1_30' title="bbox 354 4146 1450 4224; baseline 0.002 -22"><span class='ocrx_word' id='word_1_224' title='bbox 354 4147 411 4204; x_wconf 90' lang='lat' dir='ltr'>riss</span> <span class='ocrx_word' id='word_1_225' title='bbox 431 4147 533 4204; x_wconf 90' lang='lat' dir='ltr'>mortis</span> <span class='ocrx_word' id='word_1_226' title='bbox 553 4148 663 4224; x_wconf 84' lang='lat' dir='ltr'>species</span> <span class='ocrx_word' id='word_1_227' title='bbox 685 4149 777 4205; x_wconf 79' lang='lat' dir='ltr'>divisa</span> <span class='ocrx_word' id='word_1_228' title='bbox 797 4158 876 4206; x_wconf 91' lang='lat' dir='ltr'>sunt.</span> <span class='ocrx_word' id='word_1_229' title='bbox 927 4167 961 4205; x_wconf 84' lang='lat' dir='ltr'>sc</span> <span class='ocrx_word' id='word_1_230' title='bbox 986 4147 1111 4205; x_wconf 77' lang='lat' dir='ltr'>Sanctus</span> <span class='ocrx_word' id='word_1_231' title='bbox 1138 4165 1238 4203; x_wconf 88' lang='lat' dir='ltr'>rursus</span> <span class='ocrx_word' id='word_1_232' title='bbox 1265 4146 1363 4203; x_wconf 82' lang='lat' dir='ltr'>omnis</span> <span class='ocrx_word' id='word_1_233' title='bbox 1390 4157 1450 4204; x_wconf 90' lang='lat' dir='ltr'>tor-</span> 
     </span>
    </p>

    <p class='ocr_par' dir='ltr' id='par_1_12' title="bbox 304 4225 1452 4619">
     <span class='ocr_line' id='line_1_31' title="bbox 304 4225 1451 4303; baseline 0.001 -21"><span class='ocrx_word' id='word_1_234' title='bbox 304 4233 344 4288; x_wconf 86' lang='lat'>30</span> <span class='ocrx_word' id='word_1_235' title='bbox 356 4225 403 4282; x_wconf 87' lang='lat' dir='ltr'>Ex</span> <span class='ocrx_word' id='word_1_236' title='bbox 425 4226 505 4282; x_wconf 92' lang='lat' dir='ltr'>omni</span> <span class='ocrx_word' id='word_1_237' title='bbox 524 4226 632 4303; x_wconf 89' lang='lat' dir='ltr'>quippe</span> <span class='ocrx_word' id='word_1_238' title='bbox 650 4230 753 4285; x_wconf 87' lang='lat' dir='ltr'>florum</span> <span class='ocrx_word' id='word_1_239' title='bbox 772 4246 878 4303; x_wconf 85' lang='lat' dir='ltr'>genere</span> <span class='ocrx_word' id='word_1_240' title='bbox 927 4237 1091 4283; x_wconf 89' lang='lat' dir='ltr'>mentorum</span> <span class='ocrx_word' id='word_1_241' title='bbox 1106 4244 1212 4301; x_wconf 80' lang='lat' dir='ltr'>genera</span> <span class='ocrx_word' id='word_1_242' title='bbox 1226 4225 1256 4280; x_wconf 91' lang='lat' dir='ltr'>in</span> <span class='ocrx_word' id='word_1_243' title='bbox 1270 4225 1451 4301; x_wconf 78' lang='lat' dir='ltr'>emphitheu-</span> 
     </span>
     <span class='ocr_line' id='line_1_32' title="bbox 354 4302 1452 4380; baseline 0.001 -19"><span class='ocrx_word' id='word_1_244' title='bbox 354 4304 532 4380; x_wconf 86' lang='lat' dir='ltr'>diversisque</span> <span class='ocrx_word' id='word_1_245' title='bbox 578 4306 722 4365; x_wconf 86' lang='lat' dir='ltr'>coloribus</span> <span class='ocrx_word' id='word_1_246' title='bbox 763 4306 877 4363; x_wconf 80' lang='lat' dir='ltr'>unicam</span> <span class='ocrx_word' id='word_1_247' title='bbox 928 4315 974 4362; x_wconf 94' lang='lat' dir='ltr'>tro</span> <span class='ocrx_word' id='word_1_248' title='bbox 995 4305 1156 4368; x_wconf 87' lang='lat' dir='ltr'>subierunt,</span> <span class='ocrx_word' id='word_1_249' title='bbox 1171 4303 1253 4379; x_wconf 82' lang='lat' dir='ltr'>qussi</span> <span class='ocrx_word' id='word_1_250' title='bbox 1274 4302 1347 4368; x_wconf 89' lang='lat' dir='ltr'>nihil</span> <span class='ocrx_word' id='word_1_251' title='bbox 1366 4317 1452 4368; x_wconf 76' lang='lat' dir='ltr'>entes</span> 
     </span>
     <span class='ocr_line' id='line_1_33' title="bbox 354 4382 1452 4462; baseline 0 -21"><span class='ocrx_word' id='word_1_252' title='bbox 354 4384 877 4443; x_wconf 81' lang='lat' dir='ltr'>texentescoronambeatissimimsr.</span> <span class='ocrx_word' id='word_1_253' title='bbox 928 4384 1056 4462; x_wconf 83' lang='lat' dir='ltr'>perpessi</span> <span class='ocrx_word' id='word_1_254' title='bbox 1092 4393 1197 4441; x_wconf 86' lang='lat' dir='ltr'>essent.</span> <span class='ocrx_word' id='word_1_255' title='bbox 1254 4382 1319 4440; x_wconf 87' lang='lat' dir='ltr'>Aut</span> <span class='ocrx_word' id='word_1_256' title='bbox 1353 4384 1452 4461; x_wconf 90' lang='lat' dir='ltr'>potius</span> 
     </span>
     <span class='ocr_line' id='line_1_34' title="bbox 354 4461 1451 4540; baseline -0.005 -20"><span class='ocrx_word' id='word_1_257' title='bbox 354 4472 444 4540; x_wconf 88' lang='lat' dir='ltr'>tyres,</span> <span class='ocrx_word' id='word_1_258' title='bbox 454 4463 520 4520; x_wconf 88' lang='lat' dir='ltr'>Deo</span> <span class='ocrx_word' id='word_1_259' title='bbox 532 4464 613 4520; x_wconf 79' lang='lat' dir='ltr'>Patri</span> <span class='ocrx_word' id='word_1_260' title='bbox 622 4464 802 4522; x_wconf 90' lang='lat' dir='ltr'>obtulerunt.</span> <span class='ocrx_word' id='word_1_261' title='bbox 826 4465 877 4520; x_wconf 71' lang='grc' dir='ltr'>ΙΕ-</span> <span class='ocrx_word' id='word_1_262' title='bbox 927 4463 1009 4538; x_wconf 82' lang='lat' dir='ltr'>qussi</span> <span class='ocrx_word' id='word_1_263' title='bbox 1024 4462 1141 4520; x_wconf 82' lang='lat' dir='ltr'>athletae</span> <span class='ocrx_word' id='word_1_264' title='bbox 1156 4463 1206 4539; x_wconf 92' lang='lat' dir='ltr'>qui</span> <span class='ocrx_word' id='word_1_265' title='bbox 1220 4461 1322 4520; x_wconf 91' lang='lat' dir='ltr'>multis</span> <span class='ocrx_word' id='word_1_266' title='bbox 1331 4462 1392 4539; x_wconf 82' lang='lat' dir='ltr'>jum</span> <span class='ocrx_word' id='word_1_267' title='bbox 1407 4464 1451 4520; x_wconf 85' lang='lat' dir='ltr'>vi.</span> 
     </span>
     <span class='ocr_line' id='line_1_35' title="bbox 354 4541 1450 4619; baseline 0.002 -21"><span class='ocrx_word' id='word_1_268' title='bbox 354 4561 445 4618; x_wconf 90' lang='lat' dir='ltr'>quum</span> <span class='ocrx_word' id='word_1_269' title='bbox 459 4563 527 4601; x_wconf 81' lang='lat' dir='ltr'>sune</span> <span class='ocrx_word' id='word_1_270' title='bbox 536 4555 598 4602; x_wconf 83' lang='lat' dir='ltr'>erat</span> <span class='ocrx_word' id='word_1_271' title='bbox 608 4555 642 4602; x_wconf 92' lang='lat' dir='ltr'>ut</span> <span class='ocrx_word' id='word_1_272' title='bbox 653 4544 802 4602; x_wconf 84' lang='lat' dir='ltr'>fortissimi</span> <span class='ocrx_word' id='word_1_273' title='bbox 812 4542 877 4601; x_wconf 81' lang='lat' dir='ltr'>ath.</span> <span class='ocrx_word' id='word_1_274' title='bbox 927 4542 1009 4600; x_wconf 90' lang='lat' dir='ltr'>cibus</span> <span class='ocrx_word' id='word_1_275' title='bbox 1032 4541 1227 4600; x_wconf 80' lang='lat' dir='ltr'>adversarium</span> <span class='ocrx_word' id='word_1_276' title='bbox 1256 4554 1450 4619; x_wconf 76' lang='lat' dir='ltr'>superassent,</span> 
     </span>
    </p>

    <p class='ocr_par' dir='ltr' id='par_1_13' title="bbox 306 4620 1450 4779">
     <span class='ocr_line' id='line_1_36' title="bbox 306 4620 1450 4701; baseline -0.001 -22"><span class='ocrx_word' id='word_1_277' title='bbox 306 4620 431 4688; x_wconf 79' lang='lat' dir='ltr'>351etae,</span> <span class='ocrx_word' id='word_1_278' title='bbox 463 4622 512 4698; x_wconf 91' lang='lat' dir='ltr'>qui</span> <span class='ocrx_word' id='word_1_279' title='bbox 547 4623 700 4701; x_wconf 88' lang='lat' dir='ltr'>multiplex</span> <span class='ocrx_word' id='word_1_280' title='bbox 732 4633 876 4681; x_wconf 77' lang='lat' dir='ltr'>certamen</span> <span class='ocrx_word' id='word_1_281' title='bbox 927 4632 958 4679; x_wconf 91' lang='lat' dir='ltr'>et</span> <span class='ocrx_word' id='word_1_282' title='bbox 977 4621 1013 4680; x_wconf 89' lang='lat' dir='ltr'>de</span> <span class='ocrx_word' id='word_1_283' title='bbox 1032 4640 1138 4678; x_wconf 83' lang='lat' dir='ltr'>corone</span> <span class='ocrx_word' id='word_1_284' title='bbox 1158 4621 1221 4699; x_wconf 85' lang='lat' dir='ltr'>ipsu</span> <span class='ocrx_word' id='word_1_285' title='bbox 1237 4621 1298 4697; x_wconf 83' lang='lat' dir='ltr'>jam</span> <span class='ocrx_word' id='word_1_286' title='bbox 1319 4620 1450 4679; x_wconf 81' lang='lat' dir='ltr'>decertu-</span> 
     </span>
     <span class='ocr_line' id='line_1_37' title="bbox 355 4699 1450 4779; baseline 0.001 -22"><span class='ocrx_word' id='word_1_287' title='bbox 355 4701 513 4767; x_wconf 85' lang='lat' dir='ltr'>subiersnt‚</span> <span class='ocrx_word' id='word_1_288' title='bbox 536 4715 624 4779; x_wconf 83' lang='lat' dir='ltr'>utque</span> <span class='ocrx_word' id='word_1_289' title='bbox 652 4703 794 4779; x_wconf 89' lang='lat' dir='ltr'>insignem</span> <span class='ocrx_word' id='word_1_290' title='bbox 817 4701 876 4758; x_wconf 83' lang='lat' dir='ltr'>vic·</span> <span class='ocrx_word' id='word_1_291' title='bbox 928 4711 1003 4766; x_wconf 87' lang='lat' dir='ltr'>rent,</span> <span class='ocrx_word' id='word_1_292' title='bbox 1028 4720 1128 4758; x_wconf 90' lang='lat' dir='ltr'>rursus</span> <span class='ocrx_word' id='word_1_293' title='bbox 1152 4712 1290 4759; x_wconf 82' lang='lat' dir='ltr'>consuetu</span> <span class='ocrx_word' id='word_1_294' title='bbox 1315 4699 1375 4758; x_wconf 91' lang='lat' dir='ltr'>illic</span> <span class='ocrx_word' id='word_1_295' title='bbox 1401 4699 1450 4758; x_wconf 84' lang='lat' dir='ltr'>lis·</span> 
     </span>
    </p>
   </div>
   <div class='ocr_carea' id='block_1_10' title="bbox 0 0 1920 5650">
    <p class='ocr_par' dir='ltr' id='par_1_14' title="bbox 0 0 1920 5650">
     <span class='ocr_line' id='line_1_38' title="bbox 0 0 1920 5650; baseline 0 0"><span class='ocrx_word' id='word_1_296' title='bbox 0 0 1920 5650; x_wconf 95' lang='lat' dir='ltr'> </span> 
     </span>
    </p>
   </div>
  </div>
 </body>
</html>
