3809 5650
775 645 1072 720 PRAEFATIO.
1399 674 1452 723 xv

400 844 555 955 sephus
582 843 651 925 ille
685 843 872 954 Scaliger,
907 846 1186 943 Casaubonus
1219 847 1450 930 Salmasius.

402 981 539 1060 Immo
555 979 776 1061 Salmasius
792 1008 894 1088 opus
909 1009 1031 1062 snum
1052 980 1308 1091 palmarium,
1319 987 1453 1066 Plini-

399 1144 504 1195 onas
524 1116 861 1208 Eaercitotiones,
881 1117 1112 1196 contemnit
1131 1144 1214 1226 prae
1238 1115 1328 1213 illis,
1351 1147 1452 1225 quos

401 1250 443 1328 in
464 1263 594 1330 laento
613 1277 660 1329 oo
680 1250 867 1330 monibus
885 1249 1052 1331 habebat
1077 1251 1120 1330 in
1146 1253 1263 1332 vario
1294 1254 1451 1335 Tertul-

400 1387 505 1465 liani
522 1412 657 1493 opero,
678 1386 720 1464 in
740 1383 946 1466 Eliberint
965 1383 1124 1466 concilii
1142 1413 1322 1476 conates,
1335 1402 1451 1494 atque

400 1521 636 1600 octrioersom
649 1521 801 1628 prisco
820 1518 993 1600 ecclesio
1013 1518 1199 1601 ritualetn
1223 1522 1448 1610 historiam,

400 1647 830 1733 cornrncntotionibusl.
891 1652 1097 1759 Denique,
1132 1665 1180 1732 ut
1211 1666 1448 1762 praeteream

400 1787 502 1868 alios
533 1787 641 1867 viros
674 1786 866 1881 illustres,
897 1788 1002 1868 duos
1035 1791 1211 1869 recentis
1240 1791 1449 1870 memoriae

400 1924 563 2004 criticos
591 1923 752 2017 addam,
784 1923 1106 2031 Wesselingium
1142 1937 1185 2004 et
1220 1923 1450 2006 Valckena-

401 2058 523 2155 rium,
534 2059 608 2166 qui
622 2056 801 2139 multum
817 2086 953 2167 operae
968 2059 1012 2139 in
1024 2058 1089 2139 his
1105 2060 1253 2142 studiis
1268 2059 1448 2143 colendis

399 2205 641 2302 posuerunt.

458 2328 635 2408 Exteros
654 2329 853 2435 quosdam
872 2327 932 2408 nil
952 2357 1100 2424 moror,
1120 2330 1192 2436 qui
1214 2327 1447 2411 libertatern

401 2460 566 2569 quidvis
580 2462 786 2543 sentiendi
802 2490 848 2542 ac
862 2462 1029 2544 dicendi
1049 2491 1133 2572 quo
1152 2467 1350 2572 majorem
1370 2465 1446 2546 sibi

400 2597 568 2705 suisque
580 2597 1039 2704 comparentunitatem
1054 2624 1149 2676 curn
1162 2597 1344 2679 ecclesiae
1355 2612 1445 2679 tum

400 2730 601 2811 doctrinae
621 2727 869 2811 labefactant
888 2742 1015 2840 atque
1034 2727 1281 2828 convellunt,
1301 2760 1345 2812 re
1365 2733 1447 2812 uti-

400 2895 483 2974 que
499 2864 686 2972 neglecta
700 2895 746 2947 ac
761 2867 905 2961 derisa,
919 2894 1014 2975 quae
1032 2894 1163 2974 usque
1177 2869 1230 2947 ab
1244 2867 1446 2975 evangelii

401 3011 496 3082 ortu
517 3001 655 3109 magni
684 3001 807 3111 pretii
832 3000 941 3081 facta
966 3013 1039 3093 est,
1058 3012 1101 3080 et
1127 3002 1215 3080 sine
1236 3028 1318 3108 qua
1341 3002 1447 3109 peri-

399 3134 568 3216 clitetur
589 3165 751 3218 necesse
770 3150 832 3217 est
857 3136 1092 3216 Christiana
1111 3135 1227 3217 fides.
1289 3136 1363 3216 Isti
1384 3136 1446 3216 ni-

399 3270 552 3350 mirum
577 3300 649 3380 per
668 3299 832 3352 causam
859 3269 1026 3352 laetioris
1045 3299 1188 3352 cursus
1212 3283 1337 3378 atque
1356 3298 1446 3350 suc-

399 3431 535 3486 cessus
555 3407 749 3500 veritatis,
769 3435 854 3487 non
874 3404 1005 3487 solum
1026 3408 1219 3515 antiquos
1240 3419 1387 3513 patres,
1402 3420 1445 3486 et

399 3551 587 3619 veterum
615 3539 945 3621 Christianorum
974 3537 1225 3647 religionem,
1246 3539 1360 3647 parvi
1381 3539 1441 3620 fa·

398 3673 527 3769 ciunt,
554 3700 696 3753 verum
726 3674 851 3754 etiam
880 3672 1125 3781 posthabitis
1154 3672 1283 3753 Sacris
1313 3672 1445 3780 Serio

399 3807 514 3901 turis,
533 3834 635 3914 quas
664 3808 834 3915 quidem
863 3808 970 3914 ipsas
999 3807 1166 3887 incertae
1187 3803 1333 3888 volunt
1357 3833 1443 3885 esse

399 3939 577 4048 originis
597 3939 782 4048 regulam
802 3940 899 4021 fidei
920 3940 970 4020 iis
990 3941 1122 4020 inesse
1135 3939 1368 4045 denegant3
1390 3949 1443 4031 et,

399 4075 431 4153 si
452 4089 658 4184 praecepta
677 4075 854 4183 excipias
873 4074 1052 4168 moralia,
1071 4072 1217 4153 iisdem
1239 4070 1351 4151 haud
1374 4098 1443 4149 ne-

440 4317 637 4402 1Ῥνοὶεᾳοτη.
654 4319 689 4380 in
709 4319 848 4382 Solintom
867 4317 935 4382 init.
981 4318 1063 4379 Haec
1085 4321 1194 4379 autem
1216 4336 1314 4398 opera
1336 4314 1443 4378 omnia

398 4427 469 4501 post
483 4441 517 4483 se
532 4420 694 4503 reliquisse
715 4419 914 4495 salmasium,
930 4419 1072 4483 ostendit
1091 4416 1242 4479 librorum
1262 4417 1330 4501 ejus
1346 4417 1441 4480 (lota-

397 4519 486 4602 logus
502 4520 654 4603 Epistolis
669 4522 752 4586 tanti
768 4521 850 4585 illius
865 4522 966 4586 oritioi
982 4521 1139 4605 praefixue.
1155 4541 1183 4602 p.
1197 4517 1258 4581 lxv.
