3809 5650
484 692 549 756 860
859 682 1210 750 ANNOTATIONES

485 861 594 924 λοιπὸν
608 859 719 922 abesse
733 858 775 921 ab
789 857 835 920 cd.
851 856 956 940 διοβλ-
972 854 1096 919 notavit
1112 853 1285 929 strothius,
1300 855 1385 937 qnod
1399 861 1510 918 tamen
1525 877 1593 919 non

485 969 613 1027 tantum
633 960 746 1023 wdices
767 958 827 1020 νιν-ι’
845 958 976 1042 jamque
995 956 1184 1019 Burtcnicmi
1206 963 1394 1040 agnoscunt,
1410 956 1465 1019 sed
1490 956 1593 1021 ctiam

486 1061 654 1146 Bouporsii
667 1062 760 1124 Lacu.
776 1080 895 1142 oraque
917 1057 1095 1142 eccoplarie
1113 1057 1254 1120 οιίἱνὶοιιιιι
1273 1057 1378 1141 &eph
1396 1057 1471 1120 olim
1491 1079 1593 1142 penes

487 1163 692 1247 Scaligerum.
738 1160 826 1223 Infra
848 1159 880 1221 in
903 1159 958 1223 lin.
974 1178 1021 1243 15.
1042 1158 1212 1239 μεθημέραν
1236 1180 1294 1244 pro
1316 1158 1486 1238 καθημέραν
1508 1160 1591 1225 MS.

487 1264 655 1448 Nffss
672 1363 691 1425 l.
707 1363 754 1425 18.
779 1366 853 1427 κατὰ
875 1368 934 1426 τῶν
952 1362 1094 1446 εἰδώλων]
1109 1367 1183 1441 πρὸς
1197 1366 1255 1423 τῶν
1271 1362 1403 1425 εἰδώλων
1420 1360 1592 1445 Olm'stoph.

487 1469 582 1532 Lacu.
610 1466 741 1530 Sruoru.
788 1466 868 1527 Mox
894 1464 1093 1543 παρέβαλλον
1115 1461 1220 1547 posuit
1245 1461 1387 1526 Valesius
1411 1482 1470 1546 pro
1492 1462 1594 1542 περιέ-

487 1576 619 1647 βαλλον,
640 1566 695 1630 sed
720 1566 779 1629 hoc
799 1581 966 1629 revocante
984 1564 1129 1628 Strotlio.
1152 1564 1330 1644 παρέβαλον
1348 1564 1425 1626 MS.
1446 1563 1539 1626 Bodl.
1557 1571 1593 1628 et

488 1671 673 1751 περιέβαλον
687 1669 757 1731 MS
771 1669 867 1752 Norf.
893 1667 971 1731 (lum
985 1666 1119 1730 lectione
1134 1665 1256 1729 Valesii
1272 1665 1486 1739 consentiunt,
1506 1671 1593 1729 teste

489 1771 644 1844 Burtono,
660 1779 726 1834 tres
740 1770 854 1833 saltem
868 1768 991 1832 Mssti.

532 1874 569 1935 P.
582 1892 656 1957 317·
673 1873 692 1934 l.
706 1892 734 1950 7.
749 1872 806 1934 ὑπὸ
823 1876 874 1948 τῆς
888 1869 1034 1952 ἀδελφῆς]
1050 1868 1175 1931 Sororis
1190 1868 1249 1930 nisi
1265 1891 1305 1931 ex
1325 1868 1487 1951 sanguine,
1503 1875 1591 1931 certe

487 1997 526 2038 ex
544 1975 614 2038 lide.
660 1972 762 2056 Atqui
785 1971 1020 2035 Tillemontium
1042 1970 1132 2034 video
1154 1970 1310 2034 vinculum
1331 1969 1407 2034 illud
1427 1968 1591 2054 sanguinis

486 2099 526 2140 ex
553 2075 736 2139 narratione
758 2074 966 2158 colligentem.
1015 2074 1116 2136 Porro
1140 2072 1224 2137 idem
1247 2073 1398 2137 statuisse
1423 2071 1591 2135 Valesium

487 2200 527 2241 ex
543 2177 645 2240 indice
661 2175 800 2239 Eusebio
814 2176 883 2258 ejus
898 2174 993 2237 affixo
1008 2181 1147 2238 constat.
1242 2206 1245 2211 ¹

534 2278 618 2341 Ibid.
649 2277 670 2340 l.
691 2296 737 2339 10.
768 2275 900 2355 καθάπερ
931 2275 1025 2355 μήτηρ
1057 2275 1193 2358 εὐγενὴς]
1230 2273 1359 2337 Excidit
1397 2296 1459 2336 vox
1496 2274 1591 2354 μήτηρ

489 2382 532 2443 M
532 2387 565 2442 S.
582 2378 671 2442 Bodl.
712 2377 845 2441 Auctori
861 2377 1003 2460 epistolae
1025 2377 1057 2440 in
1081 2383 1220 2440 mentem
1234 2376 1356 2439 venisse
1375 2376 1488 2440 matris
1507 2376 1591 2439 illius

489 2504 560 2545 cum
579 2488 701 2564 septem
716 2480 787 2542 filiis
806 2479 839 2542 in
857 2477 1106 2542 Mucccbceorum
1129 2478 1182 2542 lib.
1195 2478 1228 2540 ii.
1243 2500 1313 2563 cap.
1327 2498 1356 2558 7.
1378 2488 1466 2542 recte
1480 2485 1591 2542 monet

490 2584 657 2668 Anglions‚
675 2605 769 2667 quom
785 2583 855 2666 plus
869 2582 964 2644 semel
981 2579 1233 2656 commemoravi,
1250 2579 1415 2664 interpres.

533 2685 615 2749 lbid.
647 2684 666 2748 l.
694 2704 743 2764 17.
772 2687 847 2762 μετὰ
869 2685 904 2746 τὸ
929 2682 1072 2765 τήγανον]
1106 2680 1294 2745 Omtimdmn
1323 2681 1420 2745 vertit
1445 2679 1589 2744 Rufinus.

490 2789 582 2851 Idem
606 2787 700 2873 plane
726 2795 775 2851 est
799 2786 883 2871 quod
903 2806 999 2869 supra
1018 2784 1142 2848 vocavit
1164 2784 1298 2848 ferream
1320 2784 1517 2860 cathedram,
1540 2784 1592 2849 oui

489 2891 629 2974 impositi
659 2897 825 2974 martyres,
853 2898 1006 2971 tanquam
1030 2887 1062 2949 in
1091 2888 1252 2971 sartagine
1277 2888 1493 2952 torrebantur.
1539 2886 1592 2950 Sic

489 2993 573 3055 enim
596 2991 813 3075 supradictum
836 2997 886 3053 est
908 2990 948 3052 de
972 2987 1116 3061 Maturo,
1133 2989 1182 3051 έπὶ
1202 2994 1277 3051 πᾶσι
1297 2989 1352 3067 τὴν
1374 2992 1496 3067 σιδηρᾶν
1519 2991 1590 3050 καθ-

370 3160 373 3166 ,
490 3094 590 3173 ἕδραν,
607 3091 655 3173 ἐφ’
671 3093 705 3171 ἧς
723 3094 936 3173 τηγανιζόμενα
956 3094 993 3154 τὰ
1014 3093 1146 3169 σώματα,
1164 3093 1219 3154 &a
1266 3091 1340 3153 Mos
1354 3090 1438 3153 enim
1457 3096 1538 3165 erat,
1555 3095 1593 3152 ut

491 3194 662 3259 Christiani
689 3202 861 3278 antequam
890 3192 1001 3256 bestiis
1030 3192 1251 3275 objicerentur,
1276 3192 1308 3254 in
1334 3190 1514 3276 hujusmodi
1540 3212 1593 3254 oa-

490 3296 606 3361 thedra
628 3294 800 3378 suppositis
822 3294 931 3378 prunis
952 3294 1139 3358 ardentibus
1160 3294 1319 3370 sederent,
1340 3302 1378 3357 ut
1399 3293 1494 3378 paulo
1515 3300 1593 3356 ante

491 3397 607 3481 legitur
629 3397 668 3458 de
694 3395 817 3459 Attalo.
841 3395 1006 3457 Vsursrus.
1044 3393 1186 3475 Τήγανον
1208 3395 1269 3459 h.l.
1294 3396 1402 3460 sellam
1424 3395 1510 3458 illam
1530 3395 1593 3458 fer-

490 3519 578 3560 ream
601 3498 743 3572 denotat,
763 3496 916 3577 γάργαθον
934 3518 1018 3573 vero,
1043 3496 1209 3560 reticulum
1233 3519 1296 3581 quo
1318 3497 1428 3561 inclusi
1448 3497 1593 3561 damnati

386 3674 389 3678 ,
491 3598 593 3662 tauris
608 3597 742 3660 irritatis
757 3597 998 3680 objiciebantur.
1025 3602 1156 3662 Srnorrr.

537 3700 616 3764 Ibid.
641 3700 661 3763 Ι,
683 3702 730 3762 18.
756 3703 861 3766 ἱκανῶς
890 3701 1112 3785 ᾰναβληθεῖσα]
1143 3703 1235 3765 Inter
1263 3701 1443 3786 voluptates
1470 3702 1594 3785 amphi-

492 3802 660 3868 theatralis
682 3801 852 3886 spectaculi
875 3803 943 3865 haec
958 3810 1039 3880 erat,
1055 3810 1091 3866 ut
1105 3812 1217 3867 taurus
1236 3803 1269 3865 in
1288 3823 1418 3867 arenam
1440 3802 1594 3888 produce-
1681 3858 1685 3867 .

492 3913 590 3978 retur,
615 3903 665 3967 cui
688 3904 721 3966 in
745 3904 884 3966 furorem
907 3903 1069 3968 concitato
1092 3904 1204 3967 noxios
1226 3904 1369 3967 homines
1390 3904 1523 3968 reticulo
1547 3906 1594 3968 in·

492 4005 595 4069 clusos
616 4005 809 4088 objiciebant
821 4030 830 4081 ;
860 4027 939 4089 quos
962 4006 1013 4069 ille
1038 4006 1125 4070 velut
1149 4006 1229 4090 pilas
1254 4006 1287 4069 in
1311 4007 1411 4071 altum
1432 4007 1592 4092 jactabat.

494 4107 658 4172 Notissimi
673 4116 748 4171 sunt
762 4108 822 4171 hac
837 4107 876 4171 de
891 4130 926 4171 re
943 4107 1103 4172 Martialis
1117 4130 1242 4172 versus:

582 4208 703 4270 Taurus
718 4216 751 4269 at
766 4207 1030 4292 impositasjactct
1044 4209 1089 4271 ud
1101 4218 1187 4272 astra
1197 4209 1294 4293 pilus
1320 4209 1507 4273 Vanasrus.

536 4309 574 4370 P.
588 4324 661 4391 317.
686 4308 706 4369 l.
734 4327 759 4369 1.
792 4310 865 4386 μηδὲ
891 4312 1033 4386 αἴσθησιν
1061 4310 1104 4372 ἔτι
1129 4316 1188 4373 τῶν
1212 4313 1441 4387 συμβαινόντων
1466 4311 1592 4397 ἔχουσα]

494 4408 584 4473 Inter
608 4408 764 4485 miranda,
787 4429 858 4492 quae
882 4409 914 4472 in
937 4409 997 4472 hcc
1023 4409 1190 4474 vexatione
1213 4410 1423 4494 contigerunt,
1451 4410 1499 4473 vir
1519 4412 1595 4475 doc-

493 4509 633 4574 tissimus
649 4511 734 4573 Heu.
751 4510 930 4574 Dodwellus
944 4513 999 4588 rhu
1014 4514 1213 4589 ἀναισθησίαν
1232 4512 1396 4576 Blandinae
1416 4512 1530 4576 merito
1545 4534 1593 4576 rc

492 4631 633 4685 censens,
657 4609 741 4673 idem
763 4611 948 4675 beneficium
970 4612 1109 4675 diuinum
1132 4620 1240 4676 monet
1256 4614 1424 4697 Perpetuae
1446 4614 1591 4696 martyri,

488 4710 621 4795 jactatae
635 4710 781 4776 similiter
800 4713 833 4775 in
847 4713 949 4776 altum
969 4736 990 4776 a
1011 4722 1117 4789 tauro,
1131 4735 1315 4778 concessum
1333 4714 1437 4779 luisse.
1461 4713 1592 4777 nam,
