3809 5650
480 689 544 752 150
855 688 1209 754 ANNOTATIONES

482 855 584 939 phoro
598 858 712 920 Graeeo
732 856 886 919 monacho
908 855 1025 940 Lipsiae
1040 857 1126 920 houd
1146 858 1193 922 itu
1208 858 1330 943 pridem
1350 860 1449 937 edito,
1466 860 1499 923 in
1519 861 1586 926 001.

484 959 556 1022 281.
572 963 606 1021 et
623 958 695 1041 283.
710 956 791 1020 tomi
808 955 833 1019 1.

527 1059 685 1123 Universa
699 1065 807 1122 eutem
817 1058 885 1120 haec
896 1056 1136 1141 praetermisisse
1146 1058 1348 1122 Gallendium
1360 1060 1393 1123 in
1401 1059 1588 1126 Bittioelaeca

483 1184 541 1225 sue
564 1162 639 1224 ΡΡ.
663 1182 721 1244 pro
747 1159 895 1222 instituto
920 1181 977 1221 suo
1000 1158 1177 1237 omittendi,
1205 1182 1275 1245 quae
1299 1161 1333 1223 in
1356 1162 1485 1227 Catenis
1510 1171 1587 1228 sunt

482 1261 597 1347 posite,
614 1283 697 1324 nunc
712 1261 787 1324 scio.
832 1259 899 1323 Nec
914 1258 1080 1344 Woogius,
1098 1260 1150 1342 qui
1166 1260 1346 1344 fragmenta
1359 1262 1448 1326 istaec
1463 1265 1495 1326 in
1510 1266 1586 1327 Die-

481 1374 552 1428 cert.
568 1364 711 1429 Secunde
726 1385 783 1426 sue
798 1363 834 1425 de
847 1360 993 1424 Melitene
1006 1361 1145 1445 repetiit,
1162 1361 1215 1425 illa
1230 1362 1350 1440 itidem,
1363 1386 1433 1448 quae
1449 1366 1482 1428 in
1494 1366 1523 1428 N
1526 1367 1585 1430 ice-

483 1467 574 1551 phori
590 1467 713 1531 Oetenc
727 1465 899 1539 adduntur,
915 1461 1030 1546 posuit.
1077 1464 1238 1525 Caeterum
1253 1462 1312 1526 hoe
1326 1465 1459 1541 notabo,
1474 1466 1585 1531 fecisse

483 1568 675 1632 mentionem
696 1565 849 1630 Grebium
872 1564 904 1625 in
925 1563 1057 1626 Schedis
1082 1563 1224 1642 MSStis,
1246 1565 1307 1630 No.
1325 1570 1374 1630 28.
1397 1568 1583 1652 designetis,

482 1669 554 1732 libri
581 1668 745 1753 eujusdam
771 1665 948 1741 Melitonis‚
980 1673 1002 1702 “
1016 1664 1133 1728 Melite
1161 1667 1194 1728 in
1221 1667 1357 1730 Genesin
1384 1669 1461 1733 Ood.
1490 1673 1584 1736 Vat.”

483 1770 573 1855 cujus
594 1769 743 1833 notitiem
765 1767 877 1830 hebuit
899 1788 939 1830 ex
961 1766 984 1828 J
987 1765 1120 1829 ohannis
1143 1767 1231 1830 Mori
1256 1769 1358 1833 Getul.
1380 1771 1453 1834 MS.
1479 1771 1582 1838 Codd.

483 1871 573 1934 Vett.
613 1872 732 1933 Vereor
745 1875 863 1939 eutem,
879 1876 916 1931 ut
931 1867 1028 1930 ullum
1040 1867 1162 1951 justum
1178 1890 1257 1951 opus
1273 1869 1438 1936 Melitonis
1448 1874 1480 1936 in
1496 1876 1584 1938 uobi-

483 1971 601 2034 lissime
621 1969 813 2032 bibliothece
830 1974 930 2042 extet,
950 1967 999 2031 vel
1014 1974 1051 2030 ut
1074 1967 1247 2052 quidquam
1269 1980 1387 2054 praeter
1409 1973 1477 2038 haec
1499 1975 1583 2061 frag.

482 2080 591 2135 mente
605 2071 707 2134 indico
722 2070 775 2132 illo
789 2069 940 2153 signetur.

1020 2263 1047 2324 1.

527 2390 565 2452 P.
582 2393 653 2453 116.
669 2389 688 2452 l.
704 2392 752 2452 16.
777 2390 836 2451 Καὶ
851 2391 868 2450 ὁ
885 2390 991 2467 Κύριος
1009 2389 1101 2472 ἡμῶν]
1127 2388 1266 2452 Helloix.
1289 2389 1398 2466 hebet,
1418 2394 1470 2453 τοῦ
1489 2417 1582 2468 μακα-

481 2494 546 2570 ρίου
569 2494 745 2557 Metiscum
768 2490 914 2569 Σάρδεων.
959 2486 1016 2554 Ὡς
1037 2492 1095 2569 γὰρ
1118 2489 1197 2568 κριὸς
1219 2489 1314 2567 ἐδέθη,
1338 2491 1415 2570 φησὶ
1437 2492 1505 2571 περὶ
1528 2497 1580 2554 τοῦ

483 2595 591 2671 Κυρίου
617 2593 698 2669 ἡμῶν
722 2590 822 2669 Ἰησοῦ
848 2595 990 2671 Χριστοῦ,
1017 2590 1065 2652 καὶ
1091 2592 1129 2656 ὡς
1157 2590 1249 2669 ἀμνὸς
1277 2593 1332 2654 διο.
1378 2592 1432 2655 lta
1458 2614 1581 2676 quoque

483 2693 579 2756 Codd.
613 2693 708 2755 Vatic.
734 2694 808 2773 746,
835 2698 868 2754 et
894 2706 966 2772 747,
996 2713 1067 2753 cum
1097 2691 1247 2754 nonnulle
1276 2692 1440 2756 verietate.
1485 2692 1581 2756 Adde

481 2794 647 2878 Neptem·
661 2794 695 2858 in
713 2792 919 2857 odorantem
934 2791 1054 2856 editum
1070 2794 1227 2857 Calenam.
1258 2792 1310 2856 Ex
1325 2794 1450 2859 Scdcdse
1468 2793 1584 2859 Gratis?

480 2918 582 2980 peuce
597 2896 726 2973 mutavi,
744 2917 814 2980 quae
829 2893 959 2959 videbis.

525 2998 606 3062 Ibid.
622 2998 642 3061 l.
658 3014 707 3078 17.
724 2998 762 3063 ὡς
777 2997 882 3079 ἀμνὸς]
902 2997 1072 3080 Irrepsisse
1091 2996 1151 3060 hoo
1166 3019 1206 3061 ex
1226 2997 1438 3081 superioribus
1452 2997 1581 3061 vocibus

480 3100 558 3163 mihi
573 3100 699 3183 quidem
714 3098 848 3162 videtur.

525 3201 606 3264 Ibid.
622 3201 640 3262 l.
657 3202 706 3263 18.
725 3200 894 3281 ἐβάστασε]
915 3200 970 3262 Ite
985 3199 1125 3262 Helloie.
1146 3199 1239 3263 (cdd.
1263 3201 1330 3264 Vat.
1346 3219 1581 3285 paucorumque

480 3298 648 3361 verborum
670 3297 838 3381 appendix,
867 3318 963 3379 quam
989 3297 1127 3361 Grabius
1154 3305 1228 3381 post
1251 3298 1320 3362 haec
1343 3299 1522 3383 fragmenta
1547 3297 1579 3358 in

480 3398 605 3461 schedis
620 3398 685 3461 suis
699 3397 822 3460 attulit.
853 3398 1011 3474 Εβάστσζε
1030 3398 1142 3460 Gratti
1153 3398 1277 3462 Scdedae
1291 3406 1325 3462 et
1340 3399 1505 3483 Nicqidem‘
1519 3400 1577 3460 Oc-

479 3508 557 3561 tete.
602 3497 666 3560 His
690 3503 799 3559 eutem
821 3496 926 3561 verbis
951 3506 1123 3581 conceptus
1145 3507 1195 3561 est
1220 3499 1307 3563 locus
1329 3501 1362 3562 in
1388 3500 1579 3582 Lipomunni

481 3600 598 3663 Catone
612 3599 646 3661 in
665 3598 794 3661 Genesin
807 3619 859 3659 cn.
876 3618 887 3659 ι
893 3600 968 3681 546.
986 3598 1118 3661 Parisiis
1129 3620 1264 3662 excuse:
1283 3599 1387 3662 Melite
1400 3599 1577 3682 Episcopus,

480 3700 632 3763 Decium
645 3708 741 3762 noem
759 3707 793 3760 ut
813 3698 895 3761 ames
917 3700 1034 3762 σίνστνε
1046 3708 1099 3776 est,
1115 3709 1143 3763 ct
1165 3698 1335 3762 immolatus
1348 3709 1382 3762 et
1401 3700 1497 3762 Isaac
1511 3722 1579 3762 cru-

371 3845 374 3852 ·
480 3799 838 3884 eemdumerdeportccit.
858 3822 890 3883 p.
904 3802 976 3883 256.
1016 3800 1175 3863 Oaeterum
1198 3807 1360 3884 praeeunte
1381 3799 1483 3864 Paulo
1502 3823 1578 3884 upo-

481 3902 563 3968 stolo
578 3902 619 3965 sd
629 3901 787 3965 Hebraeos
802 3901 866 3984 qui,
876 3902 952 3963 dum
967 3901 1146 3965 Abrahemi
1157 3902 1252 3965 fidem
1268 3903 1300 3965 in
1314 3902 1577 3966 resurrectionem

480 4010 593 4088 postes
620 4001 761 4065 suturam
790 4001 846 4064 filii
875 4002 923 4065 sui
952 4002 1118 4086 praediect,
1148 4002 1253 4066 Isoeei
1287 4002 1475 4066 sacrificium
1506 4024 1578 4065 cum

480 4103 599 4168 christi
617 4109 720 4166 morte
741 4102 883 4165 conferre
905 4102 1030 4165 videtur
1050 4125 1119 4187 cap.
1135 4103 1179 4166 xi.
1204 4126 1316 4168 comm.
1340 4122 1475 4186 17—19.
1514 4103 1579 4165 Ire-

480 4227 567 4269 naeus
592 4204 756 4269 Melitonis
777 4205 922 4268 edinster
943 4204 976 4266 in
1000 4204 1052 4267 lib.
1064 4205 1104 4269 iv.
1121 4226 1190 4289 cap.
1203 4225 1232 4288 5.
1255 4206 1386 4269 sivero.
1432 4206 1578 4267 Iseecum

479 4305 555 4389 ligni
570 4304 712 4389 bajulum
733 4305 765 4367 in
787 4305 939 4368 sacrificio
954 4328 975 4369 a
995 4313 1088 4389 petre
1103 4306 1171 4389 ejus
1191 4306 1351 4370 destinato
1371 4305 1490 4371 Christi
1510 4326 1579 4367 cru·

479 4404 566 4469 ciferi
581 4405 722 4469 ostendit
736 4427 805 4469 esse
819 4412 940 4489 typum.
986 4406 1050 4469 Sed
1065 4405 1165 4470 multo
1180 4407 1376 4490 explicatius,
1393 4427 1489 4491 quarn
1509 4406 1576 4468 Ire·

479 4529 578 4581 naeus,
594 4506 634 4567 de
649 4507 708 4569 hec
724 4528 757 4569 re
772 4507 898 4590 scripsit
913 4506 1148 4582 Tertullianum
1166 4510 1277 4592 Itaque
1290 4508 1459 4592 inprimis,
1474 4506 1576 4590 inquit

479 4607 539 4682 ille,
555 4606 655 4678 Isaac,
671 4626 739 4668 cum
754 4626 775 4668 σ
792 4615 885 4688 petre
901 4610 934 4670 in
947 4607 1075 4670 hodiem
1088 4608 1208 4671 deditus
1222 4609 1337 4692 liquem
1351 4607 1409 4671 sibi
1426 4608 1490 4692 ipsc
1502 4629 1576 4692 per-
