3809 5650
569 693 617 756 IN
642 693 890 759 HEGESlPPl
915 691 1214 757 FRAGMENTA.
1396 692 1456 753 241

359 861 490 926 Videant
518 885 585 947 erpo
615 863 762 950 Epicrati
790 873 818 926 ct
847 859 1063 947 quantamlibet
1095 862 1194 925 canai
1222 861 1361 937 bombus,
1391 883 1459 924 carr

350 973 461 1045 quanto
479 965 618 1048 periurio
639 967 705 1028 dici
726 965 786 1028 ista
807 963 866 1028 sibi
884 964 1076 1048 patiantur:
1106 963 1134 1025 si
1156 963 1297 1037 Domino,
1321 963 1371 1024 cai-
1393 983 1459 1024 uere

349 1063 401 1126 bec
423 1065 579 1129 dicebatur
603 1068 690 1151 (qa-it
710 1087 765 1128 aec
786 1066 860 1128 dura
880 1075 947 1129 erat
968 1065 1066 1128 aalide
1088 1064 1273 1127 credentiam
1285 1064 1381 1148 fidas)
1395 1085 1457 1148 pro

349 1168 476 1230 carteiae
494 1169 684 1252 irapiayitar.
738 1167 887 1231 Ceterum
902 1188 994 1231 voces
1014 1165 1084 1229 illas
1107 1167 1232 1230 Oscaaa
1242 1167 1319 1251 filio
1334 1166 1454 1238 David,

350 1291 429 1352 quas
444 1293 464 1332 a
479 1271 669 1354 quibusdam
684 1269 805 1332 Jndaeis
825 1268 1018 1332 acclamatas
1039 1277 1114 1333 tunc
1135 1268 1232 1332 fnisse
1251 1268 1329 1332 dicit
1352 1267 1457 1352 Hege-

349 1371 467 1455 sippus,
484 1395 547 1435 non
567 1371 726 1435 immerito
748 1371 817 1455 quis
839 1371 1001 1435 existimet
1019 1371 1059 1434 de
1080 1370 1209 1434 Christo
1229 1370 1336 1454 potius
1359 1391 1455 1453 quam

350 1473 390 1535 de
404 1473 529 1537 Jacobo
552 1473 684 1557 intelligi
707 1479 865 1556 oportere.
911 1471 995 1535 Nam
1018 1493 1090 1535 cnm
1108 1472 1249 1534 Jacobus
1271 1471 1304 1534 in
1326 1471 1456 1555 lastigie

349 1576 459 1659 templi
481 1576 613 1661 positus,
630 1575 744 1637 Jesum
763 1595 875 1637 revera
890 1573 1053 1636 Christum
1073 1595 1142 1636 esse
1161 1595 1200 1636 ac
1221 1573 1455 1657 redemptorem

347 1679 473 1760 generis
503 1677 632 1742 humani
663 1676 877 1761 praedicasset,
911 1675 1020 1738 Judaei
1050 1674 1180 1759 quidam
1210 1674 1331 1738 Christi
1359 1674 1455 1737 fidem

348 1779 589 1862 amplectentes,
604 1779 780 1843 acclamare
800 1784 968 1861 coeperunt
989 1798 1110 1839 osanna
1131 1775 1196 1838 filio
1220 1776 1334 1848 David,
1351 1776 1383 1838 id
1404 1783 1454 1840 est

347 1880 428 1944 Jesu
451 1882 579 1946 Christo
602 1881 708 1966 palma
730 1887 764 1944 et
786 1878 927 1942 victoria.
945 1878 1110 1942 Vetusius.
1157 1880 1240 1942 Haec
1265 1878 1454 1942 acclamatio

349 2005 412 2046 non
437 1984 479 2046 ad
505 1984 665 2047 «Iacobum
695 1982 817 2046 directa
846 1986 905 2057 est,
931 1987 967 2043 ut
993 1981 1120 2065 putavit
1150 1981 1299 2065 Scaliger,
1326 1981 1381 2044 sed
1411 1981 1454 2044 ad

349 2083 521 2160 Christum,
547 2085 678 2168 perinde
707 2091 744 2147 ut
772 2081 970 2167 glorificatus
996 2081 1057 2145 fuit
1085 2083 1127 2145 ab
1155 2081 1276 2159 iisdem,
1302 2082 1355 2166 qui
1386 2081 1454 2146 haec

348 2185 508 2261 dicebant,
530 2208 593 2248 nou
617 2186 768 2260 Jacobus,
790 2184 846 2247 sed
869 2184 969 2246 Deus.
1001 2182 1177 2247 Flammas.
1222 2183 1277 2245 Ad
1298 2183 1453 2246 acchma-

347 2286 468 2350 tionem
482 2288 632 2351 Hocaaaa
647 2287 732 2371 quod
747 2286 876 2359 attinet,
892 2285 939 2348 ait
954 2287 977 2349 J
979 2307 1098 2349 oannes
1113 2285 1253 2351 Clericus
1267 2287 1351 2350 Hist.
1367 2286 1453 2351 Ecci.

347 2388 390 2450 ad
409 2409 550 2451 an.1.xn.
574 2387 702 2450 minime
722 2386 851 2470 liquere,
870 2386 957 2450 illam
977 2385 1051 2450 solis
1070 2387 1265 2473 scenopegia
1286 2389 1398 2452 diebus
1419 2395 1452 2455 et

347 2512 368 2553 a
382 2511 488 2552 ramos
501 2489 703 2574 gestantibus
718 2509 786 2551 esse
801 2489 931 2552 factam.

392 2593 430 2653 P.
443 2610 477 2654 ai
489 2611 515 2653 ι.
531 2590 551 2652 l.
563 2610 595 2674 3.
619 2592 657 2656 ὣς
672 2589 764 2674 truh]
791 2590 831 2652 In
846 2591 994 2653 omnibns
1009 2591 1126 2655 nostris
1141 2592 1373 2675 exemplaribus
1388 2593 1452 2655 duo

347 2700 422 2756 sunt
446 2692 600 2756 vocabula
622 2693 661 2758 ὡς
687 2692 771 2755 ἀννά
826 2691 881 2756 Ita
910 2692 1008 2755 etiem
1038 2694 1124 2776 apud
1155 2694 1389 2777 Hieronymum
1418 2693 1451 2757 in

347 2792 611 2877 interpretatione
630 2795 792 2857 nominum
808 2792 1043 2857 Hebraicorum
1062 2795 1196 2869 Osanna,
1211 2795 1359 2878 salustra,
1374 2795 1455 2880 qaod

350 2896 458 2958 Groece
471 2895 587 2959 dicitur
601 2897 639 2961 ὡς
659 2895 745 2959 άννά.
797 2896 964 2979 Utramque
984 2906 1083 2959 catera
1104 2919 1209 2960 αανααα
1223 2920 1284 2981 per
1301 2907 1450 2961 ccteasom

348 2996 469 3060 lr'taram
491 2997 654 3081 lepeadara.
700 2996 741 3060 Id
763 3005 822 3073 est,
839 3019 961 3062 osanna
982 3005 1051 3061 tam
1077 2998 1110 3060 in
1135 2999 1276 3062 Hebraea
1298 3020 1394 3081 quam
1417 2998 1450 3060 in

347 3099 462 3162 Craeca
485 3098 593 3183 lingua
617 3099 753 3183 primam
776 3099 930 3183 syllabam
954 3100 1112 3183 producit.
1159 3099 1303 3163 Isidorus
1327 3122 1451 3184 quoque

347 3198 380 3261 in
394 3198 448 3261 lib.
461 3199 503 3261 vi.
520 3199 686 3284 originum,
702 3221 824 3263 osanna
846 3223 886 3263 ex
905 3202 1029 3264 duobus
1045 3201 1206 3265 vocabulis
1226 3202 1282 3265 Osi
1304 3209 1338 3264 et
1355 3203 1451 3264 Anna

347 3301 559 3385 compositum
583 3323 652 3364 esso
676 3308 825 3378 testatur,
849 3300 927 3365 elisa
950 3302 1070 3365 scilicet
1094 3324 1159 3365 una
1181 3302 1287 3377 litera,
1310 3303 1392 3366 sicut
1418 3303 1450 3364 in

347 3402 488 3465 versibus
516 3424 587 3465 cum
614 3402 804 3464 scandimus.
852 3404 905 3465 Osi
934 3405 1013 3466 caira
1042 3404 1181 3487 salvifica
1210 3406 1449 3489 irttcrpretatar:

346 3506 443 3567 Anna
466 3503 629 3586 interjectio
654 3513 703 3579 aet,
728 3512 838 3566 catara
864 3506 963 3567 caiani
987 3506 1161 3589 apriijicaas
1185 3505 1238 3569 aab
1263 3506 1452 3591 deprecantis

346 3606 463 3685 affecta.
508 3605 586 3685 Qnae
616 3604 733 3668 Isidori
759 3606 856 3668 verba
886 3607 1055 3692 desumpta
1085 3616 1160 3692 sunt
1189 3630 1229 3671 ex
1260 3608 1450 3692 Hieronymi

348 3704 494 3790 Epistola
513 3726 582 3789 ¹45·
598 3706 640 3769 ad
662 3706 846 3769 Damasum.
893 3707 1017 3770 Eadem
1039 3710 1105 3773 fere
1127 3709 1225 3773 habet
1249 3709 1449 3794 Augustinus

346 3807 380 3870 in
395 3807 447 3869 lib.
461 3808 501 3870 de
516 3807 662 3871 doctrina
678 3808 754 3872 Chr.
772 3830 840 3892 cap.
854 3808 885 3870 ii.
911 3808 1074 3872 Vetusius

390 3908 475 3972 Ibid.
491 3909 512 3971 l.
527 3926 558 3992 5.
582 3913 622 3994 τῷ
636 3910 749 3993 Ἰησοῦ]
777 3906 961 3993 Legendum
983 3910 1109 3973 videtur
1129 3916 1169 3994 τῷ
1184 3911 1318 3994 Ἰακώβῳ
1339 3910 1386 3973 vel
1407 3918 1447 3996 τῷ

344 4009 446 4089 Ἰησοῦ
458 4017 580 4097 μαθητῇ.
604 4012 753 4074 Casurus.
786 4011 910 4074 Nollem
924 4012 985 4075 hoc
1000 4013 1153 4075 excidisse
1166 4012 1234 4076 viro
1249 4013 1447 4088 doctissi11103

346 4134 447 4196 neque
461 4112 556 4177 aliter
569 4115 609 4176 de
625 4113 809 4196 conjectura
822 4112 890 4196 ejus
905 4114 1005 4177 sentit
1021 4114 1218 4188 Gallandins‚
1235 4113 1288 4196 qni
1304 4113 1384 4175 duas
1399 4114 1448 4177 vel

345 4221 411 4277 tres
425 4237 499 4277 suas
522 4215 620 4298 ipsius
643 4225 736 4278 notas
754 4223 872 4298 praeter
887 4238 997 4279 omnes
1018 4216 1087 4278 illas
1111 4215 1228 4279 Valesii
1244 4215 1276 4276 in
1293 4214 1447 4297 Hegesip-

345 4336 421 4398 pum
441 4315 473 4377 iu
488 4314 676 4378 Bibliotheca
691 4338 749 4378 sua
766 4317 901 4378 Petraia
916 4317 1043 4400 adjecit.

389 4416 472 4479 Ibid.
483 4417 502 4479 l.
514 4419 543 4480 6.
555 4420 637 4480 ἀλλὰ
652 4417 830 4495 ἀναβάντες,
844 4417 1078 4501 καταβάλωμεν]
1097 4417 1314 4495 καταλάβωμεν
1326 4438 1384 4499 pro
1397 4442 1447 4478 κα·

344 4521 527 4596 ταβάλωμεν
553 4519 598 4581 ed.
626 4518 729 4603 Steplt.
756 4516 826 4580 ἀλλ’
859 4518 1028 4595 ἀναβάντες
1055 4517 1293 4595 καταβάλλωμεν
1319 4516 1447 4600 Nicaplt.
1530 4587 1533 4593 .

346 4616 480 4681 Srnorn.
512 4619 558 4683 Et
569 4627 646 4683 ante
664 4619 824 4683 Valesium
840 4620 1059 4697 καταβάλωμεν
1071 4618 1279 4701 rescripserat
1293 4618 1335 4679 ad
1357 4639 1447 4682 oram

346 4720 396 4782 ed.
409 4720 688 4805 StephJosephus
700 4721 855 4805 Scaliger;
867 4721 942 4785 dnm
954 4719 1232 4802 καταβάλλωμενίιι
1244 4720 1355 4782 eodem
1366 4719 1446 4782 libro

890 4825 926 4886 ri
