3809 5650
397 687 462 747 420
593 709 597 714 -
774 674 1130 740 ANNOTATIONES

397 849 429 913 J.
449 849 491 912 D.
518 844 684 910 Michaelis
720 844 909 908 collocatam
941 843 1076 905 eandem
1112 863 1182 906 esse
1216 843 1248 906 iu
1282 841 1403 907 Bibliis
1443 842 1507 908 Vel.

399 947 589 1013 Gcrmcmas
621 945 705 1009 circa
737 964 789 1007 an.
824 949 916 1022 1462.
948 941 1035 1026 typis
1068 941 1239 1026 impressis.
1299 942 1434 1020 Verum,
1469 951 1510 1007 ut

396 1050 460 1114 duc
475 1045 670 1131 exemplaria
689 1044 814 1107 Mssa
835 1043 931 1126 hujus
948 1042 1093 1126 epistolae
1108 1043 1194 1127 apud
1215 1065 1273 1106 nos
1293 1043 1507 1120 oxonienses,

397 1150 453 1227 ita,
478 1148 511 1210 ni
535 1147 638 1222 fallor,
663 1152 730 1208 tres
755 1143 849 1208 alteri
872 1144 967 1207 modo
990 1143 1068 1207 dicti
1097 1143 1181 1221 libri,
1206 1144 1391 1227 opusculum
1420 1142 1509 1208 idem

397 1270 528 1334 prorsus
542 1247 594 1311 vix
609 1253 731 1310 tenent

442 1351 480 1412 P.
492 1351 565 1433 396.
581 1347 602 1410 l.
613 1367 644 1430 9.
666 1345 707 1408 ad
723 1345 868 1408 haeresim
885 1342 1076 1428 Marcionis]
1095 1346 1216 1424 Graece,
1233 1347 1355 1410 κατὰ
1324 1372 1379 1424 την
1390 1346 1508 1426 αἵρεσιν

397 1457 451 1514 τοῦ
473 1449 660 1530 Μαρκίωνος.
684 1446 760 1510 Veli.
779 1445 872 1509 Glcm
896 1447 1076 1524 Sacamum,
1091 1447 1143 1523 ad,
1161 1447 1293 1510 κατά*
1295 1447 1434 1510 ‘Altera
1454 1445 1508 1509 hio

399 1550 624 1637 “J'praeterca
653 1549 757 1632 inquit
787 1547 1031 1623 Freindallen‘
1034 1548 1249 1632 ‘subreptitia
1274 1569 1347 1612 cum
1375 1547 1509 1662 inscrip-

400 1661 419 1688 “
434 1652 532 1725 tione,
547 1650 590 1713 ad
607 1648 854 1725 Alexandrinos,
870 1649 1008 1711 occurrit
1029 1647 1122 1711 Pauli
1140 1648 1285 1733 epistola,
1300 1648 1340 1711 de
1360 1669 1425 1732 qua
1438 1647 1508 1732 qui·

398 1759 420 1791 ‘⁸
435 1753 517 1828 dem,
534 1749 610 1834 quid
625 1749 866 1825 statuendum,
858 1771 916 1832 ipsi
908 1748 1116 1813 Muratorio
1135 1749 1336 1833 exploratum
1355 1770 1421 1811 non
1434 1756 1507 1824 est3

400 1863 422 1893 “
439 1855 515 1937 quin
530 1875 587 1916 nec
602 1873 661 1936 ego
676 1851 813 1925 memini,
829 1851 869 1913 de
883 1849 976 1913 simili
992 1849 1127 1932 epistola
1142 1871 1282 1933 unquam
1294 1849 1413 1932 aliquid
1427 1848 1507 1912 mihi

399 1954 556 2020 “venisse
571 1954 612 2018 ad
628 1974 750 2016 manus.
781 1952 927 2015 Litteras
942 1971 1038 2034 porro
1049 1950 1144 2013 hasce
1155 1958 1225 2013 tum
1239 1951 1282 2014 ad
1294 1949 1507 2026 Laodicenos,

400 2066 422 2096 “
437 2065 507 2121 tmn
533 2053 779 2127 Alexandrinos,
806 2051 1031 2115 confirmandae
1056 2051 1214 2114 haereseos
1239 2050 1507 2115 Marcionitarum

400 2156 544 2242 “gratia
564 2154 720 2219 conflatas
733 2153 830 2216 luisse
853 2161 967 2215 auctor
982 2157 1092 2215 noster
1111 2157 1357 2225 commemorat;
1380 2172 1444 2235 quo
1458 2151 1506 2225 fit,

400 2266 422 2295 ‘⁸
437 2265 474 2320 ut
489 2255 602 2339 origini
616 2274 727 2318 earum
741 2263 830 2317 certa
845 2253 967 2337 epocha
982 2251 1036 2336 figi
1051 2251 1163 2336 possit.
1201 2251 1304 2332 Quid!
1326 2253 1411 2336 quod
1427 2251 1509 2335 Epi-

402 2364 422 2394 “
436 2353 545 2440 phanii
568 2374 693 2437 quoque
715 2354 933 2417 testimonium
955 2353 1041 2416 bisce
1063 2361 1225 2428 consonet,
1242 2353 1354 2416 baeresi
1373 2351 1438 2416 xlii.
1461 2351 1509 2415 di-

403 2462 422 2492 “
437 2462 523 2518 sertc
545 2453 727 2529 scribentis3
760 2453 958 2517 Marcionem
984 2453 1173 2517 roborandis
1196 2451 1262 2516 suis
1283 2451 1443 2516 erroribus
1464 2451 1508 2516 ab

403 2564 422 2593 ‘⁴
439 2554 585 2638 Epistola
599 2556 641 2617 ad
653 2554 848 2618 Laodicenos
863 2553 1005 2617 subsidia
1015 2554 1206 2617 mutuaesc.”

446 2655 530 2721 Ibid.
545 2655 567 2718 l.
581 2675 632 2719 10.
654 2654 751 2740 recipi
771 2677 834 2718 non
856 2655 974 2738 potest]
998 2654 1053 2717 Ad
1068 2653 1200 2718 formam
1216 2654 1321 2718 Graeci
1343 2653 1509 2729 sermonis,

402 2755 697 2837 παραλαμβάνεσθαι
711 2756 746 2819 οὔ
761 2757 887 2819 δυνατόν
903 2757 978 2818 ἐστι.
1017 2755 1081 2819 Sed
1094 2762 1222 2840 possunt
1234 2777 1293 2840 pro
1305 2763 1404 2841 potest
1417 2775 1509 2839 repo·

403 2880 478 2921 nere
492 2858 561 2921 vult
576 2856 782 2920 Freindaller.

448 2958 530 3022 Ibid.
545 2958 567 3021 l.
582 2978 632 3020 11.
650 2958 708 3021 Fcl
722 2957 807 3022 enim
822 2979 893 3021 cum
907 2958 999 3021 melle
1014 2957 1137 3022 misceri
1153 2980 1216 3022 non
1227 2956 1386 3042 congruit]
1407 2954 1509 3019 Simili

404 3082 479 3124 usus
488 3066 539 3123 est
549 3059 738 3142 metaphora
749 3057 915 3122 SENIOR
925 3060 976 3122 ille
987 3060 1073 3143 apud
1082 3060 1235 3122 Ircnoeam
1247 3080 1319 3143 pag.
1328 3059 1382 3136 48.
1395 3057 1509 3121 harum

404 3161 577 3245 Reliquior.
623 3161 665 3222 Io
680 3160 741 3222 Dei
755 3160 830 3223 lactc
842 3180 969 3244 pypaon
988 3160 1065 3223 mole
1078 3162 1226 3224 mucetum
1271 3160 1382 3224 Verba
1400 3165 1510 3222 autem

405 3262 530 3345 aptiora
561 3283 645 3324 nunc
677 3261 768 3323 video
798 3260 983 3343 apposuisse
1013 3261 1172 3324 Simonem
1202 3262 1241 3324 de
1274 3260 1444 3344 Magistris
1469 3281 1511 3322 ex

406 3362 537 3425 Hermae
553 3363 677 3423 Pastore
695 3360 875 3444 desumpta,
898 3360 974 3423 ’sav
988 3365 1046 3441 γὰρ
1063 3364 1170 3440 λαβὼν
1186 3363 1329 3443 spiritur
1342 3361 1448 3441 μικρὸν
1468 3362 1511 3427 εἰς

408 3462 547 3542 κεράμιον
560 3461 681 3539 μέλιτος
696 3463 832 3546 ἐπιχέῃς,
846 3462 914 3543 οὐχὶ
929 3464 1004 3525 ὅλου
1018 3462 1053 3524 τὸ
1067 3462 1137 3539 μέλι
1152 3464 1343 3543 &perstem
1365 3461 1398 3525 ii.
1408 3484 1439 3526 v.
1454 3481 1481 3524 1.

452 3561 536 3624 Ibid.
552 3559 572 3624 l.
588 3579 636 3622 12.
653 3567 687 3622 et
701 3561 905 3645 superscripti
920 3560 1080 3626 Johannis
1094 3563 1189 3646 duas]
1212 3561 1249 3626 L.
1265 3562 1348 3641 duce,
1363 3569 1400 3625 ut
1414 3581 1512 3645 supra

407 3663 460 3725 lin.
476 3678 507 3743 5.
539 3660 714 3737 Stoschius‚
737 3661 785 3724 Dc
808 3663 931 3726 Caeca
951 3662 1040 3726 labb.
1055 3665 1101 3727 N.
1119 3664 1154 3726 Τ.
1172 3666 1201 3745 §.
1213 3663 1268 3727 liii.
1291 3664 1359 3727 haec
1381 3662 1511 3726 scribit.

407 3764 602 3826 “Autorem
623 3762 717 3845 hujus
738 3762 909 3847 fragmenti
931 3763 974 3827 ad
988 3764 1102 3828 ultima
1123 3764 1218 3829 seculi
1234 3788 1267 3828 ιι.
1282 3764 1330 3827 vel
1349 3762 1441 3826 initia
1463 3783 1512 3826 se·

408 3872 428 3902 “
444 3863 505 3928 culi
522 3886 566 3926 111.
582 3863 782 3927 referendum
797 3885 875 3939 csse,
890 3885 931 3926 ex
950 3886 988 3927 eo
1009 3864 1133 3949 colligo,
1151 3865 1235 3949 quod
1245 3852 1340 3930 baud
1360 3885 1462 3947 pauca
1477 3863 1512 3926 in

410 3974 430 4004 “
445 3987 483 4029 co
507 3966 547 4027 de
569 3964 658 4027 libris
680 3964 766 4027 Novi
789 3965 986 4029 Testamenti
1012 3974 1191 4042 occurrant,
1214 3988 1284 4051 quae
1312 3964 1514 4049 opinionibus

410 4072 431 4104 “
447 4066 645 4149 quorundam
657 4065 909 4129 Christianorum
925 4066 1123 4131 illiusaetatis
1137 4067 1229 4149 plane
1242 4066 1415 4129 coniomria
1425 4070 1514 4130 suut.

411 4174 431 4205 “
448 4165 575 4229 Scilicet
594 4186 619 4228 ι.
650 4167 854 4230 Omittuntur
867 4167 900 4228 in
915 4167 1011 4230 hocce
1027 4168 1178 4231 librorum
1191 4167 1360 4231 Sacrorum
1371 4164 1513 4242 Sauone,

411 4267 585 4351 “epistola
602 4267 645 4331 ad
666 4267 833 4343 Hebraeos,
846 4266 981 4350 epistola
999 4267 1023 4330 J
1024 4267 1128 4344 acobi,
1148 4275 1183 4332 et
1199 4267 1223 4330 J
1224 4266 1359 4331 ohannis
1374 4263 1513 4350 apostoli

412 4377 433 4407 “
449 4390 512 4431 non
541 4368 602 4431 nisi
631 4369 702 4431 duae
725 4374 1024 4431 commemorantur.
1066 4367 1143 4431 Jam
1166 4389 1241 4432 vero
1264 4358 1442 4449 utramque,
1468 4365 1513 4428 ad

410 4475 433 4504 “
448 4468 605 4532 Hebraeos
619 4476 653 4532 et
666 4468 690 4531 J
691 4467 782 4531 acobi
797 4468 975 4552 epistolam,
990 4466 1066 4551 quin
1081 4467 1178 4531 ctiam
1194 4466 1323 4531 tertiam
1341 4467 1363 4527 J
1366 4461 1512 4539 ohannis,

412 4574 431 4603 ‘⁴
447 4588 556 4630 versus
570 4569 665 4632 seculi
685 4569 813 4632 secundi
832 4568 937 4645 linem,
953 4591 974 4632 a
988 4567 1176 4651 quibusdam
1190 4569 1222 4632 in
1244 4588 1365 4630 canone
1384 4586 1447 4627 non
1462 4585 1513 4627 re·

412 4669 434 4703 ‘⁶
449 4666 532 4730 latas
546 4669 650 4745 fuisse,
666 4668 847 4732 clarissimis
867 4668 1057 4733 testimoniis
1076 4676 1213 4733 constat.
1258 4666 1351 4745 Quod
1370 4663 1454 4730 enim
1468 4664 1513 4728 ad
