3809 5650
397 633 444 697 90
791 629 1149 694 ANNOTATIONES

448 799 535 863 Ibid.
548 798 571 861 l.
587 811 618 877 7.
643 798 672 859 οί
686 801 738 859 τοῦ
755 798 864 877 Κυρίου
883 798 1013 876 μαθηταὶ
1032 795 1190 880 λέγουσιν]
1205 796 1310 860 Abest
1330 799 1360 860 οί
1379 791 1513 881 Νἱοορί.

407 898 539 966 Srnoru.
584 900 618 960 A
632 897 738 982 priore
753 896 924 981 Nicephori
938 897 1024 978 ῥήσει
1037 897 1144 960 omnia
1158 897 1256 960 verba
1272 897 1401 960 absunt.
1447 896 1514 960 Ru·

408 1003 492 1065 finus
505 1007 625 1075 cutem,
640 1000 716 1062 dum
730 998 826 1062 vertit
840 998 901 1061 hoc
915 999 1020 1074 modo,
1030 1019 1099 1082 quos
1113 997 1160 1060 υοί
1169 997 1307 1060 Annios
1321 995 1515 1061 callosum

403 1101 570 1189 presbyter,
594 1099 763 1183 caeterique
785 1098 928 1182 discipuli
950 1096 1097 1173 dicebant,
1119 1096 1232 1181 legisse
1254 1097 1389 1176 videtur,
1414 1099 1463 1162 καὶ
1484 1099 1515 1161 οἱ

410 1205 502 1268 ἄλλοι
516 1209 568 1267 τοῦ
584 1203 693 1281 Κυρίου
712 1199 839 1278 μαθηταὶ
859 1206 890 1260 λ.
937 1198 1030 1261 Nunc
1049 1197 1148 1261 refert
1164 1198 1328 1262 Burtonus
1349 1199 1463 1263 abesse
1484 1200 1515 1262 ol

411 1305 529 1369 ibidem
553 1325 574 1368 a
600 1301 699 1366 codice
723 1300 833 1363 Paris.
852 1298 971 1383 priori,
998 1299 1112 1375 Veneto,
1136 1304 1169 1362 et
1192 1308 1314 1384 utroquo
1326 1299 1515 1365 Ferocem.

412 1406 571 1472 Gaetemm
593 1403 634 1467 dc
656 1403 778 1466 duobus
801 1401 887 1464 hisce
910 1400 1032 1464 Christi
1055 1400 1224 1484 discipulis,
1245 1401 1388 1464 nonnihil
1412 1399 1514 1466 habet

414 1506 571 1571 Eusebius
593 1506 625 1568 in
642 1505 711 1568 loco
733 1524 807 1566 mox
827 1501 997 1574 afferendo,
1013 1502 1055 1565 ad
1075 1523 1170 1585 quem
1192 1502 1231 1564 de
1246 1502 1358 1566 iisdem
1373 1502 1446 1587 plus
1458 1502 1517 1567 nli·

414 1607 489 1693 quid
504 1608 616 1672 dicam

459 1710 543 1773 Ibid.
560 1709 580 1772 l.
597 1710 627 1781 8,
648 1708 683 1771 οὗ
705 1710 763 1788 γὰρ
785 1708 823 1768 τὰ
845 1706 878 1767 ἔκ
899 1708 959 1767 τῶν
979 1705 1112 1784 βιβλίων
1136 1706 1208 1789 dte]
1234 1706 1396 1787 Quosnam
1417 1705 1516 1770 libros

414 1810 533 1896 Papias
549 1809 609 1873 hoc
620 1806 690 1871 loco
701 1805 868 1890 designare
881 1803 1000 1868 voluit?
1032 1804 1149 1890 Ipsane
1160 1807 1384 1891 discipulorum
1395 1806 1516 1872 christi

413 1913 551 1996 scripta;
569 1931 611 1973 an
625 1908 732 1992 potius
747 1906 880 1970 aliorum
895 1907 1094 1989 quorundam
1109 1930 1217 1993 opera,
1228 1908 1260 1971 in
1272 1931 1343 1995 quae
1355 1929 1517 1974 sermones

414 2019 448 2074 ct
474 2011 626 2094 dogmata
647 2006 871 2090 discipulorum
892 2005 996 2069 relata
1017 2014 1129 2082 erant;
1161 2031 1295 2094 quorum
1316 2010 1419 2074 multa
1440 2030 1517 2094 apo·

415 2110 535 2175 stolicis
545 2108 643 2173 etiam
654 2105 859 2192 temporibus,
870 2106 967 2170 immo
976 2107 1136 2172 interdum
1147 2110 1287 2194 ipsorum
1298 2111 1517 2195 apostolorum

415 2208 594 2274 nominibus
614 2208 694 2271 falso
716 2207 878 2291 inscripta,
901 2207 1094 2272 circumferri
1120 2208 1285 2275 solebant!
1336 2211 1387 2275 Ut
1410 2209 1516 2273 dicere

415 2307 492 2371 nulii
507 2307 634 2392 quidem
648 2313 762 2370 auctor
775 2305 931 2383 videatur,
946 2328 1010 2368 nou
1024 2312 1150 2370 tantam
1165 2307 1339 2371 utilitatem
1352 2329 1387 2370 se
1401 2326 1515 2390 capere

416 2429 509 2493 posse
539 2429 578 2470 ex
607 2405 696 2469 libris
724 2405 911 2490 quibusdam
938 2406 978 2469 dc
1001 2406 1148 2471 doctrina
1173 2406 1293 2472 Christi
1317 2413 1416 2491 atquc
1440 2428 1517 2491 apo-

416 2508 569 2571 stolorum
588 2505 783 2590 conscriptis,
800 2511 954 2590 quantam
973 2527 1013 2569 cx
1033 2505 1196 2569 hominum
1216 2505 1424 2591 superstitum
1443 2527 1516 2569 nar·

415 2608 551 2684 ratione,
567 2607 621 2691 qui
643 2605 804 2691 apostolos
824 2606 968 2670 comitati
989 2612 1104 2669 essent.
1150 2608 1190 2669 In
1210 2606 1297 2670 aliud
1317 2613 1427 2670 tamen
1449 2607 1517 2691 pln-

415 2709 514 2771 rimcs
535 2707 614 2771 alios
635 2707 789 2771 abeuntes
810 2707 912 2783 video,
930 2714 1000 2769 tum
1022 2728 1097 2770 vero
1118 2707 1219 2770 virum
1241 2706 1334 2792 plane
1357 2707 1517 2772 eruditum

417 2809 595 2875 Robcrtum
629 2809 795 2874 Abbotum
824 2809 855 2872 in
886 2808 1146 2872 memratiac
1177 2831 1236 2872 sua
1261 2809 1456 2886 Anticlmirtc‘,
1485 2807 1518 2873 in

418 2911 637 2995 &clipericcis
653 2933 673 2974 a
694 2910 853 2994 Scaligero
871 2909 1018 2973 laudibus
1042 2917 1166 2987 ornata,
1183 2910 1233 2973 cui
1257 2910 1384 2995 quidem
1399 2911 1521 2996 Papias

416 3012 542 3076 videtur
556 3011 628 3098 plus
642 3011 816 3075 traditione
830 3012 908 3075 vivae
927 3011 1013 3075 vocis
1031 3032 1128 3095 quam
1147 3012 1341 3095 consignatis
1362 3012 1396 3076 S.
1412 3011 1518 3097 Scrip-

415 3120 561 3177 turarum
583 3112 701 3176 tabulis
722 3112 924 3194 acquievisse,
940 3134 968 3175 c.
984 3112 1004 3174 i.
1019 3115 1049 3192 ξ.
1067 3131 1095 3175 2.
1143 3114 1217 3177 Hoc
1239 3112 1366 3199 quidem
1388 3136 1519 3199 prorsus

416 3213 554 3297 imperiti
569 3211 704 3274 hominis
718 3211 838 3286 fuisset,
855 3233 895 3273 ne
909 3212 1037 3295 gravius
1053 3212 1128 3296 quid
1144 3213 1257 3292 dicam,
1274 3237 1348 3278 narn
1367 3216 1416 3280 ita
1428 3216 1518 3280 audi-

416 3315 480 3378 tori
496 3313 602 3397 potius
616 3311 755 3386 credere,
771 3332 866 3394 quam
885 3311 945 3394 ipsi
966 3312 1088 3376 doctori
1109 3313 1259 3378 voluisset
1274 3315 1401 3398 Papias,
1417 3316 1444 3379 is
1463 3316 1520 3400 qui

417 3435 475 3476 sua
490 3412 558 3495 ipse
573 3410 674 3473 literis
694 3411 947 3474 commendabat.
993 3412 1144 3497 Alioquin
1164 3436 1233 3477 rem
1252 3437 1402 3501 maguam
1420 3425 1519 3503 atquc

416 3512 602 3599 praeclaram
617 3510 712 3575 fuisse
724 3512 877 3590 novimus,
889 3514 921 3577 id
933 3516 1018 3599 quod
1034 3515 1154 3599 optime
1168 3517 1265 3581 vertit
1280 3518 1426 3595 Rufinus,
1439 3520 1519 3584 cioae

416 3616 494 3678 cocis
501 3613 718 3698 proesmticqcc
732 3614 947 3698 mcpiatericm.
979 3615 1090 3699 Neque
1104 3639 1178 3681 vero
1192 3617 1325 3685 traditio
1340 3619 1518 3685 istiusmodi

415 3736 488 3778 eum
515 3713 661 3798 neglectu
696 3736 795 3778 sacrae
828 3716 993 3800 scripturae
1024 3718 1172 3802 conjungi
1202 3719 1348 3794 solebat;
1379 3742 1518 3808 namque

416 3816 565 3892 Irenaeus,
581 3815 671 3898 cujus
686 3815 811 3899 pagina·
825 3817 890 3878 ferc
905 3837 1015 3879 omnes
1026 3816 1215 3882 testimoniis
1225 3820 1401 3885 divinarum
1416 3823 1515 3907 scrip-

415 3927 560 3982 turarum
575 3916 701 3980 rcicrtae
722 3924 809 3992 sunt,
825 3918 864 3979 de
885 3939 919 3979 se
939 3917 1008 4000 ipso
1028 3919 1095 3981 haec
1116 3919 1246 3993 scribit;
1271 3922 1429 3999 nimirum,
1444 3945 1517 3987 cum

411 4019 536 4103 juvenis
555 4018 728 4081 admodum
749 4024 842 4089 essct,
858 4018 969 4081 audire
990 4041 1023 4081 se
1045 4020 1173 4083 solitum
1196 4043 1264 4085 csse
1285 4044 1306 4086 a
1328 4024 1517 4109 Polycarp0‚

416 4141 487 4201 quae
512 4118 563 4182 ille
585 4119 625 4181 de
650 4119 780 4182 Christo
803 4118 942 4181 Domino
965 4119 1007 4182 ab
1031 4121 1189 4187 αὐτοπταῖο
1210 4121 1392 4207 accepisset,
1417 4147 1519 4210 eaque

415 4219 532 4294 omnia,
542 4224 581 4282 ut
595 4219 654 4294 ait,
666 4240 738 4281 cum
754 4219 852 4283 sacris
868 4220 1033 4305 scripturis
1048 4224 1276 4307 congruentia;
1291 4228 1392 4300 ταῦτα,
1403 4224 1520 4310 inquit,

415 4319 464 4381 καὶ
483 4320 550 4382 τότε
568 4322 617 4382 διὰ
634 4319 668 4381 τὸ
691 4320 777 4386 ἔλεος
797 4325 853 4383 τοῦ
871 4325 954 4384 Θεοῦ
977 4321 1011 4385 τὸ
1036 4325 1081 4385 ἐπ’
1104 4324 1169 4400 ἐμοὶ
1194 4324 1322 4404 γεγονὸς
1347 4328 1518 4393 σπουδαίως

413 4419 531 4497 ἤκουον,
553 4421 859 4498 ὕπομνηματιζόμενος
882 4422 967 4497 αὐτὰ,
991 4421 1043 4484 οὐκ
1066 4424 1100 4485 ἓν
1122 4421 1226 4503 χάρτῃ,
1250 4422 1320 4487 ἀλλ’
1345 4426 1379 4488 ἒν
1400 4429 1435 4504 τῇ
1460 4429 1516 4513 ἐμῇ

414 4521 529 4603 καρδίῃ*
553 4520 601 4582 καί
620 4519 667 4581 ἀεὶ
687 4521 736 4581 aa
755 4520 810 4598 τὴν
829 4519 918 4601 χάριν
939 4524 992 4586 τοῦ
1016 4527 1098 4587 Θεοῦ
1119 4527 1249 4605 γνησίως
1272 4526 1346 4590 αὐτὰ
1368 4528 1518 4609 ἆνομαρυ·

413 4626 515 4698 κῶμοι.
558 4617 660 4702 Epist.
681 4618 728 4682 cd
746 4619 912 4683 Floriana
932 4624 1019 4706 apud
1042 4623 1159 4689 Euseb.
1180 4625 1234 4691 lib.
1256 4650 1286 4692 v.
1307 4627 1391 4692 Hte.
1414 4650 1441 4692 ο.
1466 4649 1521 4695 20.
