3809 5650
457 693 522 762 290
832 688 1188 754 ANNOTATIONES

458 868 599 926 mutasse
613 859 730 924 dicitur
738 882 748 934 ;
770 880 808 923 ac
822 866 979 943 praeterea
994 859 1139 944 quasdam
1159 859 1252 942 hujus
1272 857 1465 922 narrationis
1482 866 1558 923 sunt

457 963 619 1049 adjuncta,
642 983 713 1046 quoe
738 961 771 1024 in
794 960 959 1024 Eleutheri
985 982 1196 1025 successorem
1217 961 1324 1046 aptius
1345 959 1554 1034 conveniaut;

458 1065 560 1129 satius
574 1065 674 1128 visum
689 1070 738 1127 est
753 1063 835 1126 hanc
845 1064 1055 1127 mutationem
1068 1063 1193 1127 Victori
1208 1063 1397 1127 adscribere.
1432 1063 1557 1147 Quippe

459 1168 612 1245 Praxeas,
627 1174 664 1230 ut
679 1165 893 1229 Tertullianus
908 1166 1058 1250 loquitur,
1075 1166 1254 1229 Romanum
1271 1161 1465 1249 pontificem,
1472 1185 1557 1247 pru

458 1291 601 1336 maura
629 1268 692 1352 ejas
719 1268 910 1332 auctoritates
938 1268 1133 1352 ussedom,
1160 1268 1251 1352 soeph
1276 1268 1392 1331 litteras
1410 1265 1501 1348 pacis
1526 1265 1559 1327 in

457 1373 597 1460 gratiam
627 1369 777 1434 Montani
798 1370 868 1453 jam
895 1371 1018 1435 omasus
1041 1390 1191 1435 reuocare.
1236 1370 1339 1454 Atqui
1366 1369 1559 1432 Eleutherna

458 1474 621 1560 proximus
635 1494 796 1536 successor
811 1472 933 1536 Soteris
947 1473 1018 1550 fuit,
1034 1474 1075 1536 ad
1091 1473 1181 1557 cujus
1195 1494 1314 1536 annum
1328 1479 1478 1556 quartum
1498 1470 1557 1535 Oa

458 1576 651 1660 tuphrygum
688 1597 744 1638 seu
775 1575 1049 1639 Montanistarum
1079 1574 1232 1660 originem
1263 1573 1419 1637 Eusebius
1447 1571 1557 1635 refert.

458 1675 532 1740 Non
553 1675 651 1760 igitur
673 1676 816 1739 Praxeas
839 1676 1013 1739 Eleuthero
1028 1698 1245 1761 praeessemus
1266 1675 1329 1759 ejus
1354 1674 1557 1744 auctoritates,

458 1779 514 1844 sed
529 1779 622 1842 unius
637 1778 761 1843 Soteris
773 1779 1000 1843 auctoritatem
1019 1781 1170 1844 adversus
1185 1779 1405 1844 Montanistas
1416 1778 1559 1862 proferre

458 1882 623 1967 potuisset.
669 1881 795 1945 Deinde
817 1903 857 1945 ex
879 1881 982 1945 verbis
998 1881 1184 1946 Tertulliani
1207 1881 1381 1956 conficitur,
1399 1880 1557 1942 Praxeam

458 1984 491 2047 in
505 1985 617 2048 urbem
631 1983 761 2060 venisse,
772 1982 878 2067 ibique
892 1984 1038 2047 baeresim
1050 2006 1140 2048 suam
1151 1984 1381 2047 disseminasse.
1420 1982 1558 2046 Aliunde

457 2108 533 2152 vero
562 2092 673 2149 notum
706 2093 768 2159 est,
791 2084 938 2149 haeresim
969 2085 1052 2149 illius
1086 2108 1149 2149 non
1175 2086 1263 2170 prius
1287 2085 1438 2169 cmpisse‚
1462 2106 1558 2168 quam

458 2187 571 2251 Victor
584 2186 806 2271 pontificatum
822 2187 960 2270 adeptus
975 2194 1069 2250 esset.

501 2288 628 2354 (lartius
643 2293 692 2350 est
708 2286 890 2352 Gallicanos
903 2288 1029 2362 fratres,
1042 2309 1187 2351 unacum
1201 2286 1354 2351 relatione
1365 2306 1475 2349 eorum
1487 2307 1557 2368 qma

458 2395 616 2472 martyres
632 2387 778 2472 Lugduni
794 2388 879 2472 passi
898 2389 1037 2464 inerant,
1051 2389 1210 2473 privatum
1230 2388 1270 2451 de
1285 2387 1455 2463 Montano,
1471 2384 1557 2447 Alci-

458 2490 553 2555 biade
566 2513 605 2554 ac
620 2490 788 2554 Theodoto
799 2489 952 2574 judicium
967 2513 1069 2568 suum,
1081 2491 1261 2575 religiosum,
1274 2489 1376 2574 inquit
1388 2487 1555 2564 Eusebius,

457 2603 486 2658 et
509 2614 577 2657 cum
601 2592 762 2656 asebdana
778 2592 845 2675 fide
872 2593 1097 2657 ammutbsime
1123 2592 1311 2668 massaliam,
1337 2591 1380 2654 ad
1405 2589 1494 2653 Asiae
1523 2597 1557 2652 et

459 2693 609 2780 Phrygiae
624 2692 772 2758 ecclesias
787 2694 919 2757 misisse.
945 2695 1036 2758 ldem
1048 2694 1202 2779 judicium
1214 2692 1306 2758 simul
1317 2714 1371 2756 eos
1382 2691 1557 2755 Eleuthero

458 2801 571 2860 uotum
587 2794 698 2859 iecisse
713 2793 804 2858 valde
824 2795 989 2878 probabile
1012 2805 1072 2860 est.
1118 2797 1193 2861 Hoc
1215 2802 1311 2868 certe,
1328 2793 1466 2858 Eusebio
1488 2791 1557 2876 ipso

457 2903 554 2973 teste,
576 2896 818 2969 continuabant,
830 2898 965 2980 probatis
986 2900 1211 2983 interfectorum
1231 2898 1319 2983 apud
1337 2919 1367 2961 se
1388 2904 1559 2978 naumurum

458 2999 558 3063 curias
571 2997 710 3083 spinales
726 3019 801 3081 ques
815 2998 874 3076 illi,
887 3000 961 3063 dura
976 3001 1010 3063 in
1025 3002 1153 3065 uinculis
1167 3001 1267 3065 adhue
1280 3008 1377 3077 meent,
1383 2997 1505 3083 purtim
1516 2995 1561 3060 cd

448 3103 572 3186 fratres
595 3102 631 3163 iu
654 3099 793 3184 Phrygia
817 3100 961 3185 degentes,
980 3105 1101 3186 purtim
1125 3104 1170 3166 ad
1193 3102 1390 3167 Eleutherum
1412 3102 1559 3163 Βοηιαοιω

457 3204 541 3269 erut
562 3204 731 3287 epuccpum
751 3203 944 3287 saepserunt.
991 3205 1062 3270 Nec
1084 3206 1306 3291 ambigendum
1328 3204 1462 3279 videtur,
1481 3201 1557 3285 quin

457 3308 583 3372 litteras
604 3305 674 3369 illas
696 3305 940 3388 conscripserint
965 3315 1130 3391 martyres,
1151 3314 1321 3391 postquam
1346 3304 1556 3380 Alcibiadem,

458 3410 548 3493 cujus
567 3413 697 3471 austera
711 3405 834 3469 vivendi
853 3408 938 3472 ratio
955 3409 1164 3474 Montanistis
1185 3412 1290 3474 favere
1306 3409 1483 3486 videbatur,
1498 3427 1558 3468 uon

457 3522 535 3576 reete
557 3530 648 3593 usqu
669 3507 776 3571 odim
800 3510 899 3576 fucere
924 3510 1040 3574 Attalo
1066 3512 1241 3576 revelatum
1266 3513 1337 3577 fuit.
1383 3511 1556 3576 Cousrsnr.

458 3614 535 3679 Vid.
551 3612 634 3676 infra
647 3611 689 3674 ad
705 3610 758 3674 fin.
775 3610 876 3673 Errsr.
890 3614 1005 3675 Visun.
1015 3636 1052 3676 ar
1068 3614 1328 3679 Lnenunsnsrun.

825 3851 1195 3883 ψ

502 4013 633 4080 Interea
647 4013 764 4080 statuit
784 4014 852 4079 sine
874 4014 998 4091 idoneo,
1013 4014 1111 4077 immo
1133 4022 1242 4099 spreto
1257 4013 1362 4078 valido
1375 4013 1560 4078 testimonio

459 4115 630 4194 Semlerus,
641 4125 799 4203 martyres
813 4118 1043 4202 Lugdunenses
1055 4124 1088 4181 et
1100 4117 1292 4181 Viennenses
1306 4116 1401 4181 fuisse
1417 4117 1558 4200 partium

460 4218 743 4296 Montanistarum,
769 4220 911 4304 quamvis
935 4219 1083 4283 catholici
1109 4233 1221 4305 postea
1245 4220 1314 4299 haec
1339 4219 1468 4283 nomina
1493 4218 1559 4284 suis

458 4320 550 4385 fastis
564 4322 792 4407 inscripserint.
838 4320 1003 4387 Obsercctt.
1019 4322 1101 4384 Noc.
1115 4322 1167 4403 ἕξ.
1180 4320 1232 4385 28.
1243 4327 1277 4384 et
1290 4340 1343 4405 43.
1386 4321 1450 4385 Sed
1465 4321 1559 4407 plura

458 4422 499 4484 de
513 4421 573 4485 hac
588 4446 632 4499 re,
648 4425 775 4508 quando
789 4425 831 4488 ad
845 4423 941 4488 finem
957 4422 1098 4507 epistolae
1115 4424 1251 4488 fratrum
1267 4424 1385 4488 Vienn.
1402 4431 1436 4488 et
1452 4425 1558 4509 Lugd.

458 4523 644 4587 venerimus.
689 4525 866 4590 Ostendere
880 4531 989 4588 autem
1003 4523 1071 4589 vult
1088 4525 1120 4589 in
1140 4526 1224 4591 notis
1243 4528 1285 4591 ad
1303 4527 1476 4591 Eusebium
1491 4528 1556 4590 Va·

458 4622 563 4702 iosias,
573 4624 607 4688 S.
619 4625 778 4690 Irenaeum
791 4626 917 4691 litteras
932 4632 1109 4711 martyrum
1123 4628 1165 4691 ad
1175 4627 1382 4693 Eleutherum
1396 4649 1559 4714 nunquam

459 4746 571 4811 reapse
593 4727 770 4812 pertulisse,
785 4735 917 4813 propter
935 4731 1100 4814 angustias
1120 4730 1259 4797 ecclesiae
1280 4734 1438 4819 Lugduni·
1451 4740 1558 4798 reten-
