3809 5650
491 693 556 758 332
851 693 1230 755 ANNOTATIONES

493 859 604 923 Movet
626 880 677 922 me
701 860 812 945 primo,
829 862 914 945 quod
937 861 988 924 hie
1012 862 1130 925 mentio
1153 862 1190 924 fit
1214 861 1332 925 tribuni
1356 861 1503 924 militum.
1551 862 1595 924 Id

491 961 575 1023 enim
608 961 727 1044 optime
757 963 904 1025 convenit
932 961 1039 1045 legato
1069 962 1211 1038 Caesaris,
1242 962 1295 1045 qui
1325 983 1392 1024 rem
1421 961 1595 1024 militarem

491 1062 635 1124 curabat.
681 1062 804 1125 Deinde
819 1063 851 1124 in
866 1063 966 1126 veteri
981 1063 1187 1146 inscriptione
1204 1084 1300 1146 quam
1314 1063 1412 1128 refert
1432 1062 1595 1126 Gruterus

490 1185 564 1247 pag.
576 1179 651 1244 427.
666 1162 791 1245 legatus
804 1163 886 1246 Imp.
900 1163 1013 1229 Nervae
1030 1163 1160 1248 Trajani
1176 1163 1311 1228 Oaesaris
1327 1167 1412 1246 Aug.
1423 1164 1594 1248 provinciae

492 1264 712 1349 Lugdunensis
727 1264 918 1327 nominatur.
955 1263 1099 1347 Denique
1117 1265 1305 1348 Spartianus
1320 1264 1352 1327 in
1367 1265 1497 1341 Severe,
1509 1265 1594 1348 Lug-

491 1368 663 1432 dunensem
694 1366 897 1448 provinciam,
928 1387 986 1449 per
1015 1366 1138 1449 legatos
1169 1365 1306 1429 Caesaris
1334 1365 1595 1431 administratam

490 1467 586 1530 misse
602 1467 778 1550 imperante
799 1467 849 1531 M.
871 1467 1037 1530 Antonino
1058 1475 1206 1531 testatur.
1253 1467 1305 1530 Sic
1325 1468 1409 1529 enim
1424 1468 1534 1531 scribit
1554 1468 1596 1530 de

491 1569 616 1631 Severo.
661 1567 781 1630 Deinde
788 1568 984 1651 provinciam
999 1569 1228 1652 Iamidaaemem
1243 1569 1356 1652 lepctm
1370 1570 1493 1653 coemit.
1541 1569 1595 1632 Ac

490 1670 626 1732 sortasse
652 1668 685 1730 in
709 1668 768 1731 hac
794 1669 1052 1752 Lugdunensium
1079 1669 1213 1752 epistola
1237 1669 1370 1732 Severus
1396 1670 1593 1753 intelligitur.

491 1770 569 1833 Fuit
584 1770 669 1834 enim
683 1771 807 1853 legatus
823 1769 991 1854 provineiae
1008 1769 1228 1854 Lugdunensis
1242 1770 1301 1833 sub
1318 1770 1439 1834 Marce.
1479 1770 1543 1833 Sed
1559 1777 1594 1839 et

489 1872 513 1935 J
515 1873 608 1935 unius
623 1871 753 1946 Blaesus,
769 1892 862 1954 quern
878 1877 1034 1934 rectorem
1053 1870 1164 1935 Galliae
1181 1870 1401 1955 Lugdunensis
1415 1879 1509 1936 vocat
1530 1871 1593 1935 Ta·

490 1974 572 2037 citus
587 1974 619 2035 in
635 1973 737 2057 primo
752 1972 967 2049 historiarum,
983 1972 1108 2055 legatus
1122 1971 1192 2037 fuit.
1231 1974 1434 2055 Argumenta
1448 1978 1497 2035 est
1508 1972 1593 2057 legio

492 2074 608 2139 Italica
624 2080 657 2136 et
671 2074 724 2136 ala
739 2072 880 2135 Taurino
896 2073 1042 2157 Lugduni
1058 2074 1202 2145 tendens,
1219 2095 1298 2155 quas
1312 2072 1444 2156 regebat
1460 2073 1595 2137 Blaesus.

493 2176 571 2241 Fuit
597 2174 694 2237 etiam
718 2173 877 2236 Vitrasius
902 2173 1004 2236 Pollio
1029 2173 1153 2257 legatus
1178 2173 1347 2257 provinciae
1373 2172 1595 2258 Lugdunensis

490 2275 687 2358 temporibus
702 2276 785 2359 Imp.
803 2275 974 2350 Hadriani,
990 2282 1027 2337 ut
1048 2282 1139 2358 patet
1163 2297 1203 2338 ex
1228 2275 1297 2360 lege
1318 2295 1365 2359 15.
1381 2275 1422 2337 D.
1438 2277 1478 2338 de
1501 2298 1595 2339 exau*

491 2375 679 2439 sationibus.
696 2375 861 2437 Vsuesrus.
895 2375 1033 2440 Addidit
1046 2376 1227 2439 Lardnerus
1243 2376 1275 2437 in
1290 2377 1448 2446 Tectimca.
1464 2377 1594 2443 ledeia

491 2485 519 2539 et
533 2476 683 2552 Etdeicis,
699 2476 758 2539 vol.
771 2475 802 2539 ii.
815 2498 884 2559 cap.
904 2492 951 2559 15.
962 2499 993 2559 p.
1009 2493 1077 2559 197.
1090 2477 1194 2539 locum
1209 2477 1322 2542 Dionis
1337 2477 1438 2541 Cassii
1453 2499 1483 2560 p.
1499 2496 1592 2561 1243,

491 2578 541 2640 ed.
559 2577 697 2640 Reimar.
713 2577 746 2639 in
761 2599 824 2660 quo
840 2586 1033 2641 memoratur
1049 2578 1156 2641 Severi
1172 2579 1383 2662 Lugdunense
1404 2577 1592 2662 imperium

490 2679 600 2761 aitque
629 2678 787 2742 censuisse
817 2681 872 2743 Fr.
899 2679 1092 2742 Balduinum
1117 2679 1222 2741 aare.
1250 2679 1362 2740 Peene.
1389 2680 1520 2741 Romae.
1543 2679 1595 2742 De

495 2780 678 2844 Christian-ie
691 2780 736 2864 (p.
755 2799 808 2864 97.
824 2780 871 2844 ed.
890 2780 993 2865 Lips.)
1011 2781 1129 2844 rexisse
1145 2779 1289 2863 legatum
1304 2778 1386 2842 hanc
1400 2778 1596 2862 provinciam

491 2881 681 2965 Septimium
700 2882 862 2957 Severum,
878 2882 931 2965 qui
956 2888 1068 2965 postea
1087 2882 1261 2964 imperator
1280 2880 1350 2957 fuit,
1367 2882 1443 2944 dum
1464 2881 1533 2944 haec
1554 2883 1595 2945 de

491 2982 682 3048 Christianis
709 2988 909 3045 sumerentur
938 2980 1100 3063 supplicia.
1158 2981 1269 3044 Habet
1294 2982 1348 3046 ἕως
1377 2986 1429 3042 τοῦ
1449 2982 1596 3060 ἡγέμουος

491 3088 540 3160 τῆς
554 3109 585 3146 π.
602 3085 675 3146 Me.
694 3083 791 3146 Sam.
808 3103 864 3145 seu
879 3081 972 3144 Bodl.
1006 3081 1104 3146 Nune
1118 3081 1210 3150 addit
1226 3082 1388 3144 Burtonus
1403 3082 1487 3146 codd.
1504 3082 1593 3151 Med.

490 3185 577 3246 Mea
593 3184 704 3246 Feret.

534 3284 573 3344 P.
592 3298 662 3363 297.
679 3283 700 3344 l.
720 3301 768 3345 10.
787 3282 927 3348 Οὐέττιος
940 3281 1124 3365 Ἐπάγαθος]
1146 3281 1195 3344 De
1216 3303 1279 3365 quo
1299 3281 1472 3365 Gregorius
1487 3281 1590 3344 Turo-

490 3382 596 3444 nensis
609 3383 642 3445 in
656 3382 737 3446 libro
751 3383 853 3466 primo
868 3382 1010 3446 historiae
1026 3382 1256 3446 Ecclesiastieae
1274 3404 1341 3465 cap.
1359 3401 1409 3464 29.
1456 3381 1501 3445 Et
1520 3403 1591 3444 rur-

490 3503 544 3544 sus
567 3503 637 3564 cap.
652 3501 705 3564 31.
722 3483 761 3544 de
776 3482 920 3546 Ecclesia
934 3483 1124 3546 Bituricensi
1146 3482 1277 3565 loquens
1298 3482 1342 3544 sic
1361 3481 1468 3544 habet.
1513 3482 1595 3545 Lea·

490 3581 614 3644 aedium
633 3583 782 3665 qamdem
795 3585 936 3666 primam
964 3584 1143 3647 Gallienam
1167 3585 1350 3657 Sabatenem,
1366 3584 1421 3666 qm'
1442 3583 1478 3646 de
1500 3584 1595 3667 stirpe

498 3683 578 3748 Veii
592 3683 835 3766 Epagatbiseit,
850 3704 936 3767 quem
954 3684 1103 3767 Lapdeco
1119 3705 1247 3767 passam
1259 3705 1321 3766 pro
1344 3683 1457 3746 enema·
1476 3685 1594 3747 nemim

488 3786 625 3867 emmim
638 3785 876 3863 maceracimm,
892 3794 1075 3869 repererant.
1122 3784 1182 3864 Qui
1203 3783 1290 3847 loeus
1308 3792 1419 3867 aperte
1439 3785 1592 3861 ostendit,

490 3884 696 3968 Epagatbum
718 3885 885 3949 nobilitate
906 3886 1032 3969 generis
1057 3886 1142 3948 inter
1165 3885 1391 3968 Lugdunenses
1413 3884 1591 3950 eminuisse.

489 3985 553 4049 Sed
568 3992 602 4049 et
617 3985 752 4067 epistola
768 3986 836 4069 ipsa
854 3987 887 4048 id
908 3987 986 4050 satis
1006 4007 1163 4070 superque
1183 3993 1324 4050 testatur
1343 3986 1393 4049 his
1414 3987 1527 4061 verbis,
1544 3989 1594 4050 καὶ

487 4090 546 4167 γὰρ
567 4086 604 4163 ἣν
625 4088 776 4163 ἐπίσημος.
823 4087 925 4148 Porro
949 4086 1043 4170 hujus
1067 4086 1216 4169 martyris
1237 4107 1351 4149 nomen
1375 4107 1447 4148 cum
1473 4087 1592 4169 duplici

488 4185 614 4247 ascribi
635 4185 742 4262 debet,
755 4193 792 4248 ut
811 4186 910 4251 habet
932 4187 1033 4249 codex
1057 4187 1142 4248 Maz.
1159 4194 1191 4248 et
1208 4185 1415 4248 Fuketianus.
1461 4184 1593 4248 Etenim

488 4306 602 4348 nomen
619 4285 799 4349 Romanum
814 4293 864 4349 cst
881 4286 1007 4349 Vettius
1022 4288 1107 4369 apud
1126 4286 1309 4351 Ciceronem
1330 4292 1363 4348 et
1383 4285 1407 4346 J
1409 4286 1590 4361 uvenalem;

487 4384 582 4467 idque
604 4406 777 4467 pronomen
797 4386 858 4449 fuit
875 4387 1076 4454 Praetextati.
1121 4386 1216 4452 Certe
1238 4386 1271 4448 in
1293 4385 1510 4468 manuscripto
1526 4384 1593 4447 Ru-

487 4482 542 4544 fini
566 4484 673 4546 eodice
694 4485 826 4549 Vettius
847 4486 1038 4571 Epagathus
1062 4487 1189 4551 dieitur.
1215 4488 1375 4551 Vetusius.
1422 4485 1457 4548 Si
1480 4486 1594 4549 mittas

487 4582 564 4644 edit.
581 4582 758 4647 Romanam
774 4586 936 4664 Gaeciarii,
951 4587 1007 4649 ubi
1021 4610 1061 4650 ex
1077 4587 1185 4650 MStis
1200 4586 1365 4650 Vaticanis
1382 4585 1521 4670 positum
1542 4594 1594 4649 est

495 4682 806 4766 VeetimEpoqathm,
816 4689 900 4770 quod
910 4695 943 4752 et
951 4695 1085 4771 praestat
1096 4689 1282 4753 veterrimus
1293 4710 1390 4771 penes
1401 4708 1452 4750 me
1465 4686 1592 4763 MStus,
