<?xml version="1.0" encoding="UTF-8"?>
<!DOCTYPE html PUBLIC "-//W3C//DTD XHTML 1.0 Transitional//EN"
    "http://www.w3.org/TR/xhtml1/DTD/xhtml1-transitional.dtd">
<html xmlns="http://www.w3.org/1999/xhtml" xml:lang="en" lang="en">
 <head>
  <title>
</title>
<meta http-equiv="Content-Type" content="text/html;charset=utf-8" />
  <meta name='ocr-system' content='tesseract 3.04.00' />
  <meta name='ocr-capabilities' content='ocr_page ocr_carea ocr_par ocr_line ocrx_word'/>
</head>
<body>
  <div class='ocr_page' id='page_1' title='image "./reliquiaesacrae07routgoog_0330.png"; bbox 0 0 3809 5650; ppageno 0'>
   <div class='ocr_carea' id='block_1_1' title="bbox 395 670 1130 741">
    <p class='ocr_par' dir='ltr' id='par_1_1' title="bbox 395 670 1130 741">
     <span class='ocr_line' id='line_1_1' title="bbox 395 670 1130 741; baseline -0.008 -3"><span class='ocrx_word' id='word_1_1' title='bbox 395 674 461 741; x_wconf 76' lang='lat'><strong>262</strong></span> <span class='ocrx_word' id='word_1_2' title='bbox 542 672 544 679; x_wconf 78' lang='grc'><strong>’</strong></span> <span class='ocrx_word' id='word_1_3' title='bbox 770 670 1130 735; x_wconf 78' lang='lat' dir='ltr'><strong>ANNOTATIONES</strong></span> 
     </span>
    </p>
   </div>
   <div class='ocr_carea' id='block_1_2' title="bbox 397 834 1509 4760">
    <p class='ocr_par' dir='ltr' id='par_1_2' title="bbox 397 834 1500 1213">
     <span class='ocr_line' id='line_1_2' title="bbox 398 834 1500 919; baseline -0.006 -16"><span class='ocrx_word' id='word_1_4' title='bbox 398 841 512 912; x_wconf 81' lang='lat' dir='ltr'><strong>lucem,</strong></span> <span class='ocrx_word' id='word_1_5' title='bbox 528 838 578 901; x_wconf 87' lang='lat' dir='ltr'><strong>hie</strong></span> <span class='ocrx_word' id='word_1_6' title='bbox 592 837 696 900; x_wconf 82' lang='lat' dir='ltr'><strong>verbis</strong></span> <span class='ocrx_word' id='word_1_7' title='bbox 715 836 828 900; x_wconf 83' lang='lat' dir='ltr'><strong>eddite</strong></span> <span class='ocrx_word' id='word_1_8' title='bbox 847 844 933 909; x_wconf 85' lang='lat' dir='ltr'><strong>sunt,</strong></span> <span class='ocrx_word' id='word_1_9' title='bbox 950 858 1094 919; x_wconf 83' lang='lat' dir='ltr'><strong>qumque,</strong></span> <span class='ocrx_word' id='word_1_10' title='bbox 1110 835 1158 898; x_wconf 87' lang='lat' dir='ltr'><strong>uit</strong></span> <span class='ocrx_word' id='word_1_11' title='bbox 1176 834 1336 917; x_wconf 85' lang='lat' dir='ltr'><strong>Lumpiue,</strong></span> <span class='ocrx_word' id='word_1_12' title='bbox 1354 839 1500 916; x_wconf 87' lang='lat' dir='ltr'><strong>repetere</strong></span> 
     </span>
     <span class='ocr_line' id='line_1_3' title="bbox 398 934 1500 1021; baseline -0.005 -18"><span class='ocrx_word' id='word_1_13' title='bbox 398 961 461 1003; x_wconf 91' lang='lat' dir='ltr'><strong>non</strong></span> <span class='ocrx_word' id='word_1_14' title='bbox 481 945 552 1002; x_wconf 84' lang='lat' dir='ltr'><strong>erut</strong></span> <span class='ocrx_word' id='word_1_15' title='bbox 571 959 660 1021; x_wconf 79' lang='lat' dir='ltr'><strong>opus.</strong></span> <span class='ocrx_word' id='word_1_16' title='bbox 708 936 788 1000; x_wconf 82' lang='lat' dir='ltr'><strong>Hoec</strong></span> <span class='ocrx_word' id='word_1_17' title='bbox 804 959 877 999; x_wconf 85' lang='lat' dir='ltr'><strong>vero</strong></span> <span class='ocrx_word' id='word_1_18' title='bbox 897 936 1015 1000; x_wconf 76' lang='lat' dir='ltr'><strong>statuit</strong></span> <span class='ocrx_word' id='word_1_19' title='bbox 1034 936 1081 997; x_wconf 84' lang='lat' dir='ltr'><strong>vir</strong></span> <span class='ocrx_word' id='word_1_20' title='bbox 1101 934 1312 1003; x_wconf 81' lang='lat' dir='ltr'><strong>doctissimus.</strong></span> <span class='ocrx_word' id='word_1_21' title='bbox 1329 942 1500 1016; x_wconf 81' lang='lat' dir='ltr'><strong>propterea</strong></span> 
     </span>
     <span class='ocr_line' id='line_1_4' title="bbox 398 1036 1499 1127; baseline -0.006 -22"><span class='ocrx_word' id='word_1_22' title='bbox 398 1041 484 1127; x_wconf 93' lang='lat' dir='ltr'><strong>quod</strong></span> <span class='ocrx_word' id='word_1_23' title='bbox 504 1039 611 1103; x_wconf 88' lang='lat' dir='ltr'><strong>omniu</strong></span> <span class='ocrx_word' id='word_1_24' title='bbox 632 1038 686 1100; x_wconf 85' lang='lat' dir='ltr'><strong>illo</strong></span> <span class='ocrx_word' id='word_1_25' title='bbox 700 1040 797 1101; x_wconf 82' lang='lat' dir='ltr'><strong>verbu</strong></span> <span class='ocrx_word' id='word_1_26' title='bbox 818 1038 860 1101; x_wconf 84' lang='lat' dir='ltr'><strong>ed</strong></span> <span class='ocrx_word' id='word_1_27' title='bbox 882 1037 1103 1121; x_wconf 80' lang='lat' dir='ltr'><strong>Hegeuippum</strong></span> <span class='ocrx_word' id='word_1_28' title='bbox 1126 1036 1229 1120; x_wconf 83' lang='lat' dir='ltr'><strong>ipsum</strong></span> <span class='ocrx_word' id='word_1_29' title='bbox 1249 1036 1419 1119; x_wconf 79' lang='lat' dir='ltr'><strong>pertinere,</strong></span> <span class='ocrx_word' id='word_1_30' title='bbox 1434 1058 1499 1098; x_wconf 90' lang='lat' dir='ltr'><strong>uon</strong></span> 
     </span>
     <span class='ocr_line' id='line_1_5' title="bbox 397 1138 826 1213; baseline -0.012 -8"><span class='ocrx_word' id='word_1_31' title='bbox 397 1142 441 1205; x_wconf 71' lang='lat' dir='ltr'><strong>ud</strong></span> <span class='ocrx_word' id='word_1_32' title='bbox 456 1138 640 1213; x_wconf 74' lang='lat' dir='ltr'><strong>Eusebium,</strong></span> <span class='ocrx_word' id='word_1_33' title='bbox 655 1138 826 1202; x_wconf 76' lang='lat' dir='ltr'><strong>existimet.</strong></span> 
     </span>
    </p>

    <p class='ocr_par' dir='ltr' id='par_1_3' title="bbox 398 1237 1509 4760">
     <span class='ocr_line' id='line_1_6' title="bbox 443 1237 1500 1322; baseline -0.012 -15"><span class='ocrx_word' id='word_1_34' title='bbox 443 1244 482 1306; x_wconf 86' lang='lat' dir='ltr'><strong>P.</strong></span> <span class='ocrx_word' id='word_1_35' title='bbox 507 1261 580 1322; x_wconf 80' lang='lat'><strong>215.</strong></span> <span class='ocrx_word' id='word_1_36' title='bbox 605 1239 627 1303; x_wconf 91' lang='lat' dir='ltr'><strong>l.</strong></span> <span class='ocrx_word' id='word_1_37' title='bbox 650 1257 703 1302; x_wconf 82' lang='lat'><strong>22.</strong></span> <span class='ocrx_word' id='word_1_38' title='bbox 724 1239 783 1302; x_wconf 77' lang='grc' dir='ltr'><strong>ἀπὸ</strong></span> <span class='ocrx_word' id='word_1_39' title='bbox 804 1244 864 1301; x_wconf 83' lang='grc' dir='ltr'><strong>τῷν</strong></span> <span class='ocrx_word' id='word_1_40' title='bbox 886 1242 962 1301; x_wconf 76' lang='grc' dir='ltr'><strong>ἑπτὰ</strong></span> <span class='ocrx_word' id='word_1_41' title='bbox 985 1238 1131 1318; x_wconf 75' lang='grc' dir='ltr'>αἱρέσεων</span> <span class='ocrx_word' id='word_1_42' title='bbox 1155 1238 1204 1299; x_wconf 79' lang='grc' dir='ltr'>καὶ</span> <span class='ocrx_word' id='word_1_43' title='bbox 1223 1237 1312 1303; x_wconf 76' lang='grc' dir='ltr'>αὐτὸς</span> <span class='ocrx_word' id='word_1_44' title='bbox 1337 1237 1374 1315; x_wconf 75' lang='grc' dir='ltr'><strong>ἦν</strong></span> <span class='ocrx_word' id='word_1_45' title='bbox 1398 1240 1432 1300; x_wconf 74' lang='grc' dir='ltr'><strong>ἐν</strong></span> <span class='ocrx_word' id='word_1_46' title='bbox 1457 1240 1500 1322; x_wconf 71' lang='grc' dir='ltr'><strong>τῷ</strong></span> 
     </span>
     <span class='ocr_line' id='line_1_7' title="bbox 399 1338 1501 1428; baseline -0.006 -21"><span class='ocrx_word' id='word_1_47' title='bbox 399 1342 480 1428; x_wconf 88' lang='grc' dir='ltr'>λαῷ]</span> <span class='ocrx_word' id='word_1_48' title='bbox 499 1343 597 1426; x_wconf 73' lang='lat' dir='ltr'><strong>(Edd.</strong></span> <span class='ocrx_word' id='word_1_49' title='bbox 614 1340 717 1425; x_wconf 79' lang='lat' dir='ltr'><strong>Stepd.</strong></span> <span class='ocrx_word' id='word_1_50' title='bbox 736 1347 771 1403; x_wconf 85' lang='lat' dir='ltr'><strong>et</strong></span> <span class='ocrx_word' id='word_1_51' title='bbox 795 1339 910 1403; x_wconf 55' lang='grc' dir='ltr'>ναὶναὶ</span> <span class='ocrx_word' id='word_1_52' title='bbox 929 1339 1082 1402; x_wconf 79' lang='lat' dir='ltr'><strong>exhibent</strong></span> <span class='ocrx_word' id='word_1_53' title='bbox 1101 1338 1160 1400; x_wconf 79' lang='grc' dir='ltr'><strong>ἀπὸ</strong></span> <span class='ocrx_word' id='word_1_54' title='bbox 1180 1343 1239 1399; x_wconf 80' lang='grc' dir='ltr'><strong>τῶν</strong></span> <span class='ocrx_word' id='word_1_55' title='bbox 1261 1341 1335 1400; x_wconf 78' lang='grc' dir='ltr'>ἑπτὰ</span> <span class='ocrx_word' id='word_1_56' title='bbox 1355 1338 1501 1417; x_wconf 75' lang='grc' dir='ltr'><strong>αἱρέσεων</strong></span> 
     </span>
     <span class='ocr_line' id='line_1_8' title="bbox 400 1438 1500 1522; baseline -0.006 -14"><span class='ocrx_word' id='word_1_57' title='bbox 400 1445 452 1517; x_wconf 77' lang='grc' dir='ltr'><strong>ὢν,</strong></span> <span class='ocrx_word' id='word_1_58' title='bbox 469 1445 517 1507; x_wconf 83' lang='grc' dir='ltr'>καὶ</span> <span class='ocrx_word' id='word_1_59' title='bbox 537 1443 624 1509; x_wconf 78' lang='grc' dir='ltr'>αὐτὸς</span> <span class='ocrx_word' id='word_1_60' title='bbox 644 1443 682 1521; x_wconf 76' lang='grc' dir='ltr'><strong>ἦν</strong></span> <span class='ocrx_word' id='word_1_61' title='bbox 705 1443 761 1504; x_wconf 77' lang='lat' dir='ltr'><strong>&amp;c</strong></span> <span class='ocrx_word' id='word_1_62' title='bbox 784 1440 838 1504; x_wconf 91' lang='lat' dir='ltr'><strong>ubi</strong></span> <span class='ocrx_word' id='word_1_63' title='bbox 861 1441 929 1503; x_wconf 83' lang='lat' dir='ltr'><strong>haeo</strong></span> <span class='ocrx_word' id='word_1_64' title='bbox 945 1438 1108 1516; x_wconf 78' lang='lat' dir='ltr'>Valesius)</span> <span class='ocrx_word' id='word_1_65' title='bbox 1134 1438 1333 1522; x_wconf 84' lang='lat' dir='ltr'><strong>Nicephorue</strong></span> <span class='ocrx_word' id='word_1_66' title='bbox 1354 1439 1500 1502; x_wconf 80' lang='lat' dir='ltr'><strong>ultimam</strong></span> 
     </span>
     <span class='ocr_line' id='line_1_9' title="bbox 400 1540 1500 1627; baseline -0.005 -18"><span class='ocrx_word' id='word_1_67' title='bbox 400 1566 510 1609; x_wconf 83' lang='lat' dir='ltr'><strong>vocem</strong></span> <span class='ocrx_word' id='word_1_68' title='bbox 526 1543 596 1627; x_wconf 79' lang='grc' dir='ltr'>(ὢν)</span> <span class='ocrx_word' id='word_1_69' title='bbox 612 1543 769 1627; x_wconf 79' lang='lat' dir='ltr'><strong>expunxit</strong></span> <span class='ocrx_word' id='word_1_70' title='bbox 790 1549 945 1625; x_wconf 81' lang='lat' dir='ltr'><strong>tunquam</strong></span> <span class='ocrx_word' id='word_1_71' title='bbox 961 1540 1162 1624; x_wconf 77' lang='lat' dir='ltr'><strong>eupoilluum.</strong></span> <span class='ocrx_word' id='word_1_72' title='bbox 1208 1540 1261 1603; x_wconf 90' lang='lat' dir='ltr'><strong>Sic</strong></span> <span class='ocrx_word' id='word_1_73' title='bbox 1275 1541 1359 1604; x_wconf 89' lang='lat' dir='ltr'><strong>enim</strong></span> <span class='ocrx_word' id='word_1_74' title='bbox 1381 1541 1500 1605; x_wconf 85' lang='lat' dir='ltr'><strong>hebet:</strong></span> 
     </span>
     <span class='ocr_line' id='line_1_10' title="bbox 400 1639 1501 1726; baseline -0.005 -17"><span class='ocrx_word' id='word_1_75' title='bbox 400 1646 461 1710; x_wconf 79' lang='grc' dir='ltr'><strong>ἀπὸ</strong></span> <span class='ocrx_word' id='word_1_76' title='bbox 476 1652 535 1709; x_wconf 78' lang='grc' dir='ltr'><strong>τῶν</strong></span> <span class='ocrx_word' id='word_1_77' title='bbox 549 1648 624 1708; x_wconf 72' lang='grc' dir='ltr'><strong>ἑπτὰ</strong></span> <span class='ocrx_word' id='word_1_78' title='bbox 638 1643 784 1724; x_wconf 72' lang='grc' dir='ltr'>αἱρέσεων</span> <span class='ocrx_word' id='word_1_79' title='bbox 800 1643 847 1704; x_wconf 83' lang='grc' dir='ltr'>καὶ</span> <span class='ocrx_word' id='word_1_80' title='bbox 862 1641 949 1707; x_wconf 77' lang='grc' dir='ltr'>αὐτὸς</span> <span class='ocrx_word' id='word_1_81' title='bbox 963 1641 1000 1719; x_wconf 74' lang='grc' dir='ltr'><strong>ἦν</strong></span> <span class='ocrx_word' id='word_1_82' title='bbox 1016 1644 1049 1704; x_wconf 75' lang='grc' dir='ltr'><strong>ἐν</strong></span> <span class='ocrx_word' id='word_1_83' title='bbox 1064 1642 1104 1726; x_wconf 88' lang='grc' dir='ltr'><strong>τῷ</strong></span> <span class='ocrx_word' id='word_1_84' title='bbox 1118 1644 1192 1724; x_wconf 88' lang='grc' dir='ltr'>λαῷ.</span> <span class='ocrx_word' id='word_1_85' title='bbox 1223 1639 1262 1701; x_wconf 90' lang='lat' dir='ltr'><strong>ln</strong></span> <span class='ocrx_word' id='word_1_86' title='bbox 1277 1641 1384 1703; x_wconf 89' lang='lat' dir='ltr'><strong>codice</strong></span> <span class='ocrx_word' id='word_1_87' title='bbox 1400 1640 1501 1726; x_wconf 85' lang='lat' dir='ltr'><strong>Regio</strong></span> 
     </span>
     <span class='ocr_line' id='line_1_11' title="bbox 400 1741 1500 1831; baseline -0.005 -20"><span class='ocrx_word' id='word_1_88' title='bbox 400 1747 553 1831; x_wconf 72' lang='lat' dir='ltr'><strong>seriptum</strong></span> <span class='ocrx_word' id='word_1_89' title='bbox 569 1744 673 1808; x_wconf 82' lang='lat' dir='ltr'><strong>inveni</strong></span> <span class='ocrx_word' id='word_1_90' title='bbox 688 1746 730 1806; x_wconf 81' lang='grc' dir='ltr'><strong>ὧν</strong></span> <span class='ocrx_word' id='word_1_91' title='bbox 745 1743 794 1805; x_wconf 76' lang='grc' dir='ltr'>καὶ</span> <span class='ocrx_word' id='word_1_92' title='bbox 808 1742 896 1807; x_wconf 78' lang='grc' dir='ltr'>αὐτὸς</span> <span class='ocrx_word' id='word_1_93' title='bbox 909 1741 947 1819; x_wconf 82' lang='grc' dir='ltr'><strong>ἦν</strong></span> <span class='ocrx_word' id='word_1_94' title='bbox 962 1744 996 1804; x_wconf 78' lang='grc' dir='ltr'><strong>ἐν</strong></span> <span class='ocrx_word' id='word_1_95' title='bbox 1010 1745 1051 1824; x_wconf 77' lang='grc' dir='ltr'><strong>τῷ</strong></span> <span class='ocrx_word' id='word_1_96' title='bbox 1065 1745 1139 1825; x_wconf 76' lang='grc' dir='ltr'>λαῷ.</span> <span class='ocrx_word' id='word_1_97' title='bbox 1184 1741 1277 1821; x_wconf 78' lang='lat' dir='ltr'><strong>Quod</strong></span> <span class='ocrx_word' id='word_1_98' title='bbox 1292 1741 1366 1803; x_wconf 82' lang='lat' dir='ltr'><strong>leui</strong></span> <span class='ocrx_word' id='word_1_99' title='bbox 1382 1749 1500 1824; x_wconf 83' lang='lat' dir='ltr'><strong>potest.</strong></span> 
     </span>
     <span class='ocr_line' id='line_1_12' title="bbox 400 1841 1501 1926; baseline -0.007 -13"><span class='ocrx_word' id='word_1_100' title='bbox 400 1846 579 1913; x_wconf 81' lang='lat' dir='ltr'><strong>eitolletur</strong></span> <span class='ocrx_word' id='word_1_101' title='bbox 598 1842 761 1908; x_wconf 78' lang='lat' dir='ltr'><strong>distinctio</strong></span> <span class='ocrx_word' id='word_1_102' title='bbox 781 1864 852 1926; x_wconf 87' lang='lat' dir='ltr'><strong>quae</strong></span> <span class='ocrx_word' id='word_1_103' title='bbox 870 1842 902 1903; x_wconf 92' lang='lat' dir='ltr'><strong>in</strong></span> <span class='ocrx_word' id='word_1_104' title='bbox 921 1842 1066 1905; x_wconf 90' lang='lat' dir='ltr'><strong>omnibue</strong></span> <span class='ocrx_word' id='word_1_105' title='bbox 1087 1841 1204 1904; x_wconf 80' lang='lat' dir='ltr'><strong>nostrie</strong></span> <span class='ocrx_word' id='word_1_106' title='bbox 1224 1841 1385 1904; x_wconf 81' lang='lat' dir='ltr'><strong>codicibus</strong></span> <span class='ocrx_word' id='word_1_107' title='bbox 1405 1842 1501 1905; x_wconf 78' lang='lat' dir='ltr'><strong>hobe-</strong></span> 
     </span>
     <span class='ocr_line' id='line_1_13' title="bbox 399 1942 1502 2031; baseline -0.006 -18"><span class='ocrx_word' id='word_1_108' title='bbox 399 1955 462 2015; x_wconf 79' lang='lat' dir='ltr'><strong>tur.</strong></span> <span class='ocrx_word' id='word_1_109' title='bbox 490 1949 602 2031; x_wconf 84' lang='lat' dir='ltr'><strong>Atque</strong></span> <span class='ocrx_word' id='word_1_110' title='bbox 616 1945 665 2009; x_wconf 79' lang='lat' dir='ltr'><strong>itu</strong></span> <span class='ocrx_word' id='word_1_111' title='bbox 679 1965 789 2008; x_wconf 79' lang='lat' dir='ltr'><strong>senene</strong></span> <span class='ocrx_word' id='word_1_112' title='bbox 803 1942 875 2018; x_wconf 81' lang='lat' dir='ltr'><strong>erit,</strong></span> <span class='ocrx_word' id='word_1_113' title='bbox 888 1943 1025 2027; x_wconf 87' lang='lat' dir='ltr'><strong>primum</strong></span> <span class='ocrx_word' id='word_1_114' title='bbox 1041 1943 1220 2007; x_wconf 80' lang='lat' dir='ltr'><strong>Thebutem</strong></span> <span class='ocrx_word' id='word_1_115' title='bbox 1235 1964 1417 2027; x_wconf 79' lang='lat' dir='ltr'><strong>eggressum</strong></span> <span class='ocrx_word' id='word_1_116' title='bbox 1433 1965 1502 2006; x_wconf 85' lang='lat' dir='ltr'><strong>eeee</strong></span> 
     </span>
     <span class='ocr_line' id='line_1_14' title="bbox 400 2043 1502 2128; baseline -0.006 -14"><span class='ocrx_word' id='word_1_117' title='bbox 400 2049 514 2114; x_wconf 73' lang='lat' dir='ltr'><strong>vitiare</strong></span> <span class='ocrx_word' id='word_1_118' title='bbox 537 2046 713 2110; x_wconf 83' lang='lat' dir='ltr'><strong>Ecclesium</strong></span> <span class='ocrx_word' id='word_1_119' title='bbox 737 2045 1071 2128; x_wconf 61' lang='lat' dir='ltr'><strong>Hierosolymitunom,</strong></span> <span class='ocrx_word' id='word_1_120' title='bbox 1093 2045 1224 2107; x_wconf 88' lang='lat' dir='ltr'><strong>inducto</strong></span> <span class='ocrx_word' id='word_1_121' title='bbox 1245 2043 1406 2127; x_wconf 79' lang='lat' dir='ltr'><strong>pestilenti</strong></span> <span class='ocrx_word' id='word_1_122' title='bbox 1428 2044 1502 2107; x_wconf 84' lang='lat' dir='ltr'><strong>doc·</strong></span> 
     </span>
     <span class='ocr_line' id='line_1_15' title="bbox 400 2144 1503 2233; baseline -0.005 -18"><span class='ocrx_word' id='word_1_123' title='bbox 400 2149 488 2215; x_wconf 83' lang='lat' dir='ltr'><strong>trine</strong></span> <span class='ocrx_word' id='word_1_124' title='bbox 501 2154 625 2233; x_wconf 79' lang='lat' dir='ltr'><strong>septem</strong></span> <span class='ocrx_word' id='word_1_125' title='bbox 638 2147 763 2210; x_wconf 83' lang='lat' dir='ltr'><strong>illerum</strong></span> <span class='ocrx_word' id='word_1_126' title='bbox 774 2146 904 2209; x_wconf 81' lang='lat' dir='ltr'><strong>Judei‘ei</strong></span> <span class='ocrx_word' id='word_1_127' title='bbox 919 2146 1025 2229; x_wconf 90' lang='lat' dir='ltr'><strong>populi</strong></span> <span class='ocrx_word' id='word_1_128' title='bbox 1041 2152 1209 2220; x_wconf 75' lang='lat' dir='ltr'><strong>sectarum,</strong></span> <span class='ocrx_word' id='word_1_129' title='bbox 1221 2144 1334 2228; x_wconf 78' lang='lat' dir='ltr'><strong>quibus</strong></span> <span class='ocrx_word' id='word_1_130' title='bbox 1348 2144 1416 2229; x_wconf 84' lang='lat' dir='ltr'><strong>ipse</strong></span> <span class='ocrx_word' id='word_1_131' title='bbox 1430 2151 1503 2209; x_wconf 82' lang='lat' dir='ltr'><strong>erut</strong></span> 
     </span>
     <span class='ocr_line' id='line_1_16' title="bbox 401 2246 1503 2331; baseline -0.003 -17"><span class='ocrx_word' id='word_1_132' title='bbox 401 2250 561 2315; x_wconf 84' lang='lat' dir='ltr'><strong>uddictne.</strong></span> <span class='ocrx_word' id='word_1_133' title='bbox 609 2247 724 2311; x_wconf 79' lang='lat' dir='ltr'><strong>Melius</strong></span> <span class='ocrx_word' id='word_1_134' title='bbox 744 2255 853 2311; x_wconf 84' lang='lat' dir='ltr'><strong>temen</strong></span> <span class='ocrx_word' id='word_1_135' title='bbox 876 2268 947 2309; x_wconf 90' lang='lat' dir='ltr'><strong>meo</strong></span> <span class='ocrx_word' id='word_1_136' title='bbox 969 2246 1095 2330; x_wconf 91' lang='lat' dir='ltr'><strong>quidem</strong></span> <span class='ocrx_word' id='word_1_137' title='bbox 1115 2246 1238 2331; x_wconf 89' lang='lat' dir='ltr'><strong>judicio</strong></span> <span class='ocrx_word' id='word_1_138' title='bbox 1260 2247 1420 2331; x_wconf 84' lang='lat' dir='ltr'><strong>legeretur</strong></span> <span class='ocrx_word' id='word_1_139' title='bbox 1441 2247 1503 2311; x_wconf 90' lang='lat' dir='ltr'><strong>hoc</strong></span> 
     </span>
     <span class='ocr_line' id='line_1_17' title="bbox 402 2347 1503 2432; baseline -0.003 -18"><span class='ocrx_word' id='word_1_140' title='bbox 402 2350 509 2426; x_wconf 89' lang='lat' dir='ltr'><strong>modo,</strong></span> <span class='ocrx_word' id='word_1_141' title='bbox 532 2348 591 2411; x_wconf 81' lang='lat' dir='ltr'><strong>dud</strong></span> <span class='ocrx_word' id='word_1_142' title='bbox 614 2354 674 2411; x_wconf 72' lang='grc' dir='ltr'><strong>τῶν</strong></span> <span class='ocrx_word' id='word_1_143' title='bbox 697 2351 773 2411; x_wconf 74' lang='grc' dir='ltr'><strong>ἑπτὰ</strong></span> <span class='ocrx_word' id='word_1_144' title='bbox 795 2347 941 2427; x_wconf 74' lang='grc' dir='ltr'>αἱρέσεων</span> <span class='ocrx_word' id='word_1_145' title='bbox 966 2347 1009 2410; x_wconf 81' lang='grc' dir='ltr'><strong>ὢν</strong></span> <span class='ocrx_word' id='word_1_146' title='bbox 1033 2349 1082 2411; x_wconf 82' lang='grc' dir='ltr'>καὶ</span> <span class='ocrx_word' id='word_1_147' title='bbox 1105 2348 1195 2413; x_wconf 78' lang='grc' dir='ltr'>αὐτὸς</span> <span class='ocrx_word' id='word_1_148' title='bbox 1220 2353 1280 2411; x_wconf 76' lang='grc' dir='ltr'><strong>τῶν</strong></span> <span class='ocrx_word' id='word_1_149' title='bbox 1305 2350 1339 2410; x_wconf 78' lang='grc' dir='ltr'><strong>έν</strong></span> <span class='ocrx_word' id='word_1_150' title='bbox 1364 2350 1404 2432; x_wconf 84' lang='grc' dir='ltr'><strong>τῷ</strong></span> <span class='ocrx_word' id='word_1_151' title='bbox 1426 2350 1503 2432; x_wconf 84' lang='grc' dir='ltr'>λαῷ.</span> 
     </span>
     <span class='ocr_line' id='line_1_18' title="bbox 404 2448 1503 2531; baseline -0.002 -18"><span class='ocrx_word' id='word_1_152' title='bbox 404 2450 498 2531; x_wconf 78' lang='lat' dir='ltr'><strong>Quod</strong></span> <span class='ocrx_word' id='word_1_153' title='bbox 514 2449 599 2513; x_wconf 91' lang='lat' dir='ltr'><strong>idem</strong></span> <span class='ocrx_word' id='word_1_154' title='bbox 616 2449 702 2513; x_wconf 82' lang='lat' dir='ltr'><strong>velet</strong></span> <span class='ocrx_word' id='word_1_155' title='bbox 715 2471 753 2513; x_wconf 85' lang='lat' dir='ltr'><strong>ec</strong></span> <span class='ocrx_word' id='word_1_156' title='bbox 768 2449 795 2512; x_wconf 86' lang='lat' dir='ltr'><strong>ei</strong></span> <span class='ocrx_word' id='word_1_157' title='bbox 810 2448 950 2512; x_wconf 89' lang='lat' dir='ltr'><strong>diceret:</strong></span> <span class='ocrx_word' id='word_1_158' title='bbox 976 2448 1139 2512; x_wconf 80' lang='lat' dir='ltr'><strong>Thebutee</strong></span> <span class='ocrx_word' id='word_1_159' title='bbox 1158 2470 1298 2512; x_wconf 83' lang='lat' dir='ltr'><strong>errorem</strong></span> <span class='ocrx_word' id='word_1_160' title='bbox 1318 2469 1410 2513; x_wconf 86' lang='lat' dir='ltr'><strong>enum</strong></span> <span class='ocrx_word' id='word_1_161' title='bbox 1430 2470 1503 2511; x_wconf 86' lang='lat' dir='ltr'><strong>con·</strong></span> 
     </span>
     <span class='ocr_line' id='line_1_19' title="bbox 403 2548 1505 2636; baseline -0.004 -20"><span class='ocrx_word' id='word_1_162' title='bbox 403 2551 536 2617; x_wconf 73' lang='lat' dir='ltr'><strong>flaverat</strong></span> <span class='ocrx_word' id='word_1_163' title='bbox 551 2573 591 2614; x_wconf 81' lang='lat' dir='ltr'><strong>ex</strong></span> <span class='ocrx_word' id='word_1_164' title='bbox 604 2558 727 2636; x_wconf 80' lang='lat' dir='ltr'><strong>septem</strong></span> <span class='ocrx_word' id='word_1_165' title='bbox 741 2551 803 2614; x_wconf 84' lang='lat' dir='ltr'><strong>illie</strong></span> <span class='ocrx_word' id='word_1_166' title='bbox 817 2550 912 2614; x_wconf 79' lang='lat' dir='ltr'><strong>scotie</strong></span> <span class='ocrx_word' id='word_1_167' title='bbox 926 2549 950 2612; x_wconf 87' lang='lat' dir='ltr'><strong>J</strong></span> <span class='ocrx_word' id='word_1_168' title='bbox 951 2549 1056 2613; x_wconf 79' lang='lat' dir='ltr'><strong>udaiei</strong></span> <span class='ocrx_word' id='word_1_169' title='bbox 1071 2548 1191 2634; x_wconf 92' lang='lat' dir='ltr'><strong>populi,</strong></span> <span class='ocrx_word' id='word_1_170' title='bbox 1202 2550 1333 2634; x_wconf 82' lang='lat' dir='ltr'><strong>perinde</strong></span> <span class='ocrx_word' id='word_1_171' title='bbox 1343 2572 1382 2614; x_wconf 82' lang='lat' dir='ltr'><strong>ec</strong></span> <span class='ocrx_word' id='word_1_172' title='bbox 1395 2549 1505 2614; x_wconf 87' lang='lat' dir='ltr'><strong>Simon</strong></span> 
     </span>
     <span class='ocr_line' id='line_1_20' title="bbox 403 2650 1504 2736; baseline -0.003 -19"><span class='ocrx_word' id='word_1_173' title='bbox 403 2660 438 2717; x_wconf 70' lang='lat' dir='ltr'><strong>et</strong></span> <span class='ocrx_word' id='word_1_174' title='bbox 449 2652 596 2719; x_wconf 82' lang='lat' dir='ltr'><strong>Oleobiue</strong></span> <span class='ocrx_word' id='word_1_175' title='bbox 606 2660 640 2716; x_wconf 81' lang='lat' dir='ltr'><strong>et</strong></span> <span class='ocrx_word' id='word_1_176' title='bbox 651 2652 835 2716; x_wconf 73' lang='lat' dir='ltr'><strong>Dositheue.</strong></span> <span class='ocrx_word' id='word_1_177' title='bbox 856 2650 1022 2713; x_wconf 68' lang='lat' dir='ltr'><strong>Venustus.</strong></span> <span class='ocrx_word' id='word_1_178' title='bbox 1038 2650 1184 2730; x_wconf 72' lang='grc' dir='ltr'>αἱρέσεων</span> <span class='ocrx_word' id='word_1_179' title='bbox 1200 2652 1248 2713; x_wconf 77' lang='grc' dir='ltr'>καὶ</span> <span class='ocrx_word' id='word_1_180' title='bbox 1263 2651 1351 2717; x_wconf 77' lang='grc' dir='ltr'>αὐτὸς</span> <span class='ocrx_word' id='word_1_181' title='bbox 1364 2651 1402 2729; x_wconf 71' lang='grc' dir='ltr'><strong>ἦν</strong></span> <span class='ocrx_word' id='word_1_182' title='bbox 1417 2654 1451 2714; x_wconf 73' lang='grc' dir='ltr'><strong>ἓν</strong></span> <span class='ocrx_word' id='word_1_183' title='bbox 1462 2651 1504 2736; x_wconf 85' lang='grc' dir='ltr'><strong>τῷ</strong></span> 
     </span>
     <span class='ocr_line' id='line_1_21' title="bbox 403 2751 1505 2840; baseline 0.001 -24"><span class='ocrx_word' id='word_1_184' title='bbox 403 2758 478 2840; x_wconf 87' lang='grc' dir='ltr'>λαῷ.</span> <span class='ocrx_word' id='word_1_185' title='bbox 493 2754 623 2840; x_wconf 71' lang='lat' dir='ltr'><strong>Nioepd.</strong></span> <span class='ocrx_word' id='word_1_186' title='bbox 639 2758 697 2835; x_wconf 83' lang='lat' dir='ltr'><strong>alp.</strong></span> <span class='ocrx_word' id='word_1_187' title='bbox 717 2756 760 2821; x_wconf 81' lang='grc' dir='ltr'><strong>εῐς</strong></span> <span class='ocrx_word' id='word_1_188' title='bbox 774 2755 823 2817; x_wconf 81' lang='grc' dir='ltr'>καὶ</span> <span class='ocrx_word' id='word_1_189' title='bbox 837 2752 925 2819; x_wconf 74' lang='grc' dir='ltr'>αὐτὸς</span> <span class='ocrx_word' id='word_1_190' title='bbox 938 2752 976 2831; x_wconf 75' lang='grc' dir='ltr'><strong>ἦν</strong></span> <span class='ocrx_word' id='word_1_191' title='bbox 992 2753 1025 2814; x_wconf 80' lang='grc' dir='ltr'><strong>έν</strong></span> <span class='ocrx_word' id='word_1_192' title='bbox 1039 2756 1079 2837; x_wconf 84' lang='grc' dir='ltr'><strong>τῷ</strong></span> <span class='ocrx_word' id='word_1_193' title='bbox 1093 2760 1122 2814; x_wconf 91' lang='grc' dir='ltr'><strong>λ.</strong></span> <span class='ocrx_word' id='word_1_194' title='bbox 1141 2751 1312 2837; x_wconf 65' lang='grc' dir='ltr'><strong>Ολνΐείνρλ.</strong></span> <span class='ocrx_word' id='word_1_195' title='bbox 1328 2753 1426 2817; x_wconf 74' lang='lat' dir='ltr'><strong>lectt.</strong></span> <span class='ocrx_word' id='word_1_196' title='bbox 1447 2754 1505 2817; x_wconf 79' lang='lat' dir='ltr'><strong>sed</strong></span> 
     </span>
     <span class='ocr_line' id='line_1_22' title="bbox 403 2853 1506 2941; baseline -0.002 -21"><span class='ocrx_word' id='word_1_197' title='bbox 403 2863 575 2941; x_wconf 84' lang='lat' dir='ltr'><strong>utrumque</strong></span> <span class='ocrx_word' id='word_1_198' title='bbox 594 2856 654 2919; x_wconf 89' lang='lat' dir='ltr'><strong>hoc</strong></span> <span class='ocrx_word' id='word_1_199' title='bbox 670 2856 739 2939; x_wconf 81' lang='lat' dir='ltr'><strong>jem</strong></span> <span class='ocrx_word' id='word_1_200' title='bbox 754 2854 942 2918; x_wconf 82' lang='lat' dir='ltr'><strong>conectorie</strong></span> <span class='ocrx_word' id='word_1_201' title='bbox 956 2853 1091 2917; x_wconf 84' lang='lat' dir='ltr'><strong>videtur.</strong></span> <span class='ocrx_word' id='word_1_202' title='bbox 1137 2853 1248 2917; x_wconf 85' lang='lat' dir='ltr'><strong>Lectio</strong></span> <span class='ocrx_word' id='word_1_203' title='bbox 1262 2861 1383 2932; x_wconf 81' lang='lat' dir='ltr'><strong>nostre,</strong></span> <span class='ocrx_word' id='word_1_204' title='bbox 1399 2857 1442 2919; x_wconf 76' lang='lat' dir='ltr'><strong>du</strong></span> <span class='ocrx_word' id='word_1_205' title='bbox 1457 2858 1506 2918; x_wconf 73' lang='grc' dir='ltr'>καὶ</span> 
     </span>
     <span class='ocr_line' id='line_1_23' title="bbox 404 2954 1506 3039; baseline -0.002 -18"><span class='ocrx_word' id='word_1_206' title='bbox 404 2957 503 3030; x_wconf 74' lang='grc' dir='ltr'>αὐτὸς,</span> <span class='ocrx_word' id='word_1_207' title='bbox 527 2964 619 3020; x_wconf 83' lang='lat' dir='ltr'><strong>extet</strong></span> <span class='ocrx_word' id='word_1_208' title='bbox 641 2955 675 3019; x_wconf 93' lang='lat' dir='ltr'><strong>in</strong></span> <span class='ocrx_word' id='word_1_209' title='bbox 697 2956 772 3019; x_wconf 83' lang='lat' dir='ltr'><strong>MS.</strong></span> <span class='ocrx_word' id='word_1_210' title='bbox 795 2956 869 3039; x_wconf 69' lang='lat' dir='ltr'><strong>Ray.</strong></span> <span class='ocrx_word' id='word_1_211' title='bbox 892 2955 1042 3038; x_wconf 77' lang='lat' dir='ltr'><strong>Morpioe</strong></span> <span class='ocrx_word' id='word_1_212' title='bbox 1063 2954 1111 3018; x_wconf 78' lang='lat' dir='ltr'><strong>ed.</strong></span> <span class='ocrx_word' id='word_1_213' title='bbox 1134 2957 1244 3018; x_wconf 70' lang='lat' dir='ltr'><strong>oenoe</strong></span> <span class='ocrx_word' id='word_1_214' title='bbox 1269 2962 1304 3018; x_wconf 92' lang='lat' dir='ltr'><strong>et</strong></span> <span class='ocrx_word' id='word_1_215' title='bbox 1325 2956 1506 3039; x_wconf 54' lang='lat' dir='ltr'><strong>mamere</strong></span> 
     </span>
     <span class='ocr_line' id='line_1_24' title="bbox 398 3055 1506 3143; baseline -0.001 -21"><span class='ocrx_word' id='word_1_216' title='bbox 398 3080 493 3143; x_wconf 69' lang='lat' dir='ltr'><strong>pann</strong></span> <span class='ocrx_word' id='word_1_217' title='bbox 505 3060 606 3122; x_wconf 75' lang='lat' dir='ltr'><strong>Joeee.</strong></span> <span class='ocrx_word' id='word_1_218' title='bbox 653 3056 797 3120; x_wconf 85' lang='lat' dir='ltr'><strong>Veleeiue</strong></span> <span class='ocrx_word' id='word_1_219' title='bbox 816 3055 983 3140; x_wconf 87' lang='lat' dir='ltr'><strong>legendum</strong></span> <span class='ocrx_word' id='word_1_220' title='bbox 1003 3063 1099 3141; x_wconf 81' lang='lat' dir='ltr'><strong>putat</strong></span> <span class='ocrx_word' id='word_1_221' title='bbox 1119 3058 1178 3120; x_wconf 79' lang='grc' dir='ltr'><strong>ἀπὸ</strong></span> <span class='ocrx_word' id='word_1_222' title='bbox 1196 3062 1255 3119; x_wconf 78' lang='grc' dir='ltr'><strong>τῶν</strong></span> <span class='ocrx_word' id='word_1_223' title='bbox 1270 3058 1346 3120; x_wconf 74' lang='grc' dir='ltr'><strong>ἑπτὰ</strong></span> <span class='ocrx_word' id='word_1_224' title='bbox 1360 3056 1506 3137; x_wconf 76' lang='grc' dir='ltr'>αἱρέσεων</span> 
     </span>
     <span class='ocr_line' id='line_1_25' title="bbox 406 3155 1505 3241; baseline -0.003 -19"><span class='ocrx_word' id='word_1_225' title='bbox 406 3157 449 3222; x_wconf 73' lang='grc' dir='ltr'><strong>ὣν</strong></span> <span class='ocrx_word' id='word_1_226' title='bbox 464 3159 513 3222; x_wconf 79' lang='grc' dir='ltr'>καὶ</span> <span class='ocrx_word' id='word_1_227' title='bbox 527 3158 625 3230; x_wconf 77' lang='grc' dir='ltr'>αὐτὸς,</span> <span class='ocrx_word' id='word_1_228' title='bbox 641 3163 700 3220; x_wconf 82' lang='grc' dir='ltr'><strong>τῶν</strong></span> <span class='ocrx_word' id='word_1_229' title='bbox 715 3159 750 3219; x_wconf 74' lang='grc' dir='ltr'><strong>ἐν</strong></span> <span class='ocrx_word' id='word_1_230' title='bbox 763 3160 803 3241; x_wconf 82' lang='grc' dir='ltr'><strong>τῷ</strong></span> <span class='ocrx_word' id='word_1_231' title='bbox 817 3160 892 3241; x_wconf 75' lang='grc' dir='ltr'>λαῷ,</span> <span class='ocrx_word' id='word_1_232' title='bbox 907 3156 989 3219; x_wconf 92' lang='lat' dir='ltr'><strong>bene</strong></span> <span class='ocrx_word' id='word_1_233' title='bbox 1004 3155 1132 3239; x_wconf 92' lang='lat' dir='ltr'><strong>quidem</strong></span> <span class='ocrx_word' id='word_1_234' title='bbox 1147 3164 1302 3239; x_wconf 84' lang='lat' dir='ltr'><strong>quantum</strong></span> <span class='ocrx_word' id='word_1_235' title='bbox 1319 3158 1361 3220; x_wconf 86' lang='lat' dir='ltr'><strong>ed</strong></span> <span class='ocrx_word' id='word_1_236' title='bbox 1380 3163 1505 3222; x_wconf 77' lang='lat' dir='ltr'><strong>oenten-</strong></span> 
     </span>
     <span class='ocr_line' id='line_1_26' title="bbox 405 3256 1506 3342; baseline 0.005 -24"><span class='ocrx_word' id='word_1_237' title='bbox 405 3258 495 3335; x_wconf 67' lang='lat' dir='ltr'><strong>tium,</strong></span> <span class='ocrx_word' id='word_1_238' title='bbox 511 3258 567 3321; x_wconf 86' lang='lat' dir='ltr'><strong>eed</strong></span> <span class='ocrx_word' id='word_1_239' title='bbox 589 3257 633 3321; x_wconf 86' lang='lat' dir='ltr'><strong>eic</strong></span> <span class='ocrx_word' id='word_1_240' title='bbox 655 3279 719 3321; x_wconf 92' lang='lat' dir='ltr'><strong>non</strong></span> <span class='ocrx_word' id='word_1_241' title='bbox 740 3256 866 3340; x_wconf 85' lang='lat' dir='ltr'><strong>ecripeit</strong></span> <span class='ocrx_word' id='word_1_242' title='bbox 888 3256 1098 3342; x_wconf 82' lang='lat' dir='ltr'><strong>Hegeeippue.</strong></span> <span class='ocrx_word' id='word_1_243' title='bbox 1144 3260 1194 3321; x_wconf 89' lang='lat' dir='ltr'><strong>At</strong></span> <span class='ocrx_word' id='word_1_244' title='bbox 1214 3258 1281 3322; x_wconf 83' lang='lat' dir='ltr'><strong>tole</strong></span> <span class='ocrx_word' id='word_1_245' title='bbox 1302 3258 1379 3342; x_wconf 91' lang='lat' dir='ltr'><strong>quid</strong></span> <span class='ocrx_word' id='word_1_246' title='bbox 1400 3258 1506 3323; x_wconf 86' lang='lat' dir='ltr'><strong>dicere</strong></span> 
     </span>
     <span class='ocr_line' id='line_1_27' title="bbox 405 3357 1509 3443; baseline 0 -20"><span class='ocrx_word' id='word_1_247' title='bbox 405 3359 516 3435; x_wconf 87' lang='lat' dir='ltr'><strong>voluit,</strong></span> <span class='ocrx_word' id='word_1_248' title='bbox 530 3357 590 3422; x_wconf 81' lang='lat' dir='ltr'><strong>dud</strong></span> <span class='ocrx_word' id='word_1_249' title='bbox 611 3364 671 3422; x_wconf 78' lang='grc' dir='ltr'><strong>τῶν</strong></span> <span class='ocrx_word' id='word_1_250' title='bbox 693 3360 768 3421; x_wconf 77' lang='grc' dir='ltr'><strong>ἑπτὰ</strong></span> <span class='ocrx_word' id='word_1_251' title='bbox 788 3360 848 3437; x_wconf 81' lang='lat' dir='ltr'><strong>alp.</strong></span> <span class='ocrx_word' id='word_1_252' title='bbox 867 3363 926 3421; x_wconf 78' lang='grc' dir='ltr'><strong>τῷν</strong></span> <span class='ocrx_word' id='word_1_253' title='bbox 947 3360 981 3421; x_wconf 77' lang='grc' dir='ltr'><strong>ἐν</strong></span> <span class='ocrx_word' id='word_1_254' title='bbox 1001 3362 1040 3442; x_wconf 81' lang='grc' dir='ltr'><strong>τῷ</strong></span> <span class='ocrx_word' id='word_1_255' title='bbox 1061 3362 1126 3443; x_wconf 91' lang='grc' dir='ltr'>λαῷ</span> <span class='ocrx_word' id='word_1_256' title='bbox 1147 3360 1190 3422; x_wconf 74' lang='grc' dir='ltr'><strong>ὧν</strong></span> <span class='ocrx_word' id='word_1_257' title='bbox 1214 3361 1262 3422; x_wconf 72' lang='grc' dir='ltr'>καλ</span> <span class='ocrx_word' id='word_1_258' title='bbox 1282 3360 1371 3426; x_wconf 74' lang='grc' dir='ltr'>αὐτὸς</span> <span class='ocrx_word' id='word_1_259' title='bbox 1390 3359 1439 3437; x_wconf 71' lang='grc' dir='ltr'><strong>ἣν,</strong></span> <span class='ocrx_word' id='word_1_260' title='bbox 1460 3359 1509 3423; x_wconf 79' lang='lat' dir='ltr'><strong>ecl</strong></span> 
     </span>
     <span class='ocr_line' id='line_1_28' title="bbox 405 3457 1507 3543; baseline 0 -19"><span class='ocrx_word' id='word_1_261' title='bbox 405 3459 497 3524; x_wconf 72' lang='lat' dir='ltr'><strong>aiam</strong></span> <span class='ocrx_word' id='word_1_262' title='bbox 510 3458 647 3541; x_wconf 62' lang='lat' dir='ltr'><strong>commit</strong></span> <span class='ocrx_word' id='word_1_263' title='bbox 660 3457 820 3532; x_wconf 61' lang='lat' dir='ltr'><strong>muciam,</strong></span> <span class='ocrx_word' id='word_1_264' title='bbox 832 3457 957 3522; x_wconf 71' lang='lat' dir='ltr'><strong>inuectis</strong></span> <span class='ocrx_word' id='word_1_265' title='bbox 966 3457 1117 3521; x_wconf 75' lang='lat' dir='ltr'><strong>moribus</strong></span> <span class='ocrx_word' id='word_1_266' title='bbox 1130 3480 1150 3522; x_wconf 87' lang='grc' dir='ltr'>α</span> <span class='ocrx_word' id='word_1_267' title='bbox 1164 3469 1273 3543; x_wconf 75' lang='lat' dir='ltr'><strong>upum</strong></span> <span class='ocrx_word' id='word_1_268' title='bbox 1286 3459 1351 3523; x_wconf 80' lang='lat' dir='ltr'><strong>illie</strong></span> <span class='ocrx_word' id='word_1_269' title='bbox 1360 3459 1507 3524; x_wconf 69' lang='lat' dir='ltr'><strong>Iudaicis</strong></span> 
     </span>
     <span class='ocr_line' id='line_1_29' title="bbox 405 3558 1506 3645; baseline 0.003 -22"><span class='ocrx_word' id='word_1_270' title='bbox 405 3559 492 3624; x_wconf 73' lang='lat' dir='ltr'><strong>ecte</strong></span> <span class='ocrx_word' id='word_1_271' title='bbox 507 3558 658 3633; x_wconf 65' lang='lat' dir='ltr'><strong>mulie,</strong></span> <span class='ocrx_word' id='word_1_272' title='bbox 673 3579 800 3642; x_wconf 72' lang='lat' dir='ltr'><strong>quocum</strong></span> <span class='ocrx_word' id='word_1_273' title='bbox 813 3565 842 3621; x_wconf 80' lang='lat' dir='ltr'><strong>et</strong></span> <span class='ocrx_word' id='word_1_274' title='bbox 859 3559 923 3642; x_wconf 68' lang='grc' dir='ltr'>ἐραν</span> <span class='ocrx_word' id='word_1_275' title='bbox 941 3568 1019 3622; x_wconf 74' lang='lat' dir='ltr'><strong>erut.</strong></span> <span class='ocrx_word' id='word_1_276' title='bbox 1060 3560 1221 3623; x_wconf 71' lang='lat' dir='ltr'><strong>Caeterum</strong></span> <span class='ocrx_word' id='word_1_277' title='bbox 1240 3560 1335 3645; x_wconf 83' lang='lat' dir='ltr'><strong>hujus</strong></span> <span class='ocrx_word' id='word_1_278' title='bbox 1350 3560 1506 3626; x_wconf 82' lang='lat' dir='ltr'><strong>Thebntie</strong></span> 
     </span>
     <span class='ocr_line' id='line_1_30' title="bbox 405 3657 1506 3745; baseline -0.001 -18"><span class='ocrx_word' id='word_1_279' title='bbox 405 3660 492 3745; x_wconf 81' lang='lat' dir='ltr'><strong>epud</strong></span> <span class='ocrx_word' id='word_1_280' title='bbox 506 3658 626 3724; x_wconf 88' lang='lat' dir='ltr'><strong>nullum</strong></span> <span class='ocrx_word' id='word_1_281' title='bbox 639 3658 736 3723; x_wconf 80' lang='lat' dir='ltr'><strong>ulium</strong></span> <span class='ocrx_word' id='word_1_282' title='bbox 750 3657 936 3741; x_wconf 80' lang='lat' dir='ltr'><strong>scriptorem</strong></span> <span class='ocrx_word' id='word_1_283' title='bbox 951 3659 989 3723; x_wconf 87' lang='lat' dir='ltr'><strong>fit</strong></span> <span class='ocrx_word' id='word_1_284' title='bbox 1004 3660 1141 3733; x_wconf 86' lang='lat' dir='ltr'><strong>meutio;</strong></span> <span class='ocrx_word' id='word_1_285' title='bbox 1163 3682 1262 3744; x_wconf 80' lang='lat' dir='ltr'><strong>quere</strong></span> <span class='ocrx_word' id='word_1_286' title='bbox 1272 3669 1306 3725; x_wconf 91' lang='lat' dir='ltr'><strong>et</strong></span> <span class='ocrx_word' id='word_1_287' title='bbox 1316 3662 1377 3725; x_wconf 91' lang='lat' dir='ltr'><strong>hoc</strong></span> <span class='ocrx_word' id='word_1_288' title='bbox 1391 3684 1506 3726; x_wconf 91' lang='lat' dir='ltr'><strong>nomen</strong></span> 
     </span>
     <span class='ocr_line' id='line_1_31' title="bbox 405 3760 1505 3846; baseline 0.002 -20"><span class='ocrx_word' id='word_1_289' title='bbox 405 3768 464 3826; x_wconf 80' lang='lat' dir='ltr'><strong>eut</strong></span> <span class='ocrx_word' id='word_1_290' title='bbox 477 3761 589 3826; x_wconf 89' lang='lat' dir='ltr'><strong>fictum</strong></span> <span class='ocrx_word' id='word_1_291' title='bbox 603 3768 661 3826; x_wconf 84' lang='lat' dir='ltr'><strong>eut</strong></span> <span class='ocrx_word' id='word_1_292' title='bbox 675 3766 860 3845; x_wconf 81' lang='lat' dir='ltr'><strong>corruptum</strong></span> <span class='ocrx_word' id='word_1_293' title='bbox 875 3761 916 3824; x_wconf 85' lang='lat' dir='ltr'><strong>eb</strong></span> <span class='ocrx_word' id='word_1_294' title='bbox 933 3760 1118 3846; x_wconf 85' lang='lat' dir='ltr'><strong>Hegeeippo</strong></span> <span class='ocrx_word' id='word_1_295' title='bbox 1133 3769 1221 3845; x_wconf 90' lang='lat' dir='ltr'><strong>puto.</strong></span> <span class='ocrx_word' id='word_1_296' title='bbox 1246 3762 1379 3828; x_wconf 70' lang='lat' dir='ltr'><strong>Seuere.</strong></span> <span class='ocrx_word' id='word_1_297' title='bbox 1416 3764 1505 3828; x_wconf 84' lang='lat' dir='ltr'><strong>Eun-</strong></span> 
     </span>
     <span class='ocr_line' id='line_1_32' title="bbox 406 3861 1506 3946; baseline 0.002 -18"><span class='ocrx_word' id='word_1_298' title='bbox 406 3864 480 3928; x_wconf 88' lang='lat' dir='ltr'><strong>dem</strong></span> <span class='ocrx_word' id='word_1_299' title='bbox 499 3862 595 3927; x_wconf 84' lang='lat' dir='ltr'><strong>l&#39;uieee</strong></span> <span class='ocrx_word' id='word_1_300' title='bbox 615 3862 794 3926; x_wconf 86' lang='lat' dir='ltr'><strong>Thebutem</strong></span> <span class='ocrx_word' id='word_1_301' title='bbox 814 3862 862 3924; x_wconf 82' lang='lat' dir='ltr'><strong>vel</strong></span> <span class='ocrx_word' id='word_1_302' title='bbox 883 3861 1082 3926; x_wconf 89' lang='lat' dir='ltr'><strong>Theobutem</strong></span> <span class='ocrx_word' id='word_1_303' title='bbox 1101 3871 1200 3946; x_wconf 80' lang='lat' dir='ltr'><strong>atque</strong></span> <span class='ocrx_word' id='word_1_304' title='bbox 1219 3863 1392 3930; x_wconf 83' lang='lat' dir='ltr'><strong>Olementie</strong></span> <span class='ocrx_word' id='word_1_305' title='bbox 1407 3866 1506 3931; x_wconf 86' lang='lat' dir='ltr'><strong>Alex·</strong></span> 
     </span>
     <span class='ocr_line' id='line_1_33' title="bbox 405 3963 1507 4048; baseline 0.003 -19"><span class='ocrx_word' id='word_1_306' title='bbox 405 3965 533 4030; x_wconf 74' lang='lat' dir='ltr'><strong>murini</strong></span> <span class='ocrx_word' id='word_1_307' title='bbox 558 3964 772 4039; x_wconf 76' lang='lat' dir='ltr'><strong>Theodedem</strong></span> <span class='ocrx_word' id='word_1_308' title='bbox 800 3984 894 4046; x_wconf 90' lang='lat' dir='ltr'><strong>quem</strong></span> <span class='ocrx_word' id='word_1_309' title='bbox 920 3963 1010 4026; x_wconf 83' lang='lat' dir='ltr'><strong>l‘ouli</strong></span> <span class='ocrx_word' id='word_1_310' title='bbox 1039 3965 1173 4048; x_wconf 79' lang='lat' dir='ltr'><strong>apostoli</strong></span> <span class='ocrx_word' id='word_1_311' title='bbox 1198 3965 1385 4030; x_wconf 74' lang='lat' dir='ltr'><strong>familiarem</strong></span> <span class='ocrx_word' id='word_1_312' title='bbox 1410 3967 1507 4033; x_wconf 81' lang='lat' dir='ltr'><strong>iuieeo</strong></span> 
     </span>
     <span class='ocr_line' id='line_1_34' title="bbox 407 4063 1508 4150; baseline 0.001 -19"><span class='ocrx_word' id='word_1_313' title='bbox 407 4066 567 4144; x_wconf 78' lang='lat' dir='ltr'><strong>dicebaut,</strong></span> <span class='ocrx_word' id='word_1_314' title='bbox 586 4066 671 4150; x_wconf 92' lang='lat' dir='ltr'><strong>quod</strong></span> <span class='ocrx_word' id='word_1_315' title='bbox 685 4065 785 4129; x_wconf 79' lang='lat' dir='ltr'><strong>hebes</strong></span> <span class='ocrx_word' id='word_1_316' title='bbox 804 4064 837 4127; x_wconf 95' lang='lat' dir='ltr'><strong>in</strong></span> <span class='ocrx_word' id='word_1_317' title='bbox 858 4069 970 4127; x_wconf 63' lang='lat' dir='ltr'><strong>strom.</strong></span> <span class='ocrx_word' id='word_1_318' title='bbox 993 4063 1061 4148; x_wconf 87' lang='lat' dir='ltr'><strong>ejue</strong></span> <span class='ocrx_word' id='word_1_319' title='bbox 1082 4064 1132 4127; x_wconf 82' lang='lat' dir='ltr'><strong>u&#39;i.</strong></span> <span class='ocrx_word' id='word_1_320' title='bbox 1155 4088 1186 4149; x_wconf 92' lang='lat' dir='ltr'><strong>p.</strong></span> <span class='ocrx_word' id='word_1_321' title='bbox 1210 4067 1282 4150; x_wconf 88' lang='lat'><strong>899.</strong></span> <span class='ocrx_word' id='word_1_322' title='bbox 1304 4067 1355 4130; x_wconf 83' lang='lat' dir='ltr'><strong>ed.</strong></span> <span class='ocrx_word' id='word_1_323' title='bbox 1370 4069 1508 4146; x_wconf 65' lang='lat' dir='ltr'><strong>Pouet-i,</strong></span> 
     </span>
     <span class='ocr_line' id='line_1_35' title="bbox 407 4165 1507 4251; baseline 0 -19"><span class='ocrx_word' id='word_1_324' title='bbox 407 4173 598 4232; x_wconf 84' lang='lat' dir='ltr'><strong>censuerunt</strong></span> <span class='ocrx_word' id='word_1_325' title='bbox 611 4166 670 4229; x_wconf 89' lang='lat' dir='ltr'><strong>viri</strong></span> <span class='ocrx_word' id='word_1_326' title='bbox 685 4165 824 4229; x_wconf 91' lang='lat' dir='ltr'><strong>nonnulli</strong></span> <span class='ocrx_word' id='word_1_327' title='bbox 840 4165 936 4228; x_wconf 88' lang='lat' dir='ltr'><strong>docti.</strong></span> <span class='ocrx_word' id='word_1_328' title='bbox 984 4165 1099 4229; x_wconf 88' lang='lat' dir='ltr'><strong>Potine</strong></span> <span class='ocrx_word' id='word_1_329' title='bbox 1113 4189 1187 4229; x_wconf 84' lang='lat' dir='ltr'><strong>vero</strong></span> <span class='ocrx_word' id='word_1_330' title='bbox 1202 4176 1372 4251; x_wconf 81' lang='lat' dir='ltr'><strong>utrumque</strong></span> <span class='ocrx_word' id='word_1_331' title='bbox 1392 4190 1507 4233; x_wconf 92' lang='lat' dir='ltr'><strong>nomeu</strong></span> 
     </span>
     <span class='ocr_line' id='line_1_36' title="bbox 406 4266 1506 4353; baseline 0.001 -19"><span class='ocrx_word' id='word_1_332' title='bbox 406 4270 550 4353; x_wconf 83' lang='lat' dir='ltr'><strong>ejusdem</strong></span> <span class='ocrx_word' id='word_1_333' title='bbox 563 4267 622 4331; x_wconf 83' lang='lat' dir='ltr'><strong>viri</strong></span> <span class='ocrx_word' id='word_1_334' title='bbox 643 4266 812 4331; x_wconf 74' lang='lat' dir='ltr'><strong>binominis</strong></span> <span class='ocrx_word' id='word_1_335' title='bbox 831 4266 927 4330; x_wconf 83' lang='lat' dir='ltr'><strong>iuieee</strong></span> <span class='ocrx_word' id='word_1_336' title='bbox 948 4274 1043 4350; x_wconf 82' lang='lat' dir='ltr'><strong>putet</strong></span> <span class='ocrx_word' id='word_1_337' title='bbox 1062 4267 1099 4329; x_wconf 90' lang='lat' dir='ltr'><strong>P.</strong></span> <span class='ocrx_word' id='word_1_338' title='bbox 1118 4267 1263 4331; x_wconf 70' lang='lat' dir='ltr'><strong>Hom-eus</strong></span> <span class='ocrx_word' id='word_1_339' title='bbox 1279 4269 1411 4333; x_wconf 65' lang='lat' dir='ltr'><strong>meua.</strong></span> <span class='ocrx_word' id='word_1_340' title='bbox 1429 4271 1506 4335; x_wconf 73' lang='lat' dir='ltr'><strong>erit.</strong></span> 
     </span>
     <span class='ocr_line' id='line_1_37' title="bbox 406 4367 1506 4453; baseline 0.002 -19"><span class='ocrx_word' id='word_1_341' title='bbox 406 4371 460 4435; x_wconf 89' lang='lat' dir='ltr'><strong>lib.</strong></span> <span class='ocrx_word' id='word_1_342' title='bbox 478 4371 508 4434; x_wconf 90' lang='lat'><strong>1.</strong></span> <span class='ocrx_word' id='word_1_343' title='bbox 525 4391 595 4452; x_wconf 82' lang='lat' dir='ltr'><strong>oep.</strong></span> <span class='ocrx_word' id='word_1_344' title='bbox 613 4371 643 4431; x_wconf 81' lang='lat'><strong>8.</strong></span> <span class='ocrx_word' id='word_1_345' title='bbox 664 4368 718 4432; x_wconf 92' lang='lat' dir='ltr'><strong>ubi</strong></span> <span class='ocrx_word' id='word_1_346' title='bbox 733 4368 774 4431; x_wconf 91' lang='lat' dir='ltr'><strong>de</strong></span> <span class='ocrx_word' id='word_1_347' title='bbox 789 4367 962 4430; x_wconf 83' lang='lat' dir='ltr'><strong>Theodude</strong></span> <span class='ocrx_word' id='word_1_348' title='bbox 975 4368 1045 4431; x_wconf 84' lang='lat' dir='ltr'><strong>fuee</strong></span> <span class='ocrx_word' id='word_1_349' title='bbox 1059 4368 1245 4453; x_wconf 75' lang='lat' dir='ltr'><strong>disputavit.</strong></span> <span class='ocrx_word' id='word_1_350' title='bbox 1290 4370 1384 4451; x_wconf 75' lang='lat' dir='ltr'><strong>Quod</strong></span> <span class='ocrx_word' id='word_1_351' title='bbox 1398 4379 1506 4436; x_wconf 77' lang='lat' dir='ltr'><strong>antem</strong></span> 
     </span>
     <span class='ocr_line' id='line_1_38' title="bbox 407 4468 1508 4554; baseline 0.004 -20"><span class='ocrx_word' id='word_1_352' title='bbox 407 4472 449 4536; x_wconf 84' lang='lat' dir='ltr'><strong>ed</strong></span> <span class='ocrx_word' id='word_1_353' title='bbox 465 4470 633 4534; x_wconf 89' lang='lat' dir='ltr'><strong>lectionem</strong></span> <span class='ocrx_word' id='word_1_354' title='bbox 647 4470 777 4554; x_wconf 85' lang='lat' dir='ltr'><strong>hujusce</strong></span> <span class='ocrx_word' id='word_1_355' title='bbox 791 4468 852 4532; x_wconf 90' lang='lat' dir='ltr'><strong>loci</strong></span> <span class='ocrx_word' id='word_1_356' title='bbox 867 4469 1124 4534; x_wconf 76' lang='lat' dir='ltr'><strong>constituendum</strong></span> <span class='ocrx_word' id='word_1_357' title='bbox 1138 4471 1266 4544; x_wconf 79' lang='lat' dir='ltr'><strong>attinet,</strong></span> <span class='ocrx_word' id='word_1_358' title='bbox 1283 4472 1344 4536; x_wconf 87' lang='lat' dir='ltr'><strong>etei</strong></span> <span class='ocrx_word' id='word_1_359' title='bbox 1358 4474 1508 4538; x_wconf 80' lang='lat' dir='ltr'><strong>favebant</strong></span> 
     </span>
     <span class='ocr_line' id='line_1_39' title="bbox 408 4569 1506 4655; baseline 0.002 -20"><span class='ocrx_word' id='word_1_360' title='bbox 408 4570 503 4635; x_wconf 82' lang='lat' dir='ltr'><strong>ultori</strong></span> <span class='ocrx_word' id='word_1_361' title='bbox 522 4569 688 4655; x_wconf 71' lang='lat' dir='ltr'><strong>scriptume</strong></span> <span class='ocrx_word' id='word_1_362' title='bbox 710 4569 808 4633; x_wconf 90' lang='lat' dir='ltr'><strong>MSS.</strong></span> <span class='ocrx_word' id='word_1_363' title='bbox 829 4590 940 4634; x_wconf 78' lang='lat' dir='ltr'><strong>omues</strong></span> <span class='ocrx_word' id='word_1_364' title='bbox 957 4578 1076 4654; x_wconf 82' lang='lat' dir='ltr'><strong>praeter</strong></span> <span class='ocrx_word' id='word_1_365' title='bbox 1089 4593 1183 4635; x_wconf 64' lang='lat' dir='ltr'><strong>rmum</strong></span> <span class='ocrx_word' id='word_1_366' title='bbox 1205 4594 1241 4636; x_wconf 82' lang='grc' dir='ltr'>αν</span> <span class='ocrx_word' id='word_1_367' title='bbox 1254 4573 1454 4651; x_wconf 58' lang='lat' dir='ltr'><strong>Florentium,</strong></span> <span class='ocrx_word' id='word_1_368' title='bbox 1472 4574 1506 4637; x_wconf 91' lang='lat' dir='ltr'><strong>in</strong></span> 
     </span>
     <span class='ocr_line' id='line_1_40' title="bbox 409 4670 1505 4760; baseline 0 -24"><span class='ocrx_word' id='word_1_369' title='bbox 409 4692 472 4754; x_wconf 90' lang='lat' dir='ltr'><strong>quo</strong></span> <span class='ocrx_word' id='word_1_370' title='bbox 488 4670 585 4755; x_wconf 85' lang='lat' dir='ltr'><strong>juxte</strong></span> <span class='ocrx_word' id='word_1_371' title='bbox 594 4671 794 4734; x_wconf 70' lang='lat' dir='ltr'><strong>collationem</strong></span> <span class='ocrx_word' id='word_1_372' title='bbox 806 4670 958 4736; x_wconf 82' lang='lat' dir='ltr'><strong>Gronovii</strong></span> <span class='ocrx_word' id='word_1_373' title='bbox 974 4673 1016 4737; x_wconf 80' lang='grc' dir='ltr'><strong>εῐς</strong></span> <span class='ocrx_word' id='word_1_374' title='bbox 1027 4674 1068 4736; x_wconf 76' lang='grc' dir='ltr'><strong>ὧν</strong></span> <span class='ocrx_word' id='word_1_375' title='bbox 1083 4679 1185 4750; x_wconf 77' lang='lat' dir='ltr'><strong>extet,</strong></span> <span class='ocrx_word' id='word_1_376' title='bbox 1197 4673 1281 4737; x_wconf 78' lang='lat' dir='ltr'><strong>siout</strong></span> <span class='ocrx_word' id='word_1_377' title='bbox 1295 4674 1328 4737; x_wconf 92' lang='lat' dir='ltr'><strong>in</strong></span> <span class='ocrx_word' id='word_1_378' title='bbox 1343 4695 1443 4760; x_wconf 70' lang='lat' dir='ltr'><strong>marg.</strong></span> <span class='ocrx_word' id='word_1_379' title='bbox 1455 4675 1505 4738; x_wconf 93' lang='lat' dir='ltr'><strong>ed.</strong></span> 
     </span>
    </p>
   </div>
   <div class='ocr_carea' id='block_1_3' title="bbox 0 0 1923 5650">
    <p class='ocr_par' dir='ltr' id='par_1_4' title="bbox 0 0 1923 5650">
     <span class='ocr_line' id='line_1_41' title="bbox 0 0 1923 5650; baseline 0 0"><span class='ocrx_word' id='word_1_380' title='bbox 0 0 1923 5650; x_wconf 95' lang='lat' dir='ltr'><strong> </strong></span> 
     </span>
    </p>
   </div>
  </div>
 </body>
</html>
