3809 5650
468 693 518 758 IN
541 694 681 760 EPIST.
706 695 926 762 VIENNEN.
950 697 1010 764 Er
1033 698 1303 766 LUGDUNEN.
1371 703 1436 768 383

338 872 487 947 corrupte
502 865 619 928 lectum
636 867 741 931 fuerat
755 865 788 929 in
799 867 914 932 Rufino
929 868 1017 932 edito
1034 870 1161 946 Veratius,
1176 870 1226 934 vel
1243 871 1353 947 Velius,
1370 873 1437 935 Pa·

333 964 451 1047 ραιλιις.
497 965 600 1030 Extat
619 975 727 1031 autom
750 969 850 1032 Velius
865 970 1045 1054 &apathes
1064 971 1097 1033 in
1112 972 1220 1035 codice
1238 972 1357 1056 scripto
1372 971 1438 1035 Ru·

337 1064 392 1126 fini
409 1064 495 1129 Hist.
512 1067 565 1149 qui
581 1067 613 1129 in
628 1067 767 1153 collegio
783 1068 815 1132 S.
835 1070 1034 1154 Magdolenae
1055 1072 1171 1137 Oxonii
1192 1079 1345 1136 servatur.
1391 1072 1438 1137 Et

345 1166 445 1228 γαίας
467 1167 595 1250 quidem
620 1190 691 1231 cum
718 1168 851 1253 simplici
877 1195 894 1232 r
917 1171 1069 1235 exhibent
1098 1172 1230 1237 Eusebii
1257 1173 1302 1237 ed.
1334 1173 1437 1257 δῶρά.

336 1267 504 1351 Metasque
528 1269 772 1353 Νἱοοράοιυορυο
794 1276 828 1333 et
855 1271 1020 1356 Gregorira
1047 1273 1122 1336 Τυν.
1145 1274 1201 1337 sed
1225 1295 1297 1336 cum
1320 1273 1435 1338 ceteris

337 1367 455 1430 Valesii
483 1369 644 1434 codicibus
673 1371 832 1434 consentit
858 1372 933 1435 Ma.
957 1372 1049 1436 Bodl.
1074 1395 1129 1436 seu
1155 1374 1258 1438 Saoil.
1284 1379 1328 1452 et,
1354 1395 1437 1438 nuno

336 1475 420 1531 toste
435 1469 589 1549 Burtono,
604 1472 691 1536 codd.
705 1475 786 1535 Par.
804 1493 832 1536 1.
849 1472 947 1536 Versat.
959 1473 1199 1558 Florattiaiqua.
1236 1475 1348 1539 Habet
1362 1498 1437 1541 vero

336 1573 394 1649 γὰρ
410 1570 493 1651 ἅγιος
510 1594 568 1655 pro
584 1572 725 1639 Οὐέττιος
744 1572 855 1636 adicis
869 1574 1008 1656 Norfola.
1025 1575 1152 1638 collatio
1172 1575 1250 1638 mihi
1270 1576 1312 1640 ab
1334 1576 1437 1641 amieo

335 1671 442 1747 missa,
458 1672 512 1734 ubi
527 1673 670 1755 proxime
685 1680 759 1758 post
773 1674 820 1738 ita
839 1675 998 1752 scribitur,
1015 1676 1056 1742 εῐς
1077 1677 1109 1738 ἐκ
1129 1682 1188 1739 τῶν
1210 1678 1330 1757 ἀγαθῶν
1349 1678 1438 1741 ἀδελ-

336 1779 402 1852 φῶν
419 1775 449 1839 ἐς
463 1773 619 1854 πλήρωμα,

380 1874 418 1936 Ρ.
436 1875 508 1957 298.
523 1874 546 1937 l.
564 1893 593 1941 υ.
610 1877 658 1938 καὶ
678 1875 777 1958 αὐτὸς]
796 1874 928 1939 Omittit
952 1877 1001 1940 καὶ
1015 1878 1090 1941 Ma.
1105 1877 1244 1961 Ncrsoh.
1259 1899 1319 1943 nec
1341 1878 1433 1955 male,

335 1973 495 2059 habetque
520 1977 604 2040 infra
626 1976 646 2039 l.
671 1993 701 2060 5.
727 1977 913 2059 ἀνεχομένου
935 1998 995 2060 pro
1020 1979 1241 2061 ἀνασχομένου.
1286 1978 1438 2063 Sequitur

337 2076 385 2138 καὶ
404 2075 491 2143 αὐτὸς
511 2076 651 2156 inferius,
667 2078 752 2161 quod
771 2084 890 2149 tamen,
903 2078 986 2142 siout
1001 2100 1098 2161 supra
1112 2080 1269 2157 ἀξιώσεως,
1285 2081 1438 2166 Satara·

336 2177 415 2240 MS.
431 2177 549 2245 omisit.

380 2277 460 2340 lbid.
474 2278 494 2342 l.
508 2299 556 2342 10.
568 2280 755 2361 παράκλητος
770 2286 959 2361 Χριστιανῶν
973 2282 1171 2365 χρηματίσας]
1192 2282 1279 2346 Male
1294 2281 1436 2348 Christo-

335 2377 512 2461 phorsonus
527 2380 610 2444 hunc
625 2382 729 2445 locum
746 2381 977 2466 interpretatus
991 2390 1052 2458 est,
1068 2383 1157 2465 quasi
1174 2382 1362 2469 Epagathus
1382 2407 1436 2448 ex-

335 2479 409 2541 inde
423 2481 465 2542 ab
479 2480 625 2544 omnibus
636 2490 767 2546 vocatus
780 2482 876 2546 luerit
890 2490 1045 2566 patronus
1060 2482 1321 2548 Christianorum.
1352 2489 1435 2551 Nos-

336 2585 421 2642 tram
444 2587 553 2643 autem
567 2581 741 2645 versionem
765 2582 932 2646 confirmat
947 2582 1092 2658 Rufinus,
1108 2590 1141 2646 et
1165 2606 1235 2666 quae
1259 2595 1436 2670 sequuntur

336 2679 442 2754 verba,
460 2680 538 2761 ἔχων
555 2683 587 2743 δὲ
600 2682 801 2760 παράκλητον,
816 2685 871 2746 &a
888 2705 960 2765 quie
975 2689 1063 2746 stare
1077 2683 1204 2746 omnino
1215 2706 1278 2747 non
1291 2694 1436 2769 possunt,
1480 2718 1484 2723 ·

336 2780 396 2844 nisi
410 2780 457 2844 ita
471 2780 689 2865 interpreteris
704 2790 741 2846 ut
759 2782 899 2847 fecimus.
923 2784 1083 2847 Vnumne.
1128 2782 1262 2849 Rufinus
1277 2792 1367 2850 vetus
1389 2787 1436 2850 in-

335 2888 459 2965 terpres
478 2882 586 2958 habet,
612 2884 771 2966 Tanquam
794 2884 968 2959 αάοοοαιιις,
984 2883 1093 2966 iuquit,
1110 2883 1157 2966 (h.
1173 2906 1200 2947 e.
1216 2885 1264 2949 ait
1293 2887 1434 2975 praeses),

338 2983 592 3058 Christianorum,
604 2993 632 3047 et
642 2985 706 3067 ι’ρςο
715 2985 882 3048 clamatam
892 3004 1014 3047 νυινονο
1024 2983 1159 3046 meista.
1194 2985 1284 3049 Male
1296 3008 1335 3049 ex
1346 2994 1436 3052 ante-

335 3083 520 3147 cedentibus
534 3084 705 3167 repetitum
720 3092 770 3148 est
791 3085 838 3147 καὶ
858 3085 945 3150 αὐτὸς
965 3090 1041 3146 ante
1061 3104 1170 3146 vocem
1191 3085 1379 3165 παράκλητος
1402 3089 1435 3152 in

338 3184 409 3251 eod,
425 3185 500 3247 MS.
515 3183 606 3246 Bodl.
627 3191 661 3248 et
683 3186 725 3249 ad
747 3206 848 3269 marg.
870 3186 1006 3247 duorum
1029 3183 1177 3248 editionis
1201 3185 1310 3269 Steph.
1330 3208 1435 3251 exem-

335 3283 470 3367 plarium
482 3284 645 3348 Jooesioai
659 3283 905 3368 Billiotlacoequa
918 3284 1009 3347 Bodl.
1055 3284 1086 3346 N
1087 3305 1147 3347 uno
1167 3286 1257 3351 addit
1273 3287 1435 3353 Burtonus

335 3384 421 3447 codd.
445 3385 530 3448 Mad.
554 3387 642 3449 Mas.
666 3393 700 3450 et
724 3386 831 3449 Fakal.
876 3384 979 3448 Paulo
1005 3391 1079 3466 post
1101 3384 1262 3452 omittitur
1283 3388 1436 3453 articulus

335 3489 412 3545 ante
437 3482 628 3563 παράκλητον
653 3484 686 3548 in
714 3486 827 3548 eodem
845 3485 919 3547 MS.
935 3482 1027 3546 Bodl,
1048 3504 1103 3546 seu
1123 3484 1224 3548 Saeil.
1268 3487 1436 3572 Additque

334 3584 413 3646 Mn
430 3585 524 3667 Noas.
540 3585 713 3662 Burtonus,
728 3586 778 3649 oui
795 3585 914 3670 placuit
929 3583 1067 3647 omissio.
1094 3599 1098 3606 ’

380 3683 464 3746 Ibid.
488 3683 510 3746 l.
538 3704 588 3748 ιι.
612 3692 719 3749 πλεῖον
742 3691 793 3749 τοῦ
818 3683 982 3767 Ζαχαρίου]
1006 3682 1083 3747 Jam
1108 3705 1206 3768 supra
1230 3684 1435 3771 Epagathum

334 3783 531 3866 comparavit
544 3806 616 3848 oum
636 3786 794 3850 Zacharia
816 3785 1000 3859 Sacerdote,
1018 3784 1057 3846 de
1079 3805 1142 3865 quo
1159 3784 1262 3848 Lucas
1286 3786 1319 3848 in
1343 3808 1437 3850 evan-

334 3882 416 3965 gelio
434 3904 504 3966 cap.
518 3884 538 3947 i.
561 3945 565 3952 ,
584 3886 709 3948 lterum
728 3905 811 3947 nunc
830 3885 944 3948 alludit
964 3883 1006 3945 ad
1020 3883 1117 3946 verba
1138 3904 1208 3965 quae
1231 3883 1381 3968 leguntur
1401 3886 1435 3948 in

335 3982 397 4044 fine
421 3983 498 4046 dieti
521 3985 643 4068 capitis.
687 3986 732 4047 Et
756 3985 930 4048 Ζαοάανίαι
955 3983 1084 4067 repetas
1110 3993 1151 4046 at
1175 3984 1302 4065 Spiritu
1323 3995 1434 4049 saneto.

336 4082 439 4144 Porro
461 4082 598 4167 Spiritus
617 4083 651 4147 S.
666 4083 855 4164 παράκλητος
876 4082 993 4146 dicitur
1011 4082 1044 4144 in
1062 4082 1235 4166 evaugelio,
1250 4084 1283 4146 id
1303 4091 1363 4158 eet,
1380 4085 1435 4148 ad-

335 4192 463 4258 υοοαιιιο,
480 4183 554 4265 quia
564 4183 683 4247 sufficet
697 4184 840 4267 postulat
855 4205 913 4268 pro
928 4181 1020 4245 nobis
1034 4182 1204 4265 gemitibus
1218 4183 1435 4248 inenarrabili-

335 4282 406 4360 bus,
422 4290 459 4347 ut
474 4284 521 4347 uit
535 4284 707 4368 apostolus.
741 4283 794 4347 Ito
809 4283 1023 4348 Tertullianus
1037 4282 1071 4345 in
1085 4281 1166 4345 libro
1181 4283 1221 4345 de
1235 4282 1258 4345 J
1260 4283 1383 4369 ejuniis,
1394 4287 1435 4350 de

337 4382 458 4466 Spiritu
473 4391 584 4447 sancto
598 4384 741 4468 loquens,
756 4405 817 4468 qua
825 4383 1002 4468 paraeletus
1021 4382 1058 4445 id
1076 4391 1117 4445 aet
1135 4382 1304 4460 αιάοοοαιυο,
1320 4384 1365 4448 ad
1382 4407 1433 4449 aa·

334 4483 485 4546 οναυάιιιν
491 4483 639 4566 judicem,
653 4483 823 4567 bajiamods‘
837 4484 1001 4565 officiariae
1014 4482 1149 4546 rancdia
1167 4481 1342 4547 mandabat.
1387 4488 1436 4550 At

335 4581 469 4645 Rufinus
484 4605 556 4647 cum
573 4583 640 4647 haec
660 4605 723 4647 non
743 4583 944 4668 intelligeret,
960 4582 1007 4646 ita
1021 4582 1127 4646 vertit.
1171 4582 1234 4646 Ille
1247 4583 1436 4649 wroteham

334 4682 369 4743 ιίι
385 4703 414 4744 sc
432 4682 611 4747 adwcotum
620 4704 681 4767 pro
698 4674 781 4746 eolis
798 4684 913 4761 ιΙόιυιν,
928 4681 981 4746 loo
1002 4681 1121 4747 amico
1143 4684 1252 4747 mouit
1270 4683 1432 4749 leemosi:
