3809 5650
506 711 556 774 IN
581 711 731 774 EPIST.
756 711 980 775 VIENNEN.
1003 712 1068 774 ΕΤ
1094 713 1375 777 LUGDUNEN.
1434 714 1499 780 849

399 880 599 964 Smyrnensis
614 881 653 944 de
669 880 822 964 martyrio
842 880 1021 966 Polycarpi‚
1037 903 1107 966 quoe
1128 882 1272 966 superius
1287 882 1389 945 relata
1404 890 1454 946 est
1468 881 1501 944 in

398 982 479 1045 libro
493 1003 524 1060 4.
570 981 692 1045 Verum
706 983 844 1066 majores
866 981 887 1044 J
889 983 996 1046 udices
1012 984 1065 1066 qui
1084 985 1138 1067 jus
1152 983 1249 1069 gladii
1267 992 1301 1047 et
1323 983 1365 1047 ad
1385 982 1504 1045 bestias

400 1082 571 1146 damnandi
587 1082 762 1157 habebant,
779 1083 960 1166 hujusmodi
981 1084 1158 1148 meridiana
1172 1085 1362 1168 spectacula,
1379 1083 1504 1168 quoties

401 1184 478 1269 ipsis
492 1183 619 1247 libitum
633 1191 716 1259 erat,
732 1184 935 1260 exhibebant,
951 1193 989 1248 ut
1004 1207 1074 1248 enm
1090 1186 1198 1271 populi
1214 1186 1377 1271 voluptate
1393 1185 1505 1248 noxios

402 1307 420 1349 a
441 1286 546 1350 medio
561 1285 718 1349 tollerent.
764 1285 860 1370 (lujus
881 1286 927 1350 rei
948 1286 1127 1371 exemplum
1149 1287 1271 1352 illustre
1293 1296 1343 1352 est
1364 1288 1396 1350 in
1414 1287 1508 1351 Actis

403 1388 587 1472 Martyrum
602 1387 750 1460 Tarachi‚
768 1388 864 1451 Probi
881 1395 915 1452 et
930 1389 1119 1453 Andronici.
1157 1389 1240 1454 Nam
1256 1411 1327 1452 cum
1343 1389 1508 1452 Maximus

406 1488 579 1553 Proconsul
598 1488 715 1552 Ciliciae
736 1510 790 1552 eos
811 1489 853 1552 ad
873 1490 993 1553 bestias
1008 1491 1201 1567 damnasset,
1217 1493 1376 1555 advocans
1392 1491 1508 1554 Teren·

404 1592 529 1655 tianum
555 1589 793 1668 sacerdotalem
815 1590 943 1666 Ciliciae,
965 1592 1062 1674 jussit
1084 1592 1112 1655 ei
1136 1594 1278 1677 sequenti
1303 1593 1355 1656 die
1377 1614 1510 1655 munera

405 1693 529 1757 edenda
543 1712 665 1765 curare,
675 1699 712 1754 ut
727 1690 843 1775 legitur
856 1691 889 1753 in
905 1714 973 1776 cap.
987 1714 1017 1754 x.
1034 1695 1205 1757 eorundem
1215 1695 1383 1758 Actorum.
1406 1693 1510 1755 Vann-

406 1817 477 1856 srus.
523 1793 582 1856 Ait
603 1791 779 1867 strothius,
801 1793 889 1855 “Ad
910 1793 970 1856 hoc
986 1796 1121 1873 ἐπίτηδες
1137 1795 1309 1860 referendae
1330 1803 1405 1858 suut
1419 1817 1511 1858 voces

408 1905 428 1931 “
444 1899 493 1958 διὰ
521 1895 590 1960 τοὺς
618 1893 786 1972 ἡμετέρους,
818 1893 1068 1978 interpretamur
1101 1897 1207 1980 igitur,
1241 1919 1309 1961 eum
1344 1907 1512 1959 caurorum

410 2004 428 2032 ‘⁴
445 2016 538 2057 cauea
554 2004 718 2080 opportum
732 1994 866 2058 adamant
885 1995 959 2071 dies,
974 1994 1081 2080 quibua
1098 1997 1171 2059 dari
1189 1998 1313 2062 solerent
1332 1997 1510 2083 spectaculo.

411 2105 430 2133 “
447 2097 478 2159 N
479 2119 520 2159 on
536 2095 618 2158 euim
635 2104 729 2159 extra
743 2095 887 2159 ordinem
902 2095 1064 2160 dabantur
1078 2109 1154 2161 tunc
1166 2098 1356 2182 spectacula,
1370 2105 1407 2160 ut
1418 2095 1514 2159 Vale-

412 2207 431 2233 “
447 2198 512 2260 sius
534 2204 639 2281 putat,
664 2197 719 2260 sed
742 2198 877 2261 aderant
902 2197 978 2273 dies,
1003 2199 1117 2281 quibus
1138 2201 1308 2263 darentur:
1333 2220 1416 2261 nune
1439 2218 1514 2260 vero

413 2305 434 2334 ‘⁶
450 2320 547 2382 quum
566 2298 748 2373 Christiani,
765 2319 898 2381 quorum
915 2299 1001 2362 facta
1016 2309 1066 2363 est
1085 2301 1204 2364 mentio
1228 2301 1260 2363 in
1281 2321 1406 2364 carcere
1428 2306 1515 2362 teue-

414 2408 433 2434 “
449 2407 571 2475 rentur,
586 2407 683 2482 atque
701 2399 741 2461 ad
757 2407 892 2461 mortem
907 2401 1049 2464 damnati
1066 2409 1183 2477 essent,
1198 2403 1296 2466 etiam
1310 2398 1441 2486 propter
1456 2400 1516 2462 hoe

415 2508 627 2583 “opportune
642 2500 806 2563 aderaut.”
845 2500 925 2563 Haec
940 2500 1004 2575 ille,
1020 2510 1055 2564 at
1071 2524 1190 2575 vereor,
1206 2510 1242 2565 ut
1259 2505 1391 2579 ἐπίτηδες
1406 2502 1516 2564 adver-

414 2600 542 2662 bialiter
568 2609 739 2683 sumptum,
770 2609 985 2684 opportunum
1010 2601 1086 2685 quid
1115 2603 1163 2665 vel
1193 2603 1392 2664 commodum
1422 2602 1516 2685 signi-

415 2700 508 2775 fieet;
534 2708 619 2762 certe
645 2701 729 2763 Vett.
752 2701 854 2763 Gloss.
874 2700 1004 2777 habent,
1030 2705 1172 2779 ἐπίτηδες,
1197 2703 1233 2764 dc
1254 2703 1421 2778 industria,
1441 2704 1516 2765 data

416 2822 517 2887 opero,
546 2800 682 2865 cmuulto.
732 2801 829 2885 Cujus
858 2801 1133 2887 interpretationis
1158 2802 1402 2866 illustrationem
1429 2804 1520 2868 dabit

418 2903 610 2966 Aristoteles
636 2903 669 2965 in
697 2905 832 2979 Ροοίὶαα,
857 2926 883 2967 c.
906 2905 1030 2986 ι9.-τὸ
1060 2909 1118 2986 γὰρ
1148 2906 1319 2983 θαυμαστὸν
1346 2908 1436 2971 οὕτως
1462 2906 1521 2983 ἕξει

418 3011 546 3082 μὸλλου,
561 3004 579 3084 ἢ
595 3008 622 3068 εἰ
643 3004 702 3068 ἀπὸ
724 3007 776 3068 τοῦ
798 3006 962 3085 αὐτομάτου
980 3007 1091 3083 καὶτῆς
1111 3009 1208 3087 τύχης·
1233 3006 1298 3068 ἐπεὶ
1313 3009 1361 3068 καὶ
1382 3013 1440 3069 τῶυ
1462 3007 1521 3069 ἀπὸ

419 3110 508 3189 τύχης
530 3110 622 3170 ταῦτα
644 3109 872 3185 θαυμασιώτατα
895 3112 986 3181 δοκεῖ,
1002 3109 1062 3170 ὅσα
1084 3106 1184 3186 ὥσπερ
1203 3105 1430 3169 ἘΠΙΤΗΔΕΣ
1451 3109 1521 3187 φαί-

421 3232 503 3270 υεται
517 3206 686 3287 γεγονέναι·
710 3208 784 3283 οἷον,
800 3210 816 3269 ὁ
833 3209 953 3287 ἀνδριὰς
968 3211 984 3271 ὁ
1000 3212 1051 3270 τοῦ
1071 3211 1185 3272 Μίτυος
1199 3209 1233 3269 ἐν
1243 3205 1351 3287 Ἀργει
1369 3208 1523 3269 ἀπέκτεινε

421 3308 474 3370 τὸυ
495 3312 589 3371 αἴτιον
610 3312 662 3370 τοῦ
682 3307 810 3371 θανάτου
834 3311 876 3392 τῷ
899 3312 999 3385 Μίτυϊ,
1017 3313 1174 3389 θεωροῦντι
1195 3311 1344 3388 ἐμπεσών·
1368 3312 1446 3372 ἔοικε
1466 3313 1523 3389 γὰρ

422 3413 596 3473 τὰτοιαῦτα
616 3411 668 3472 οὐκ
690 3413 752 3488 εἰκῆ
772 3411 924 3491 γευέσθαι.
970 3411 1041 3475 1)ίοί
1058 3411 1184 3495 quidem
1200 3413 1312 3495 possit,
1328 3413 1403 3476 illud
1419 3436 1439 3476 a
1455 3414 1524 3476 Deo

423 3535 519 3575 causa
546 3511 798 3575 Christianorum
829 3514 988 3596 provisum
1018 3515 1122 3589 luisse,
1153 3518 1208 3577 teu
1237 3516 1366 3578 emuullo
1395 3517 1524 3579 sactum.

425 3614 487 3676 Sed
511 3636 582 3675 cum
605 3614 734 3677 Valesio
756 3615 858 3699 magis
881 3616 972 3680 facio.
1019 3617 1128 3699 Atque
1153 3616 1234 3679 hanc
1254 3617 1380 3700 quidem
1401 3619 1524 3701 exposi-

424 3716 544 3778 tionem
567 3738 588 3778 a
610 3717 647 3779 cl.
673 3717 850 3780 Olshausen
870 3718 1036 3802 praelatam
1061 3718 1155 3780 luisse
1179 3740 1262 3780 nunc
1286 3720 1376 3781 video
1397 3719 1429 3780 in
1461 3719 1524 3781 Vct.

425 3817 629 3878 Monumeatia
645 3819 817 3902 Proeczpuis
830 3817 871 3880 ab
890 3841 927 3882 eo
942 3819 1047 3882 editis.
1092 3818 1231 3880 Vidend.
1248 3826 1281 3881 et
1296 3819 1337 3881 ad
1355 3818 1527 3881 Eusebium

426 3939 517 3979 suum
533 3918 570 3980 cl.
590 3918 814 3982 Heiuicheuus.

472 4019 508 4080 P.
525 4040 597 4103 309.
620 4018 640 4081 l.
654 4022 683 4082 8.
705 4024 753 4083 aa
772 4021 921 4082 τλειόυωυ
936 4019 990 4097 ἤδη
1006 4020 1136 4102 κλήρου]
1154 4020 1229 4082 Jam
1245 4042 1341 4103 supra
1352 4020 1529 4083 monuimus

428 4120 545 4184 multas
560 4120 611 4183 hio
626 4121 852 4184 translationes
867 4142 935 4182 esse
951 4142 972 4182 a
986 4141 1020 4182 re
1036 4121 1197 4183 athletica.
1244 4122 1335 4184 Inter
1349 4121 1408 4184 has
1423 4143 1530 4183 nume-

429 4222 530 4283 randa
551 4228 601 4284 est
627 4242 687 4282 vox
716 4226 827 4300 κλῆροι.
873 4219 1026 4283 Solebant
1046 4220 1128 4283 enim
1155 4221 1286 4284 athletae
1313 4222 1366 4305 qui
1393 4222 1424 4283 in
1450 4222 1531 4284 ludis

430 4324 583 4387 certaturi
609 4330 713 4397 erant,
738 4322 853 4386 sortito
877 4321 976 4385 educi.
1024 4322 1117 4401 Quod
1141 4322 1299 4406 quomodo
1320 4324 1419 4398 fieret,
1439 4323 1532 4386 docet

431 4447 488 4487 nos
518 4425 677 4487 Lucianus
703 4424 735 4486 in
766 4425 980 4487 Hermotimo.
1026 4424 1155 4488 Cistella
1181 4433 1252 4488 erat
1277 4434 1438 4509 argentea,
1464 4425 1534 4488 Deo

431 4527 641 4590 certaminum
657 4526 783 4611 praesidi
806 4548 907 4602 saera,
922 4528 955 4589 in
971 4549 1065 4612 quam
1086 4527 1338 4612 conjiciebantur
1357 4536 1460 4592 sortes
1481 4550 1536 4590 seu

432 4640 563 4694 tessarae
583 4630 703 4692 breves.
752 4628 792 4691 ln
808 4628 931 4691 duabus
952 4628 1106 4714 inscripta
1127 4637 1197 4693 erat
1216 4630 1326 4693 littera
1343 4631 1393 4691 A:
1417 4630 1449 4691 iu
1464 4628 1535 4691 aliis

434 4732 559 4796 duabus
587 4733 626 4794 ll.
652 4730 683 4793 in
709 4730 780 4794 aliis
809 4730 885 4794 item
910 4731 1035 4795 duabus
1059 4737 1091 4793 Γ.
1120 4731 1224 4796 etsie
1253 4731 1408 4815 deinceps.
1454 4730 1536 4793 Tum
