3809 5650
483 662 527 725 64
857 663 1215 728 ANNOTA'PIONES

483 841 569 906 Psal.
585 840 660 903 lxxi.
677 840 731 923 qui
747 841 926 904 Salomonis
941 864 1010 905 esso
1030 841 1225 917 inscribitur,
1239 841 1377 905 maxime
1398 842 1438 906 ad
1455 863 1535 905 vers.
1553 857 1583 923 7.

481 950 515 1007 et
531 943 561 1006 8.
607 943 759 1019 Gnnsrus,
774 943 816 1006 ad
831 944 920 1008 eund.

526 1046 563 1107 P.
580 1062 633 1127 51.
650 1043 671 1106 l.
691 1059 739 1125 17.
763 1044 1030 1129 evangelizantem
1045 1050 1079 1107 et
1094 1044 1167 1127 illis]
1196 1045 1248 1107 De
1269 1043 1389 1128 origine
1409 1044 1503 1127 hujus
1518 1043 1584 1127 opi-

480 1145 595 1222 nionis,
619 1166 674 1208 seu
699 1152 786 1209 reeta
811 1144 845 1208 S.
862 1144 1038 1229 Scripturae
1065 1145 1342 1229 interpretatione,
1367 1145 1394 1209 si
1419 1144 1584 1228 theologos

479 1248 569 1313 adire
585 1247 670 1325 velis,
686 1247 822 1312 fortasse
836 1247 940 1312 instar
960 1248 1100 1311 onmium
1123 1247 1185 1312 erit
1205 1247 1398 1312 Pearsonius
1420 1248 1453 1310 iu
1470 1246 1583 1329 Espos.

481 1348 618 1434 Symboli
634 1349 739 1413 Artio.
756 1351 921 1413 Descendit
935 1350 981 1413 ad
994 1351 1118 1432 inseror.
1145 1341 1148 1345 ’

525 1450 609 1514 Ibid.
633 1450 654 1514 l.
678 1470 727 1532 24.
755 1473 819 1514 non
849 1451 1053 1536 imputabant
1079 1450 1184 1532 nobis]
1218 1448 1262 1511 H.
1288 1472 1315 1512 e.
1342 1447 1478 1511 ethnicis
1507 1454 1584 1512 ante

480 1552 600 1616 Christi
614 1553 797 1629 adventum,
814 1561 852 1617 ut
866 1559 953 1617 reete
972 1552 1020 1616 ait
1036 1552 1184 1617 Grabius.
1230 1551 1366 1631 Quando
1387 1558 1497 1613 autem
1520 1571 1583 1613 nou

480 1654 705 1739 imputabant!
741 1655 812 1734 Quo
827 1661 973 1739 tempore
987 1654 1188 1718 adventarant
1195 1674 1305 1738 paoem
1316 1650 1451 1737 pertibus
1465 1672 1583 1715 annun-

479 1754 606 1820 tiabant.
631 1754 707 1819 Vid.
722 1778 754 1840 p.
767 1775 819 1839 50.
836 1755 856 1818 l.
872 1775 922 1839 19.
939 1767 971 1818 et
985 1755 1069 1819 infra
1082 1776 1115 1838 p.
1127 1770 1180 1838 51.
1227 1754 1279 1816 Ex
1293 1754 1363 1818 eod.
1374 1752 1468 1817 Voss.
1485 1754 1583 1838 irnper—

478 1856 583 1922 tabant
598 1879 656 1942 pro
671 1858 825 1941 inmutaret
838 1864 915 1921 ante
932 1857 1134 1920 Massuetum
1147 1863 1299 1939 posuerat
1314 1855 1466 1918 Grabius.

523 1959 607 2022 Ibid.
624 1959 645 2020 l.
662 1979 714 2043 3¹·
732 1958 881 2042 quoniam
900 1978 983 2020 unus
997 1963 1048 2021 est
1063 1957 1152 2020 Deus
1166 1963 1276 2021 noster
1289 1966 1322 2020 ot
1337 1956 1476 2040 illorum]
1502 1956 1582 2022 Con·

478 2069 532 2125 tra
546 2060 714 2124 haereticos
729 2059 833 2125 Deum
848 2058 881 2121 in
896 2058 996 2122 veteri
1007 2065 1202 2123 testamento
1216 2058 1441 2122 annuntiatum
1456 2080 1476 2122 a
1491 2072 1584 2142 patre

480 2161 608 2226 Domini
623 2160 724 2225 nostri
740 2159 859 2225 Christi
875 2159 1119 2244 distinguentes,
1132 2160 1239 2224 omnia
1253 2160 1321 2224 haee
1337 2167 1475 2224 veterem
1496 2182 1583 2244 pres·

478 2265 627 2348 byterum
656 2262 784 2338 dixisse,
810 2263 986 2326 ostendunt
1014 2264 1121 2339 verba,
1146 2283 1217 2346 quae
1239 2261 1324 2325 infra
1350 2268 1528 2345 sequuntur
1551 2284 1582 2345 p.

478 2384 531 2449 53.
552 2364 572 2428 l.
584 2385 636 2448 39.
653 2371 687 2428 et
708 2364 793 2441 alibi,
810 2364 870 2427 etsi
893 2363 991 2427 effata
1012 2371 1086 2447 post
1111 2363 1193 2426 hano
1215 2365 1304 2444 ῥῆσιν
1327 2363 1471 2447 proxime
1496 2364 1582 2446 apud

480 2465 638 2530 Ireuaeum
659 2466 781 2539 addita,
803 2466 919 2529 Irouaei
944 2464 1045 2550 magis
1071 2486 1168 2548 quam
1191 2464 1369 2549 presbyteri
1393 2464 1498 2541 luisse,
1518 2472 1582 2528 sta

478 2575 570 2632 tuere
586 2567 704 2631 malim.

523 2671 557 2732 P.
572 2687 626 2753 52.
641 2669 662 2732 l.
679 2686 727 2751 17.
750 2669 851 2752 vides]
878 2668 931 2732 sic
945 2689 1005 2753 pro
1020 2667 1134 2743 eidone,
1150 2667 1235 2750 quod
1257 2688 1384 2730 sensum
1410 2668 1492 2731 malo
1516 2690 1582 2731 sus-

478 2771 599 2855 pendit,
615 2769 742 2855 reposui
759 2770 954 2835 auctoritate
976 2770 1045 2833 eod.
1061 2769 1197 2834 Olarom.
1245 2768 1325 2832 Haeo
1341 2790 1415 2833 vero
1436 2791 1502 2833 nou
1517 2769 1582 2834 Ire

478 2871 551 2949 naei,
574 2871 630 2934 sed
653 2870 786 2934 senioris
808 2871 890 2934 illius
911 2891 1006 2954 quem
1026 2871 1132 2954 paullo
1152 2875 1229 2933 ante
1254 2870 1374 2947 citavit,
1391 2872 1489 2935 verba
1514 2894 1583 2935 esse

478 2973 634 3036 existimo.
681 2974 840 3035 Misenum.
853 2973 896 3036 ad
908 2972 993 3035 [ren.

522 3076 561 3138 P.
578 3095 630 3157 53.
647 3073 669 3136 l.
690 3096 698 3136 ι
705 3093 737 3156 5.
761 3072 950 3137 ostendebant
977 3071 1186 3156 Pnnssrrsm]
1211 3072 1263 3136 Sio
1289 3094 1398 3137 omues
1423 3075 1521 3137 MSS.
1545 3082 1582 3138 at

478 3173 571 3236 Erus.
583 3173 701 3236 Gallos
714 3181 748 3237 et
758 3174 896 3237 Feuard.
907 3170 1076 3236 ostendebat
1086 3170 1256 3255 Presbyter.
1271 3172 1430 3236 Msssum.
1441 3175 1483 3237 ad
1496 3176 1581 3237 Iron.

479 3274 632 3337 Forsitan
652 3274 748 3337 verba
769 3274 868 3357 ipsius
889 3274 1055 3357 scriptoris
1077 3280 1164 3350 sunt,
1178 3294 1272 3357 quem
1293 3273 1405 3338 laudat
1427 3275 1581 3341 Irenaeus.

479 3372 555 3436 Vid.
572 3395 669 3457 supra
685 3382 751 3438 not.
763 3375 806 3437 ad
823 3377 952 3436 Pnrmu
968 3395 1041 3459 pag.
1052 3396 1105 3458 31.

522 3473 606 3536 Ibid.
629 3474 649 3537 l.
672 3477 717 3536 16.
754 3496 817 3538 non
849 3475 1132 3562 obtemperabant]
1167 3479 1251 3554 Non,
1282 3501 1354 3542 oum
1380 3479 1532 3543 omissum
1561 3502 1583 3544 a

479 3575 647 3638 Massueto
671 3584 767 3649 esset,
782 3575 857 3658 quia
872 3576 983 3639 deerat
1006 3577 1038 3639 in
1056 3578 1187 3641 Olorem.
1209 3579 1289 3642 Voss.
1303 3579 1456 3644 Arnndd.
1470 3579 1583 3642 nihilo

477 3676 582 3740 minus
597 3675 735 3738 restitui.

522 3777 604 3840 Ibid.
621 3776 642 3839 l.
662 3795 712 3858 23.
737 3776 962 3860 discipulorum
977 3779 1071 3862 ejun]
1097 3781 1180 3860 Quid
1196 3788 1271 3865 post
1292 3783 1360 3846 haeo
1375 3784 1416 3846 ad
1433 3782 1584 3847 Seuiores

477 3901 588 3944 revera
602 3877 774 3961 pertineat,
789 3899 887 3963 usque
907 3880 985 3942 dum
999 3882 1122 3944 veneris
1141 3884 1182 3946 ad
1198 3885 1295 3947 verba
1314 3906 1355 3947 ex
1374 3884 1467 3949 initio
1484 3884 1581 3948 trioe-

476 3982 547 4046 simi
568 3978 683 4064 eapitis
702 3978 734 4041 in
754 4001 839 4042 num.
853 4002 898 4043 vr.
914 4003 935 4044 a
955 4003 1006 4045 mo
1026 3983 1197 4068 descripta,
1212 4006 1316 4062 nomo,
1331 3994 1368 4050 ut
1390 3987 1511 4070 opinor,
1528 4009 1583 4049 ex-

477 4078 591 4165 piscari
607 4077 735 4161 poterit.

522 4181 605 4244 Ibid.
628 4178 649 4239 l.
661 4197 713 4262 33.
737 4178 858 4242 indioto
879 4181 1089 4267 audientiam]
1118 4185 1190 4247 Etsi
1216 4187 1273 4249 aiit
1297 4188 1446 4260 Grabius‚
1469 4190 1584 4255 “Vide

477 4293 495 4317 ‘¹
511 4283 552 4345 de
576 4281 636 4342 hao
659 4301 734 4342 vooe
761 4279 960 4345 Glossarium
990 4282 1171 4360 Latinum,''
1195 4286 1273 4349 nihil
1299 4289 1339 4351 de
1365 4310 1402 4351 eu
1429 4297 1523 4354 extat
1548 4292 1583 4355 in

475 4380 637 4446 Glossario
665 4379 919 4457 Latiquraeoo,
946 4385 1032 4465 quod
1059 4376 1185 4448 lronaeo
1214 4389 1361 4452 additum
1388 4398 1448 4454 ost.
1495 4395 1584 4456 Vooe

474 4491 582 4546 autom
597 4481 794 4564 signifieatur
808 4483 887 4546 dieto
902 4484 1110 4560 inordinatio,
1124 4486 1198 4559 sive,
1214 4488 1428 4555 inobedientia.
