3809 5650
479 672 544 733 ιον
815 669 1051 751 naamanin*
1077 670 1246 736 saona.

477 832 742 928 βαπτίσματος·
771 834 809 910 ἓν
827 830 880 915 οἷς
899 829 1017 909 διὰτὸ
1036 829 1158 912 ἀτελὲς
1177 828 1218 908 τὸ
1238 826 1330 907 κατὰ
1346 826 1468 930 σάρκα
1490 831 1586 908 ἀπε·

480 965 596 1068 κρύβη
624 964 671 1044 τὰ
698 973 831 1064 σημεῖα
858 970 921 1063 τῆς
949 968 1057 1044 αὐτοῦ
1086 965 1276 1064 θεότητος·
1307 966 1368 1044 καί
1394 997 1462 1064 περ
1491 960 1591 1047 Θεὸς

480 1099 619 1197 ἀληθὴς
637 1100 849 1200 προαιώνιος
869 1099 1048 1204 ὑπάρχων.
1079 1119 1152 1177 Has
1166 1117 1267 1176 attulit
1278 1116 1448 1175 Anastasius
1459 1115 1588 1182 sinaitas,

478 1235 508 1291 in
526 1234 651 1311 Hadego
665 1255 727 1302 suo,
743 1254 795 1292 seu
812 1235 894 1292 Duce
913 1236 939 1291 V
938 1235 980 1304 iae,
994 1238 1098 1294 Contra
1115 1234 1284 1310 Accptalos,
1299 1252 1324 1290 ο.
1335 1232 1397 1289 xiii.
1413 1253 1440 1310 p.
1455 1231 1525 1288 260.
1538 1231 1588 1289 ed.

482 1339 624 1398 Gretseri.
1601 1351 1619 1407 5

479 1511 575 1557 trata:
598 1500 808 1557 humanitatem
832 1519 900 1557 vero
923 1521 1004 1557 suam
1057 1499 1174 1575 tegebat
1202 1506 1233 1555 et
1257 1495 1450 1554 abscondebat
1477 1494 1589 1552 divini-

480 1579 602 1656 triginta
629 1579 686 1637 illis
717 1580 799 1636 annis
829 1580 1005 1656 baptismum
1057 1579 1126 1636 tatis
1144 1578 1234 1654 signa,
1249 1576 1366 1634 tametsi
1383 1595 1482 1633 revera
1501 1576 1589 1633 Deus

480 1660 662 1735 antegressis,
678 1660 784 1736 quibus
801 1660 895 1717 narnis
909 1659 1007 1718 vilitas
1057 1670 1133 1716 esset
1147 1656 1352 1735 sempiternus.

748 2019 800 2074 EX
823 2017 1021 2074 SERMONE
1043 2018 1096 2073 DE
1117 2016 1325 2080 PASSIONE,

665 2165 723 2221 ΕΚ
745 2165 839 2222 ΤΟΤ
860 2165 1018 2224 ΛΟΓΟΥ
1042 2166 1116 2223 ΕΙΣ
1140 2165 1200 2224 ΤΟ
1225 2160 1399 2222 ΠΑΘΟΣ.
1606 2195 1643 2233 10

538 2294 586 2372 ‘O
614 2291 707 2376 Θεὸς
736 2294 913 2374 πέπονθεν
941 2293 1010 2375 ὑπὸ
1039 2297 1157 2401 δεξίας
1183 2296 1454 2396 Ἰσραηλίτιδος.
1519 2314 1590 2372 Hoc

484 2428 655 2485 Anastasius
670 2428 771 2485 ibidem
787 2429 910 2506 protulit
924 2451 986 2508 αιρ.
997 2431 1047 2489 xii.
1064 2451 1092 2507 p.
1107 2432 1172 2487 τιό.

522 2555 596 2608 Deus
610 2573 705 2623 passus
718 2566 759 2610 est
770 2574 785 2609 a
798 2555 889 2610 dextra
904 2557 1066 2611 israelitidis.

802 2910 998 2979 QUATUOR
1021 2909 1271 2966 FRAGMENTA

893 3055 996 3109 LIBRI
1017 3053 1183 3108 INCERTI.
1605 3074 1642 3128 15

1025 3175 1051 3237 l.

545 3303 618 3377 Καὶ
637 3302 657 3376 ὁ
679 3299 811 3399 Κύριος
829 3302 929 3397 ἡμῶν
947 3303 1089 3399 Ἰησοῦς
1109 3300 1269 3403 Χριστὸς
1288 3304 1335 3383 ὡς
1354 3298 1451 3401 κριὸς
1474 3302 1588 3399 ἐδέθη,

488 3435 546 3510 καὶ
565 3436 613 3514 ὡς
627 3431 738 3526 ἀμνὸς
757 3433 874 3533 ἐκάρη,
889 3439 945 3513 καὶ
964 3439 1037 3520 “cis
1050 3435 1237 3538 πρόβατον
1255 3442 1302 3517 εἷς
1317 3434 1468 3539 σφαγὴν
1480 3433 1589 3538 ἤχθη,

489 3566 547 3643 καὶ
572 3565 619 3646 ὦς
649 3562 770 3660 ἀμνὸς,
793 3584 856 3677 [for
886 3588 920 3643 Aa
946 3588 973 3643 ἀ.
997 3583 1133 3676 delent]
1162 3567 1384 3669 ἐσταυρώθη·
1415 3570 1473 3644 καὶ
1498 3568 1585 3659 ε’βά·

488 3729 607 3774 στασε
626 3696 668 3773 τὸ
687 3698 800 3802 ξύλον
818 3701 875 3778 ἐπὶ
894 3708 967 3782 τοῖς
987 3705 1094 3798 ὠμοῖς
1112 3703 1231 3797 αὐτοῦ,
1249 3700 1466 3801 ἀναγόμενος
1488 3708 1590 3805 σφα-

487 3835 595 3931 γῆναι
613 3832 660 3913 ὠς
678 3831 807 3911 Ἰσαὰκ
827 3833 895 3913 ὑπὸ
914 3843 978 3913 τοῦ
1002 3836 1138 3937 πατρὸς
1157 3838 1274 3915 αὐτοῦ.
1301 3834 1402 3913 ἀλλὰ
1428 3836 1590 3937 Χριστὸς
1601 3865 1642 3904 20

488 3966 630 4045 ἔπαθεν·
646 3966 774 4047 Ἰσαὰκ
788 3968 825 4048 δὲ
840 3972 902 4048 οὐκ
914 3971 1033 4050 ἔπαθε·
1052 3970 1162 4052 τύπος
1175 3970 1246 4071 γὰρ
1261 3968 1304 4069 ἦν
1315 3979 1377 4048 τοῦ
1389 3970 1591 4067 μέλλοντος

529 4176 628 4251 Atque
646 4177 789 4236 Dominus
810 4189 908 4236 noster
926 4179 1014 4237 Jesus
1065 4178 1175 4254 lignum
1209 4177 1346 4243 humeris.
1382 4179 1525 4237 abductus
1555 4192 1590 4239 ut

490 4252 625 4312 Christus
639 4259 714 4314 sicut
733 4258 807 4316 aries
826 4259 941 4316 vinctus
960 4270 1013 4323 est,
1064 4257 1253 4324 occideretur.
1276 4260 1351 4316 sicut
1373 4260 1454 4317 isaac
1472 4279 1489 4316 a
1506 4270 1590 4337 patre

489 4341 520 4390 et
544 4333 620 4390 sicut
652 4355 743 4412 agnus
771 4348 873 4395 tonsus
901 4349 954 4404 est,
985 4350 1014 4395 et
1064 4358 1128 4401 suo.
1172 4338 1230 4395 sed
1253 4339 1387 4396 Christus
1406 4360 1506 4417 passus
1523 4349 1589 4409 σοις

489 4410 565 4468 sicut
584 4414 647 4468 ovis
667 4415 703 4472 ad
717 4417 889 4474 occisionem
909 4417 1015 4475 ductus
1066 4417 1146 4475 Isaac
1175 4430 1272 4475 autem
1302 4439 1360 4475 non
1392 4430 1436 4477 est
1468 4438 1638 4507 passus325

490 4499 636 4565 astatque
657 4493 818 4561 crucifixus,
839 4507 868 4553 et
890 4496 1015 4574 portavit
1065 4509 1154 4575 typus
1168 4498 1243 4555 enim
1265 4510 1326 4556 erat
1345 4498 1453 4556 Christi
1476 4498 1588 4576 patien-

976 4688 990 4715 α
1004 4678 1030 4724 ιι
1047 4679 1070 4724 n.
1087 4692 1107 4739 7·
