3809 5650
341 680 405 745 470
668 671 909 753 RELIQUIAE
933 669 1104 736 SAORAE.

342 855 401 931 καὶ
424 848 523 951 παρὰ
545 855 700 952 πτωχῶν
728 850 785 926 καὶ
809 849 977 950 ὀρφανῶν
1004 848 1062 924 καὶ
1090 848 1210 946 χηρῶν
1234 841 1455 944 κερματιζο·

344 986 480 1082 μένους.
510 986 567 1060 καὶ
586 988 615 1061 εἰ
633 983 849 1080 πεποίθησιν
868 979 1022 1082 ἔχουσιν,
1041 977 1294 1077 στήτωσανέν
1318 977 1457 1084 τούτῳ,

345 1125 403 1202 καὶ
422 1117 717 1221 διορισοῖσθωσαν
735 1119 793 1196 ἐπὶ
810 1115 958 1198 τούτοις·
989 1114 1047 1192 ἵνα
1063 1112 1126 1192 ε’ὰν
1146 1116 1361 1216 ἐλεγχθῶσι,
1381 1112 1456 1220 κᾷν

345 1263 409 1334 τοῦ
436 1262 565 1332 λοιποῦ
592 1251 801 1332 παύσωνται
828 1257 1136 1350 πλημμελοῦντες.
1179 1252 1233 1327 δεῖ
1260 1246 1332 1350 γὰρ
1364 1247 1455 1334 τοῦς

347 1387 502 1491 καρποῦς
534 1386 783 1489 δοκιμάζεσθαι
815 1393 878 1464 τοῦ
908 1384 1108 1490 προφήτου·
1145 1380 1242 1463 ”ninia
1275 1382 1345 1485 γὰρ
1383 1392 1482 1463 τοῦ5

347 1531 486 1624 καρποῦ
504 1520 545 1601 τῦ
565 1522 677 1627 ξύλον
696 1521 919 1623 γινώσκεται.
940 1521 998 1599 ἵνα
1016 1519 1053 1597 δέ
1070 1525 1143 1603 τοῖς
1156 1519 1389 1617 βουλομένοις
1404 1519 1455 1598 τὰ

348 1657 441 1737 κατὰ
466 1658 711 1763 Ἀλέξανδρον
738 1651 762 1759 ᾖ
790 1654 960 1757 γνώριμα·
997 1655 1151 1758 κέκριται
1184 1651 1253 1734 ὑπὸ
1281 1657 1455 1752 Αἰμιλίου

350 1796 545 1896 Φροντίνου
563 1791 767 1873 ἀνθυπάτου
785 1793 823 1869 ἐν
839 1791 1000 1898 Ἐφέσῳ,
1019 1792 1060 1869 οὐ
1079 1789 1138 1870 διὰ
1154 1786 1197 1869 τῦ
1211 1788 1334 1887 ὄνομα,
1348 1787 1457 1868 ἀλλὰ

351 1929 393 2006 δι’
414 1926 456 2012 ῦς
475 1927 652 2025 ἐτόλμησε
669 1927 850 2029 λῃστείας,
869 1921 918 2004 ῶν
942 1925 1010 2024 ἤδη
1024 1922 1246 2025 παραβάτης·
1276 1918 1350 2002 εἶτα
1368 1924 1451 2002 ἐπι·

352 2062 581 2168 ψευσάμενος
606 2067 656 2167 τῷ
684 2058 830 2159 ὀνόματι
857 2069 921 2138 τοῦ
941 2060 1085 2162 Κυρίου,
1103 2060 1322 2139 ἀπολέλυται
1348 2069 1510 2138 cha-10

353 2194 467 2295 νήσας
484 2194 566 2277 τοῦς
584 2199 656 2274 ἐκεῖ
669 2193 831 2276 πιστούς.
859 2196 916 2271 καὶ
934 2194 957 2291 ἡ
976 2194 1047 2272 ῖδία
1064 2195 1230 2297 παροικία
1247 2193 1355 2272 αὐτὸν
1370 2191 1457 2273 ὅθεν

330 2330 397 2430 ’ἦν
416 2333 478 2409 οῦκ
502 2330 655 2436 ἐδέξατο,
673 2329 731 2409 διὰ
757 2328 799 2407 τῦ
824 2327 911 2408 εἶναι
936 2329 1045 2409 αὑτὸν
1063 2326 1218 2434 λῃστήν·
1248 2331 1306 2406 καὶ
1330 2333 1364 2406 οῖ
1387 2325 1453 2408 θέ-

353 2479 477 2548 λοντες
496 2471 620 2565 μαθεῖν
644 2463 690 2543 τὰ
712 2468 787 2545 κατ’
807 2463 924 2562 αὑτὸν,
943 2465 1067 2569 έχουσι
1089 2463 1133 2544 τὸ
1154 2468 1217 2565 τῆς
1235 2465 1365 2546 Ἀσίας
1384 2468 1454 2563 δη·

354 2600 484 2698 μόσιον
502 2603 657 2706 ἀρχεῖον·
691 2599 731 2681 ῦν
750 2602 769 2679 ὁ
787 2600 975 2708 προφήτης
991 2599 1148 2680 συνόντα
1165 2606 1318 2683 πολλοῖς
1336 2598 1458 2679 ἐτεσιν

355 2739 484 2838 ἀγνοεῖ,
503 2745 629 2816 τοῦτον
646 2738 852 2842 ἐλέγχοντες
876 2738 983 2836 ἡμεῖς,
1003 2737 1044 2814 δι’
1063 2736 1170 2814 αὐτοῦ
1188 2739 1246 2814 καὶ
1270 2735 1336 2834 τήν
1360 2734 1452 2814 darri-
1469 2759 1508 2818 ¹5

355 2904 491 2950 στασιυ
518 2872 753 2977 ἐξελέγχομευ
780 2878 843 2949 τοῦ
870 2869 1068 2975 προφήτου.
1112 2868 1154 2949 τὸ
1183 2868 1220 2950 δέ
1248 2868 1369 2968 ὅμοιον
1397 2872 1458 2951 ἐπὶ

355 3012 508 3084 πολλῶν
526 3004 703 3103 δυνάμεθα
728 3004 921 3110 ἀποδεῖξαι.
952 3006 1010 3082 καὶ
1028 3010 1058 3082 εἰ
1083 3007 1286 3108 θαῤῥοῦσιν,
1307 3006 1456 3103 ῦπομει·

357 3137 525 3219 νᾶτωσαν
542 3138 605 3219 τὸν
623 3137 784 3244 ἔλεγχον.

358 3386 389 3432 et
403 3372 439 3430 de
461 3374 505 3429 his
526 3372 674 3430 nobiscum
697 3373 880 3452 disceptent:
933 3376 1037 3433 missus
1045 3386 1090 3432 est
1098 3396 1163 3433 cum
1176 3376 1255 3433 urbis
1267 3375 1346 3434 illius
1357 3375 1460 3435 fideles

359 3464 393 3510 ut
422 3453 444 3509 si
470 3451 586 3527 quidem
612 3453 735 3509 convicti
760 3453 880 3521 fuerint,
933 3454 1093 3513 fefellisset.
1138 3455 1269 3513 Ecclesia
1297 3477 1366 3514 vero
1394 3457 1460 3533 ejus
1471 3480 1512 3519 20

359 3531 460 3589 saltem
497 3531 675 3606 inposterum
714 3531 882 3606 delinquere
932 3533 988 3591 loci
1009 3535 1087 3593 unde
1109 3549 1170 3593 erat
1191 3537 1342 3604 oriundus,
1361 3538 1476 3614 ipsum,

360 3610 501 3668 desinant.
526 3613 617 3666 Actus
631 3611 708 3666 enim
723 3612 881 3688 prophetae,
932 3633 991 3671 non
1013 3616 1131 3694 recepit,
1152 3638 1187 3675 eo
1206 3617 1285 3693 quod
1305 3616 1460 3675 latrocinia

360 3703 497 3765 tanquam
543 3690 657 3747 fructus
701 3691 882 3749 examinandi
932 3712 1089 3753 exerceret.
1123 3697 1155 3754 Si
1183 3697 1233 3773 qui
1265 3716 1333 3754 vero
1361 3707 1458 3754 totum

361 3782 439 3829 sunt.
483 3771 528 3827 Ex
549 3769 693 3829 fructibus
714 3772 821 3849 quippe
838 3792 882 3828 ar·
932 3773 1011 3831 illius
1024 3777 1173 3852 negotium
1193 3778 1265 3835 scire
1283 3776 1460 3843 desiderant,

361 3853 413 3910 bor
448 3851 639 3929 cognoscitur.
693 3852 780 3923 Quod
815 3873 882 3909 vero
933 3866 1037 3928 praesto
1052 3868 1096 3913 est
1116 3856 1262 3933 publicum
1279 3857 1353 3914 Asiae
1373 3858 1458 3915 tabu·
1473 3882 1511 3942 ²5

361 3932 397 3988 nd
417 3931 611 3989 Alexandrum
635 3934 770 4010 pertinet,
786 3944 819 3991 ut
834 3954 882 3991 ve·
933 3934 1047 3992 larium.
1090 3938 1129 3993 Et
1144 3947 1239 3994 tamen
1259 3938 1402 4014 propheta
1424 3937 1460 3994 il.

363 4012 432 4068 ritas
464 4012 598 4068 omnihus
626 4033 709 4070 nosse
740 4014 883 4090 cupienti·
934 4014 995 4070 lum
1017 4015 1149 4091 ignorare
1170 4036 1200 4073 sc
1222 4016 1315 4092 lingit,
1333 4036 1459 4091 quocum

362 4092 416 4147 bus
451 4092 622 4159 innotescat,
658 4092 806 4165 judicatus
841 4105 884 4150 est
937 4092 1034 4170 plures
1049 4115 1139 4153 anuos
1154 4095 1239 4153 simul
1255 4096 1340 4153 vixit.
1372 4096 1464 4154 Hunc

364 4171 471 4247 Ephesi
508 4172 543 4228 nb
585 4171 703 4228 AEmilio
743 4173 886 4230 Frontino
936 4194 989 4230 nos
1027 4176 1233 4240 convincendo,
1272 4196 1323 4253 per
1364 4177 1460 4254 ipsum

363 4252 438 4308 Asiae
453 4251 634 4329 proconsule,
651 4270 707 4307 uon
728 4254 885 4310 obnomen
936 4254 1023 4311 etiam
1070 4256 1218 4333 prophetae
1262 4257 1514 4341 convincimusgo

364 4332 484 4398 Christi,
511 4331 560 4388 sed
582 4333 619 4389 ob
640 4351 673 4388 en
694 4351 758 4407 quae
782 4353 883 4410 perpe·
936 4334 1102 4393 falsitatem.
1146 4336 1228 4394 Idem
1250 4336 1280 4392 in
1300 4336 1364 4394 aliis
1383 4357 1461 4395 conr·

364 4422 489 4467 traverat
504 4411 664 4479 latrocinia,
679 4431 744 4468 cunr
761 4414 821 4488 jam
837 4413 887 4470 de·
937 4413 1070 4491 pluribus
1111 4436 1263 4492 possumus
1297 4416 1461 4474 ostendere.

365 4501 456 4546 sertor
470 4491 537 4547 fidei
558 4503 642 4549 esset.
686 4491 801 4551 Deinde
818 4514 887 4551 vero
938 4494 1027 4565 Quod
1056 4495 1079 4552 si
1109 4496 1241 4554 fiduciam
1270 4497 1314 4555 sui
1343 4497 1461 4562 habent,

364 4569 521 4626 ementitus
557 4590 661 4628 nomeu
694 4573 813 4639 Christi,
842 4573 881 4631 di.
937 4576 1060 4632 subeant
1074 4596 1202 4635 examen.

808 4719 819 4751 ὓ
831 4721 893 4770 Mat.
904 4722 946 4769 xii.
958 4735 998 4781 33.
