3809 5650
858 661 1209 726 ANNOTATIONES

985 930 1074 1001 Vll.

527 1074 562 1133 l'.
575 1089 629 1156 57.
643 1071 662 1134 l.
678 1074 727 1139 28.
743 1071 925 1156 γέγραπται]
950 1072 1061 1136 Verba
1070 1073 1185 1136 Genes.
1196 1070 1227 1134 ii.
1243 1093 1272 1155 3.
1288 1070 1517 1142 Damascenas,
1528 1066 1584 1148 qui

480 1174 512 1237 in
530 1173 694 1237 Parallelis
709 1174 777 1238 laec
789 1176 903 1239 Graeca
915 1174 1031 1239 Irenaei
1046 1173 1096 1237 bis
1110 1173 1230 1248 citavit,
1243 1194 1314 1256 quoe
1329 1172 1362 1234 in
1376 1170 1446 1234 cod.
1458 1187 1587 1252 quoque

483 1279 534 1338 26.
545 1274 675 1338 llarocc.
686 1275 718 1337 in
735 1276 885 1339 Biblioth.
898 1275 989 1339 Bodl.
1003 1284 1126 1347 extant,
1139 1274 1225 1338 haud
1240 1271 1418 1357 descripsit.
1443 1270 1587 1334 Genetes

480 1376 522 1440 ud
535 1377 700 1440 [relicum.

526 1478 607 1541 lbid.
623 1478 643 1540 l.
654 1498 706 1562 30.
729 1479 932 1563 παρακούσας]
958 1485 1040 1543 Θεοῦ
1062 1478 1208 1542 additum
1228 1477 1260 1540 in
1280 1477 1463 1539 Damascos.
1477 1470 1586 1556 prima

480 1579 633 1643 citatione
648 1587 682 1644 et
697 1583 824 1645 Barooc.
849 1584 948 1645 Geta.
967 1580 1042 1644 ibid.

524 1678 561 1742 P.
577 1682 630 1764 58.
656 1680 675 1742 l.
694 1699 721 1744 2.
749 1685 848 1745 ἐκεῖσε
870 1682 1080 1764 μετατεθῆναι]
1106 1679 1364 1765 Disputationem
1390 1676 1430 1738 de
1454 1673 1524 1737 loco
1551 1671 1586 1734 in

480 1804 574 1867 quem
598 1783 686 1847 Deus
710 1784 924 1859 transtulerit,
947 1794 982 1848 et
1008 1784 1070 1847 huo
1096 1804 1196 1866 usque
1221 1781 1360 1844 virentes
1386 1774 1586 1841 conservarit

481 1884 647 1947 Enochum
663 1892 697 1948 et
713 1884 855 1960 Heliam,
871 1885 1074 1968 Augustinus
1087 1882 1245 1968 judicavit
1259 1882 1300 1944 ad
1316 1881 1411 1944 fidem
1428 1899 1493 1941 non
1513 1897 1586 1961 per-

479 1984 592 2061 tinere,
609 1986 662 2048 lib.
674 1986 706 2048 ii.
724 1986 763 2048 de
777 1994 909 2069 peceato
925 1985 1071 2069 originali
1087 2008 1114 2047 c.
1129 2006 1144 2046 α
1147 2004 1179 2067 3.
1205 1985 1251 2046 At
1267 2004 1363 2066 quum
1379 1981 1430 2043 hic
1443 1979 1588 2042 Irenaeus

480 2086 595 2149 doceat
617 2087 847 2169 Apostolorum
869 2086 1039 2170 discipulos
1063 2094 1097 2149 et
1119 2085 1283 2148 auditores
1308 2083 1434 2156 dixisse,
1457 2079 1528 2142 illos
1552 2078 1587 2141 in

481 2187 665 2270 paradisum
680 2193 875 2263 terrestrem,
891 2186 1068 2271 ubicunque
1083 2186 1134 2249 ille
1149 2186 1203 2261 sit,
1217 2183 1392 2248 translatos
1410 2181 1517 2256 fuisso,
1532 2180 1584 2242 in-

481 2286 595 2371 deque,
612 2287 665 2369 qui
681 2288 832 2350 adversus
848 2288 1085 2352 Antichristum
1100 2288 1283 2371 praelientur
1297 2292 1456 2359 venturos,
1473 2281 1587 2365 (Aper.

481 2410 552 2472 cop.
570 2388 625 2467 xi.)
644 2389 694 2451 cui
710 2390 877 2453 sententiae
893 2411 1003 2452 omnes
1023 2390 1088 2451 lere
1104 2387 1207 2452 Grceoi
1223 2393 1256 2450 et
1273 2385 1380 2448 Latini
1400 2391 1510 2468 patres
1528 2383 1586 2445 ad·

481 2489 685 2572 stipulantur.
710 2490 787 2552 mihi
814 2512 927 2573 parum
951 2498 1058 2553 tutum
1083 2490 1208 2552 videtur
1230 2487 1323 2550 aliter
1346 2506 1429 2548 nuno
1454 2483 1585 2547 sentire.

484 2590 687 2652 Fuerannur.
705 2591 747 2654 ad
763 2591 853 2654 ested.
887 2590 937 2653 De
953 2590 1098 2652 onmibus
1110 2588 1206 2672 justis
1222 2586 1375 2671 Spiritum
1390 2585 1450 2649 Dei
1467 2585 1589 2648 haben-

483 2689 569 2753 tibus
584 2690 682 2754 locuti
698 2698 774 2753 sunt
791 2691 974 2775 Presbyteri
990 2691 1206 2773 apostoloram
1221 2688 1375 2773 discipuli.

976 2909 1086 2980 VIII.

527 3053 611 3115 Ibid.
627 3053 646 3114 l.
661 3073 711 3118 20.
734 3057 786 3129 τῆς
801 3056 883 3117 θείας
904 3051 1052 3118 ἐκτάσεως
1067 3057 1125 3113 τῶν
1135 3051 1258 3133 χειρῶν]
1293 3050 1346 3112 An
1362 3049 1510 3135 primitus
1529 3071 1587 3133 po-

482 3154 578 3217 sit-um
594 3177 632 3216 ac
646 3175 832 3236 germanum
849 3153 891 3215 sit
907 3153 982 3215 illud
1000 3156 1090 3227 θείας,
1104 3153 1188 3234 quod
1204 3153 1295 3215 abest
1310 3174 1330 3215 a
1345 3159 1452 3214 vetere
1471 3150 1587 3214 Irenaei

482 3253 667 3336 interprete,
681 3254 817 3315 sortasse
833 3254 1054 3315 dubitandum.
1087 3254 1245 3317 Oaeterum
1261 3255 1374 3316 (lucca
1389 3253 1457 3315 hmo
1470 3251 1587 3315 Irenaei

482 3360 593 3415 extare
609 3353 641 3412 in
658 3355 783 3414 Catena
800 3351 872 3413 MS.
888 3353 920 3413 in
940 3352 1038 3414 libros
1059 3354 1182 3436 Regum
1198 3376 1282 3417 num.
1298 3374 1371 3419 211.
1395 3353 1477 3417 Bibl.
1495 3354 1589 3417 Cois-

482 3454 535 3515 lin.
552 3475 610 3514 nos
625 3453 733 3514 docuit
751 3454 952 3516 lllassuetusz
970 3451 1045 3533 quin
1061 3458 1093 3514 et
1105 3454 1271 3537 exscripsit
1286 3454 1396 3516 eadem
1411 3475 1451 3516 ex
1461 3453 1589 3517 Oetena

483 3553 555 3616 MS.
573 3552 605 3612 in
621 3551 718 3614 libros
734 3551 858 3634 Regum
872 3550 1072 3613 bibliothecen
1088 3553 1218 3616 Veneta*
1236 3554 1267 3616 S.
1283 3554 1386 3617 Marci
1402 3554 1438 3617 ol.
1458 3555 1587 3640 Minga-

482 3653 589 3716 rellius
608 3653 650 3715 ad
672 3651 799 3734 Didymi
819 3674 899 3735 opus
915 3653 963 3713 De
978 3653 1127 3715 Trinitate
1144 3655 1229 3717 haud
1245 3655 1291 3718 ita
1306 3657 1428 3739 pridem
1451 3657 1587 3732 editum,

481 3755 536 3816 lib.
552 3753 584 3815 ii.
614 3776 640 3815 c.
661 3773 708 3832 14.
735 3775 766 3836 p.
784 3755 856 3814 266.
912 3753 974 3814 Sed
1002 3775 1071 3815 eum
1099 3755 1232 3838 fugerat,
1264 3756 1424 3840 pertinere
1448 3758 1517 3821 haec
1543 3761 1588 3822 ad

484 3854 599 3917 Irenaei
615 3853 730 3915 librum
746 3861 859 3916 contra
873 3855 1033 3928 lleereses,
1043 3854 1117 3915 dum
1133 3855 1317 3918 collocanda
1331 3879 1370 3919 ea
1384 3858 1469 3921 inter
1485 3860 1589 3946 Frag-

481 3962 591 4018 menta
620 3954 755 4017 aliorum
781 3975 911 4037 operatu
942 3954 1083 4034 ejusdem
1113 3956 1224 4037 patris,
1251 3965 1348 4039 atque
1373 3958 1426 4020 alii
1457 3960 1587 4023 cuidam

476 4061 659 4139 fragmento
674 4056 743 4138 jam
765 4056 853 4118 edito
872 4055 1091 4136 subjungenda
1105 4056 1237 4128 monuit,
1255 4064 1408 4140 tauquam
1424 4060 1449 4122 si
1472 4061 1587 4124 eadem

477 4157 540 4218 huc
554 4177 655 4238 usque
671 4176 734 4217 non
750 4155 952 4238 prodiissent.

524 4255 596 4315 lbid
624 4254 644 4316 l.
659 4274 708 4316 21.
734 4255 880 4320 ἐκτάσεως
902 4261 961 4316 τῶν
983 4256 1106 4338 χειρῶν]
1143 4254 1279 4338 Elegans
1294 4266 1327 4320 ct
1342 4259 1395 4340 pia
1409 4261 1586 4326 admodum

478 4365 527 4414 est
550 4353 617 4414 haec
639 4354 773 4434 mystica
795 4355 896 4438 ligure
920 4355 1093 4417 llominicae
1117 4356 1219 4418 crucis
1241 4358 1423 4441 explicatio,
1444 4385 1541 4445 quam
1564 4389 1586 4427 a

479 4451 619 4526 Seniore,
639 4452 849 4536 Polycarpum
866 4463 944 4536 puto
956 4455 1003 4517 vol
1022 4455 1165 4539 Papiam,
1181 4459 1314 4541 accepit.
1362 4461 1422 4540 Qui
1438 4463 1586 4545 pluribus

478 4571 618 4614 anlmum
642 4549 802 4615 oblectare
826 4554 1032 4636 concupierit,
1051 4563 1084 4618 et
1106 4556 1268 4624 similibus.
1290 4562 1435 4625 consulat
1457 4564 1480 4626 J
1483 4566 1585 4631 ustini

480 4651 638 4733 Martyris
666 4650 854 4733 Apologiam
882 4654 1098 4735 posteriorem,
1128 4656 1290 4722 Lactantii
1314 4661 1368 4724 lib.
1384 4665 1423 4726 iv.
1446 4688 1517 4750 cop.
1533 4673 1586 4732 26.
