3809 5650
574 658 624 721 IN
647 657 904 723 MELITONIS
929 658 1234 723 FRAGMENTA.
1398 664 1462 724 153

355 848 446 890 suam
469 826 502 891 S.
529 827 703 912 Scripturae
728 828 896 912 mysticam
924 827 997 911 Syri
1021 834 1055 890 et
1081 827 1214 890 Hebraei
1240 828 1368 891 vocibus
1390 850 1463 892 con·

355 929 471 992 firmat.
516 928 676 993 Oaeterum
691 930 798 1007 verba,
814 950 886 1013 quae
901 934 1088 1012 sequuntur,
1104 950 1143 991 ex
1168 927 1281 991 Bibliis
1307 928 1461 993 Romanae

355 1030 504 1095 editionis
531 1037 666 1114 accepta
696 1031 865 1114 protulisse
891 1031 931 1094 cl.
958 1030 1132 1114 Woogium
1163 1051 1247 1092 nunc
1277 1029 1400 1093 invenio
1430 1030 1462 1093 in

355 1131 483 1195 Decem.
505 1151 563 1195 suo
586 1132 636 1194 11.
660 1131 698 1193 dc
718 1130 862 1195 Melitene
884 1154 916 1214 p.
939 1146 991 1214 45.
1016 1131 1065 1194 cui
1089 1130 1217 1215 quidem
1241 1130 1309 1194 viro
1336 1131 1463 1195 erudito

354 1231 503 1295 videntur
517 1252 556 1294 ea
570 1252 610 1293 ex
632 1229 790 1311 Ἐκλόγων
804 1232 894 1295 libris
908 1253 965 1295 sex
984 1231 1045 1294 illis
1060 1242 1189 1314 sumpta
1204 1231 1309 1303 luisse,
1326 1252 1461 1314 quornm

356 1333 514 1396 Eusebius
528 1333 561 1396 in
574 1332 722 1397 Historia
733 1334 888 1412 meminit,
897 1356 936 1397 ea
952 1333 1153 1416 potissimum
1165 1332 1375 1408 continentes,
1388 1353 1460 1415 quae

355 1434 397 1497 od
428 1433 630 1498 Servatorem
667 1441 812 1499 nostrum
845 1434 1061 1519 pertinebant.
1115 1433 1180 1496 Hic
1216 1454 1304 1508 vero,
1330 1454 1393 1496 non
1428 1432 1461 1495 in

355 1533 432 1618 ipsis
457 1534 621 1598 Melitonis
642 1535 857 1619 Fragmentis,
878 1536 1061 1619 ponendum
1083 1534 1159 1597 duxi
1181 1542 1272 1597 vetus
1299 1530 1461 1597 Scholium

355 1656 377 1697 a
399 1656 450 1698 me
476 1634 547 1718 plus
570 1635 667 1699 semel
694 1642 988 1712 commemoratum,
1013 1635 1130 1719 quippe
1156 1634 1241 1718 quod
1266 1635 1352 1697 haud
1376 1633 1462 1697 affir-

356 1743 463 1799 matur
477 1758 518 1799 ex
532 1736 597 1799 ullo
613 1736 780 1801 Melitonis
795 1758 891 1821 opere
914 1737 1012 1799 fuisse
1038 1736 1242 1820 descriptum.
1280 1735 1325 1798 Τὸ
1347 1737 1461 1812 Σαβὲκ,

356 1836 470 1915 άφεσάν
484 1861 563 1903 τινες
575 1838 782 1900 ἐκδεδῶκασιν·
801 1840 830 1900 ol
841 1840 884 1913 δὲ,
897 1840 1006 1918 ὄρθιος,
1019 1839 1058 1904 ὡς
1074 1837 1151 1901 εἶναι
1162 1836 1232 1898 αὐτὸ
1243 1835 1278 1897 τὸ
1294 1837 1463 1915 λεγόμενον

356 1937 466 2018 τράγος
480 1938 568 2018 ὀρθὸς
582 1941 819 2017 ἑπαναβεβηκὸς
834 1945 932 2018 φντῶ;
956 1940 1086 2001 ἐνταῦθα
1100 1939 1132 1999 δὲ
1148 1936 1236 2017 ὀρθὸς
1255 1941 1314 1998 τῶν
1332 1935 1463 2015 κεράτων

358 2039 565 2120 κατεχόμενος,
582 2041 620 2105 ὣς
635 2039 711 2101 εἶναι
726 2038 861 2119 φανερὸν
876 2042 969 2103 τύπον
985 2045 1124 2119 σταυροῦ.
1171 2041 1230 2101 Διὸ
1244 2043 1330 2100 τοῦτο
1351 2040 1384 2100 δὲ
1404 2038 1461 2120 οὐχ

358 2140 557 2218 ἑρμηνεύεται,
587 2140 633 2201 ὅτι
658 2140 676 2216 ἡ
707 2138 855 2220 Ἑβραϊκη
883 2142 937 2219 μία
967 2141 1045 2203 οὖσα
1073 2139 1153 2217 λέξις
1181 2141 1284 2201 πολλὰ
1320 2139 1461 2216 σημαίνει

358 2238 577 2318 ἔρμηνευομένη
606 2239 679 2320 πρὸς
710 2243 742 2303 δὲ
779 2243 846 2306 τοὺς
874 2240 1114 2319 πυνθανομένους
1150 2245 1197 2304 δεῖ
1224 2241 1380 2320 ἀποκρῖναι
1410 2239 1459 2302 καὶ

357 2338 472 2420 λέγειν,
485 2341 531 2403 ὅτι
540 2340 573 2402 τὸ
585 2343 688 2419 Σαβὲκ
700 2341 863 2420 ἓπήρμενος
875 2344 1038 2421 ἑρμηνεύει.
1070 2341 1232 2403 Senonum
1243 2339 1276 2402 in
1284 2339 1459 2402 Biblioram

361 2441 536 2504 Graeoorom
557 2446 616 2503 τῶν
638 2440 664 2503 σ’
680 2440 819 2504 editione
835 2440 992 2514 Romana,
1009 2443 1089 2505 Gen.
1106 2443 1181 2506 xxii.
1197 2464 1269 2526 pag.
1288 2459 1337 2523 25.
1383 2439 1460 2503 Vid.

358 2549 393 2604 et
409 2541 539 2624 Fragm.
557 2542 628 2604 Ill.

404 2641 487 2704 Ibid.
503 2641 524 2703 l.
547 2640 744 2718 18.Ἰεζεκιὴλ
760 2643 794 2704 ἓν
808 2645 848 2726 τῷ
862 2641 960 2728 τέλει]
977 2642 1108 2705 Videsis
1122 2643 1190 2707 τοὺς
1201 2640 1239 2717 o',
1251 2662 1320 2725 cap.
1338 2641 1460 2724 penult.

358 2742 535 2827 prophetiae
550 2742 714 2805 Ezechielis
728 2763 840 2805 comm.
854 2764 887 2823 4.

404 2845 486 2907 lbid.
502 2844 523 2906 l.
541 2866 592 2906 νο.
608 2844 701 2910 πάθος
715 2847 764 2907 διὰ
784 2845 926 2924 Χριστὸν,
944 2846 992 2907 καὶ
1013 2843 1182 2927 βάπτισμα]
1206 2843 1316 2907 Pauca
1337 2843 1405 2906 haec
1427 2843 1461 2906 in

358 2944 526 3029 Niccpbon'
544 2946 659 3008 Colono
684 2966 748 3007 non
773 2953 897 3008 extant.
943 2946 1036 3024 Quod
1062 2944 1181 3008 attinet
1209 2945 1251 3007 ad
1271 2945 1387 3027 dogma
1408 2944 1459 3008 hio

358 3054 393 3110 et
427 3045 503 3109 alibi
531 3068 552 3109 a
578 3046 737 3108 veteribus
767 3046 934 3121 traditum,
964 3045 1084 3130 optime
1120 3047 1214 3109 docet
1244 3044 1460 3109 Tertullianus

358 3169 428 3232 cap.
452 3147 483 3209 ii.
507 3146 561 3209 lib.
586 3147 634 3209 sui
656 3147 705 3208 Do
727 3148 894 3230 Βσρτὶςιηο,
918 3148 1030 3210 efficax
1054 3147 1214 3210 redditum
1240 3169 1309 3210 esse
1334 3168 1460 3210 sacrum

359 3247 520 3311 lavacrum
535 3248 785 3331 perpessionem
801 3247 899 3330 ipsius
921 3247 1044 3310 Christi
1066 3254 1164 3330 atque
1186 3247 1459 3325 resurrectionem,

358 3350 433 3434 quic
447 3371 501 3413 occ
514 3371 594 3412 vcors
607 3360 718 3424 nostro,
731 3350 844 3432 inquit,
856 3349 980 3412 dissolvi
983 3359 1092 3433 posset,
1103 3350 1164 3412 ais-i
1176 3350 1304 3411 Domini
1308 3350 1460 3433 possim,

359 3473 412 3514 acc
431 3453 496 3514 cito
518 3451 639 3514 restitui
663 3452 729 3513 alne
753 3451 969 3513 resurrectiotw
983 3451 1091 3534 ι’ρςὶιιο.
1138 3451 1290 3514 Similiter
1312 3450 1359 3514 ait
1385 3450 1461 3514 Hie-

360 3573 509 3636 ronymus
532 3552 604 3615 adv.
627 3551 852 3634 Luciferiacos,
874 3573 905 3633 p.
935 3572 1003 3629 140.
1028 3553 1077 3615 ed.
1101 3552 1239 3615 Froben.
1285 3552 1461 3635 Perfectum

359 3663 459 3716 cutem
479 3651 627 3736 baptismo
647 3672 705 3714 oon
723 3662 764 3714 ost
786 3653 848 3714 uisi
870 3652 950 3735 qood
973 3653 1008 3713 ιἰι
1033 3674 1120 3715 eruco
1144 3663 1234 3737 atquc
1252 3653 1462 3716 resurrectione

364 3753 480 3816 Otr-im
493 3763 541 3816 est.
588 3753 698 3836 Neque
720 3754 814 3816 aliter
835 3775 903 3815 rem
918 3775 952 3816 se
974 3752 1092 3816 habere
1108 3753 1192 3817 circe
1203 3754 1400 3837 martyrium,
1416 3754 1461 3815 sic

359 3854 526 3917 scribendo
545 3854 687 3918 ostendit
707 3854 872 3937 Origenes⁹
887 3854 1041 3932 ἅνθρωπος
1062 3855 1119 3931 μὲν
1137 3850 1195 3915 ὀὖν
1217 3853 1269 3914 οὐκ
1291 3852 1329 3915 ἂν
1351 3854 1410 3930 διάη
1433 3877 1461 3915 τι

359 3954 558 4035 άντάλλαγμσ
573 3960 622 4033 τῆς
639 3959 740 4036 ψυχῆς
762 3955 861 4029 αὐτοῦ,
878 3955 959 4019 Θεὸς
980 3956 1013 4016 δὲ
1035 3959 1094 4016 τῶν
1115 3953 1235 4016 πάντων
1256 3955 1338 4030 ἡμῶν
1359 3957 1461 4033 ψυχῆς

359 4055 560 4137 άντάλλαγμα
575 4058 665 4119 ἔδωκε
683 4056 717 4118 τὸ
739 4057 835 4133 τίμιον
858 4055 930 4131 αῐμα
950 4058 1004 4114 τοῦ
1018 4053 1127 4131 Ἰησοῦ.
1145 4053 1233 4136 Orig.
1252 4052 1411 4115 Centonem.
1427 4053 1462 4114 its

359 4155 454 4219 Mac.
472 4163 550 4219 tom.
574 4156 627 4218 xii.
650 4177 678 4218 c.
704 4156 753 4219 28.
777 4155 827 4217 ed.
851 4153 1024 4216 Delaruan.
1048 4160 1081 4217 et
1105 4177 1135 4238 p.
1162 4156 1236 4234 289.
1261 4153 1310 4215 ed.
1335 4152 1458 4216 Huetii.

360 4256 489 4319 Confer.
509 4257 632 4319 Tertoll.
649 4258 697 4318 De
712 4257 802 4339 Fupo
817 4257 851 4318 io
862 4256 1023 4317 Peraeae.
1041 4274 1088 4319 12.
1100 4260 1133 4316 et
1148 4253 1320 4334 Augustin.
1331 4255 1381 4315 Dc
1394 4255 1459 4316 Cio.

359 4355 423 4418 Dei
437 4356 491 4419 lib.
507 4379 537 4418 x.
555 4379 582 4420 c.
600 4376 650 4419 21.
696 4357 758 4418 Sed
782 4357 821 4419 de
845 4355 990 4438 martyrii
1015 4363 1113 4438 atque
1139 4365 1314 4437 martyrum
1336 4353 1460 4417 meritis

357 4453 451 4538 plura
465 4456 654 4542 subjungam
669 4458 709 4520 ad
727 4458 834 4520 Errsr.
851 4458 955 4519 Lucu.
972 4480 1008 4517 nr
1024 4456 1261 4520 V1suunus1uu.

403 4556 440 4618 P.
461 4577 531 4640 119.
548 4557 568 4619 l.
586 4577 614 4620 2.
633 4558 728 4621 Parvi
744 4558 946 4642 Labyrinthi]
964 4558 1070 4641 Hujus
1084 4557 1187 4642 operis
1202 4556 1383 4641 fragmenta
1401 4578 1459 4619 suo

359 4656 429 4720 loco
444 4656 657 4721 collocaturus
669 4679 739 4720 sum
754 4680 817 4721 una
832 4680 904 4721 cum
921 4661 995 4721 Can
1013 4661 1215 4721 Panssrrnru
1230 4657 1392 4741 Reliquiis.

403 4781 473 4822 von.
489 4781 509 4821 1.
902 4783 922 4820 x
