3809 5650
532 707 582 770 IN
605 707 675 773 BB.
698 708 968 775 DIONYSIUM
993 711 1050 775 ΕΤ
1074 712 1307 778 PINYTUM.
1396 718 1461 786 197

401 857 439 920 P.
460 859 528 920 182.
544 858 565 920 l.
580 862 610 921 6.
633 860 672 924 ὡς
688 858 725 920 ἂν
739 861 799 941 ut]
825 859 1021 924 Particulam
1039 863 1077 924 όν
1099 884 1138 924 ex
1158 863 1243 926 codd.
1259 864 1459 940 Florentinis,

358 982 437 1043 quos
452 960 588 1024 eontulit
603 960 791 1051 Gronovius,¹
806 967 839 1024 et
850 961 913 1024 eod.
934 962 1039 1026 Veneto
1053 964 1205 1047 supplevi.

403 1061 484 1125 Ibid.
503 1062 563 1126 l.8.
588 1065 625 1129 ὡς
650 1064 697 1126 καί
713 1067 873 1130 Διονύσιος
895 1065 1142 1146 όἈρεοπαγίτης
1165 1069 1237 1151 dtu]
1287 1067 1377 1130 ldem
1400 1066 1461 1130 hot·

357 1163 405 1226 ita
420 1172 605 1228 narraverat
618 1164 774 1228 Eusebius
790 1165 856 1249 ipse
870 1166 925 1228 lib.
939 1167 982 1229 iii.
998 1167 1082 1230 Hist.
1099 1190 1168 1251 cap.
1186 1189 1217 1248 4.
1254 1169 1324 1233 Ἐπὶ
1336 1171 1461 1245 τούτοις,

358 1263 471 1347 inquit,
489 1268 537 1329 καί
551 1267 604 1329 τὸν
614 1266 836 1347 Ἀρεοπαγίτην
848 1270 974 1341 ἐκεῖνον,
992 1272 1153 1335 Διονύσιος
1168 1271 1263 1349 ὄνομα
1278 1270 1365 1354 αὐτῷ,
1381 1268 1461 1332 θνὲν

360 1367 484 1445 πρόξεσι
507 1371 582 1446 μετὰ
596 1368 649 1445 τὴν
664 1370 698 1430 ἐν
711 1367 819 1452 Ἀρείῳ
837 1369 923 1452 πόγιρ
940 1369 1014 1450 πρὸς
1027 1370 1205 1448 Ἀθηναίους
1227 1372 1353 1432 Παύλου
1373 1373 1462 1448 δημη-

360 1469 465 1549 γορίαν
490 1475 607 1550 πρῶτον
631 1475 790 1532 πιστεῦσαι
816 1470 992 1551 ἀνέγραψεν
1012 1473 1028 1532 ό
1054 1475 1180 1547 Λουκᾶς,
1200 1475 1250 1548 τῆς
1275 1473 1308 1534 ἐν
1321 1468 1462 1547 Ἀθήναις

360 1570 519 1648 ἐκκλησίας
543 1576 660 1649 πρῶτον
681 1573 856 1648 ἐπίσκοπον,
876 1573 1008 1655 ἀρχαίων
1034 1597 1077 1638 τις
1100 1572 1199 1651 ἔτερος
1226 1573 1386 1637 Διονύσιος
1409 1570 1461 1649 τῆς

361 1671 526 1749 Κορινθίων
541 1674 693 1750 παροικίας
707 1673 816 1752 ποιμὴν
828 1675 940 1753 ἱστορεῖ
955 1672 1122 1754 γεγονέναι.
1164 1672 1302 1735 Addidit
1317 1672 1349 1734 iu
1364 1670 1461 1735 inter·

360 1779 539 1862 pretatione
563 1802 621 1842 sua
635 1782 767 1862 Rufinus
790 1783 968 1853 verborum,
992 1803 1062 1865 quoe
1088 1779 1120 1843 in
1144 1787 1236 1845 textu
1257 1780 1360 1864 posui,
1382 1780 1463 1864 quod

353 1881 478 1964 primus
490 1881 577 1964 apud
590 1881 722 1945 Athenas
736 1881 774 1945 αό
789 1883 887 1946 eodem
909 1882 1039 1967 apostolo
1054 1882 1187 1966 (Paulo)
1201 1881 1462 1967 qiieeopmsuertt

360 1983 528 2045 ordinatus.
575 1982 672 2045 Hune
687 2005 761 2046 vero
776 2006 834 2068 pro
847 1984 976 2048 Christo
992 1983 1180 2067 martyrium
1195 1983 1461 2048 consummavisse

361 2093 500 2149 testatus
511 2091 582 2152 erat
593 2085 625 2149 S.
638 2086 799 2151 Aristides
808 2087 841 2149 iu
850 2087 1014 2171 Apolopio.
1042 2086 1220 2170 Vid.supra
1229 2086 1360 2169 psg.76.
1395 2083 1461 2146 Pro

360 2186 489 2250 voeibus
508 2194 617 2249 autem
636 2191 686 2264 τῆς
699 2186 868 2267 Ἀθηναίων
882 2189 1036 2269 παροικίας
1050 2194 1186 2271 praestat
1200 2187 1243 2249 M
1241 2189 1275 2249 S.
1290 2185 1381 2249 Boot.
1396 2189 1462 2251 ταῖς

362 2289 441 2367 (eor.
454 2292 519 2370 τῆς)
535 2291 568 2351 ἐν
578 2287 718 2365 Ἀθήναις
732 2314 764 2351 π.
773 2290 848 2352 Mu.
866 2289 1005 2373 Norsote.
1021 2288 1244 2352 convenienter
1263 2308 1335 2352 oum
1350 2287 1462 2367 Rufino

361 2387 535 2471 interprete
549 2388 693 2468 Ἀθήνησι
713 2412 772 2474 pro
784 2389 962 2469 Ἀθηναίων.
1008 2389 1148 2473 Jamque
1167 2389 1235 2452 haeo
1257 2387 1373 2452 iterum
1396 2386 1461 2450 edi-

362 2497 453 2553 turus
473 2491 652 2556 Burtonum
678 2500 806 2557 secutus
831 2493 961 2576 ejusque
985 2492 1109 2556 oodioes
1131 2494 1183 2568 τῆς
1207 2493 1241 2553 ἐν
1261 2488 1404 2566 Ἀθηναῖο
1429 2513 1460 2551 π.

361 2591 497 2675 reposui.

406 2692 488 2756 Ibid.
503 2693 524 2757 l.
545 2714 555 2756 ι
561 2713 593 2778 3.
616 2698 656 2778 τῷ
671 2699 722 2772 τῆς
737 2697 878 2773 ἀληθείας
892 2697 1070 2775 παρίσταται
1087 2692 1202 2776 κανόνι]
1225 2695 1265 2775 τῷ
1285 2695 1338 2769 τῆς
1353 2693 1461 2769 ἔκκλη-

363 2795 429 2859 σίας
444 2797 622 2875 παρίσταται
647 2799 759 2861 κανόνι.
804 2797 837 2860 Ν
840 2796 1008 2882 ioephorus
1023 2795 1055 2858 in
1071 2795 1125 2858 lib.
1141 2793 1182 2858 iv.
1199 2814 1270 2877 sap.
1289 2795 1318 2856 8.
1337 2813 1396 2877 pro
1411 2792 1461 2857 his

362 2896 465 2959 verbis
479 2897 548 2962 haeo
567 2897 684 2980 posuit,
704 2900 744 2982 uqi
760 2901 993 2982 ἔκκλησιαστικῷ
1011 2898 1113 2961 κανόνι
1133 2901 1258 2977 στοιχεΐ,
1273 2894 1305 2956 id
1321 2901 1379 2969 est,
1396 2893 1460 2956 Eo-

362 2996 543 3062 elesiastieae
558 2999 675 3083 regulae
689 2999 819 3064 insistit.
865 3000 904 3062 ln
926 3022 989 3083 quo
1005 3019 1131 3062 sensum
1154 2997 1281 3080 quidem
1303 2994 1462 3079 expressit

363 3096 502 3173 Eusebii,
518 3101 574 3164 sed
589 3100 651 3162 vim
663 3101 750 3164 verbi
765 3104 943 3182 παρίσταται
958 3123 1022 3164 παπ
1036 3108 1086 3164 est
1100 3108 1276 3163 assecutus.
1322 3097 1397 3159 Vox
1411 3103 1462 3159 est

362 3199 525 3263 familiaris
551 3201 691 3266 Eusebio
716 3205 928 3283 replerentur,
954 3224 1025 3285 quae
1051 3200 1134 3263 idem
1154 3199 1292 3262 valetne
1314 3197 1459 3281 probare,

361 3301 538 3378 adstruere,
554 3304 741 3367 confirmare
752 3326 790 3367 ao
804 3304 985 3380 defendere,
997 3298 1100 3366 ut'hie
1114 3301 1211 3364 vertit
1226 3298 1368 3362 Rufinus.
1408 3297 1461 3361 Sio

363 3401 521 3467 Eusebius
549 3403 632 3466 iufra
660 3404 692 3466 in
723 3405 827 3490 capite
852 3405 965 3469 ultimo
994 3404 1089 3489 hujus
1109 3402 1181 3466 libri
1208 3402 1248 3464 de
1278 3400 1462 3464 Bardosane

361 3502 502 3586 loquens,
519 3507 624 3571 ἱκανῶς
645 3508 782 3589 τῷλόγῳ
797 3506 1025 3590 παρεωσμένοι
1051 3527 1144 3592 quem
1166 3504 1269 3567 locum
1285 3525 1346 3565 nou
1369 3503 1462 3566 intel-

361 3603 439 3667 lexit
461 3604 778 3689 Christophorsonus.
809 3606 969 3669 Vnursius.
1015 3606 1221 3686 παρίστασθαί
1240 3630 1299 3668 τινι
1323 3602 1462 3667 Eusebio

361 3716 411 3770 est
440 3706 594 3770 adtoerero
609 3708 747 3789 firmite-r
775 3707 881 3772 alicui.
905 3708 1038 3771 Srnoru.
1095 3706 1202 3789 Magis
1224 3705 1462 3769 assentiendum

363 3807 489 3871 Valesio
504 3807 544 3871 de
559 3808 684 3871 viverbi
699 3811 887 3889 παρίσταται,
900 3809 990 3892 eujus
1004 3808 1075 3871 loeo
1089 3807 1240 3870 scribitur
1254 3807 1286 3869 in
1300 3807 1364 3869 eod.
1377 3807 1460 3867 Nor-

352 3908 431 3991 sole.
447 3910 634 3988 epotaturus,
658 3909 711 3992 qui
732 3917 839 3974 tamen
866 3910 914 3972 vir
936 3908 1138 3973 doctissimus
1161 3929 1268 3970 voeem
1292 3905 1460 3984 ἐκκλησίας,

361 4014 398 4070 ut
422 4007 520 4085 vides,
542 4031 600 4092 per
622 4032 761 4074 errorem
784 4012 901 4086 forsan,
918 4030 977 4093 pro
998 4010 1141 4088 ἀληθείας
1164 4008 1196 4070 in
1221 4008 1280 4070 hae
1304 4014 1383 4071 nota
1404 4029 1462 4071 sua

361 4110 478 4191 posuit.
523 4109 612 4174 Num
631 4112 725 4176 aliter
739 4113 843 4175 looum
861 4113 983 4195 profert
998 4111 1030 4173 in
1045 4110 1253 4173 adnotatione
1273 4110 1315 4172 ad
1332 4117 1461 4193 patrum

362 4209 635 4274 Antiochenorum
650 4214 821 4296 Epistulam
835 4213 1022 4294 Synodicom
1036 4211 1122 4294 apud
1138 4211 1256 4274 Euseb.
1267 4211 1317 4273 vii.
1327 4231 1379 4295 30.
1396 4210 1460 4287 ubi,

361 4332 433 4373 eum
457 4334 533 4375 voee
558 4318 611 4375 τοῦ
637 4316 761 4380 κανόνος
784 4314 888 4399 rapula
907 4313 989 4395 fidei
1017 4314 1061 4378 ibi
1085 4312 1280 4396 designatur,
1300 4312 1369 4375 haee
1391 4312 1463 4396 ipsu

362 4412 507 4496 Dionysii
522 4435 593 4476 oum
609 4413 670 4477 illis
685 4415 818 4479 confert.

406 4513 488 4576 Ibid.
503 4514 523 4576 l.
540 4517 588 4577 16.
612 4516 765 4578 Φίλιππον
780 4517 944 4578 ἐπίσκοπον
955 4514 1063 4597 αὐτῶν]
1086 4512 1243 4577 Eusebius
1254 4513 1310 4575 lib.
1326 4514 1366 4577 iv.
1377 4514 1462 4577 His.

361 4636 388 4677 u.
411 4632 460 4699 25.
485 4616 636 4679 Φίλιππός
656 4640 693 4695 γε
711 4616 781 4694 μὴν,
806 4616 842 4679 ὃν
870 4614 904 4679 ἐκ
929 4621 990 4678 τῶν
1020 4614 1183 4678 Διονυσίου
1212 4620 1321 4695 φωνῶν
1350 4618 1401 4692 τῆς
1427 4612 1463 4677 ἓν

363 4719 492 4795 Γορπύνη
521 4718 674 4795 παροικίας
696 4714 861 4780 ἐπίσκοπον
887 4718 1030 4798 ἔγνωμεν,
1057 4714 1136 4780 πόνν
1161 4739 1197 4797 γε
1227 4717 1463 4780 σπουδαιότατον
