3809 5650
417 674 483 736 σοι
758 668 981 750 saniona:
1004 669 1176 734 sucum.

419 830 474 910 ίπι
505 828 733 908 ε’ναποθανὼν
759 835 835 911 ταῖς
864 829 1049 926 βασάνοις,
1077 831 1196 934 φόβον
1220 830 1422 931 ἐμποιήσειε
1446 841 1519 916 τοῖς

419 970 568 1046 λοιποῖς·
607 964 648 1040 οὐ
684 961 794 1060 μόνον
826 962 926 1042 οὐδὲν
958 966 1039 1063 περὶ
1072 963 1179 1043 αὑτὸν
1203 974 1343 1044 τοιοῦτο
1371 967 1518 1065 συνέβη,

419 1097 520 1178 ἀλλὰ
563 1100 620 1175 καὶ
664 1095 763 1197 παρὰ
804 1103 930 1176 πᾶσαν
973 1095 1083 1204 δόξαν
1125 1100 1325 1202 ἀνθρώπων
1364 1103 1520 1207 ἀνελιιψε

420 1236 479 1314 καὶ
504 1231 700 1333 ἀνωρθώθη
720 1229 761 1310 τὸ
780 1230 965 1329 σωμάτιον
982 1236 1020 1311 ἐν
1038 1241 1114 1316 ταῖς
1131 1234 1316 1332 μετέπειτα
1334 1236 1520 1334 βασάνοις,

421 1372 479 1449 καὶ
508 1367 574 1466 τὴν
603 1367 698 1446 ἰδέαν
720 1366 883 1462 ἀπέλαβε
911 1367 978 1466 τὴν
1001 1368 1178 1471 προτέραν
1206 1372 1265 1448 καὶ
1293 1368 1359 1468 τὴν
1388 1376 1546 1476 χρῆσιν5

420 1511 493 1584 τῶν
521 1510 653 1602 μελῶν.
704 1500 799 1581 ὥστε
835 1502 886 1601 μὴ
922 1502 1086 1600 κόλασιν,
1120 1505 1204 1582 ἀλλ’
1237 1505 1335 1582 ’ίασιν
1367 1504 1425 1584 διά
1457 1511 1522 1604 τῆς

421 1639 565 1745 χάριτος
593 1647 656 1718 τοῦ
684 1644 858 1740 Χριστοῦ,
877 1637 943 1736 τὴν
972 1636 1136 1740 δευτέραν
1163 1639 1397 1741 στρεβλωσιν
1425 1641 1521 1746 αὐτῷ

421 1774 601 1877 γενέσθω.

478 1908 527 2012 ζ’.
563 1915 634 1987 Καὶ
664 1904 843 2002 Βιβλιάδα
870 1907 913 1984 δέ
936 1940 1016 1984 τινα
1042 1908 1127 2002 μίαν
1157 1909 1240 2006 (sor.
1264 1925 1336 2001 μίαν
1357 1949 1433 1997 τινα,
1459 1925 1512 1988 vid

422 2054 561 2141 notam.)
588 2049 660 2121 τῶν
687 2040 901 2141 ἠρνημένων,
926 2042 994 2139 ἤδη
1022 2045 1137 2118 δοκῶν
1166 2044 1185 2119 ὁ
1215 2042 1384 2138 διάβολος
1408 2080 1520 2125 κατα·
1538 2078 1572 2117 ¹0

421 2176 631 2270 πεπωκέναι,
651 2172 812 2271 θελήσας
830 2170 867 2252 δέ
886 2175 943 2251 καὶ
962 2172 1021 2251 διὰ
1038 2174 1279 2278 βλασφημίας
1307 2188 1523 2280 κατακρῖναι,

423 2308 508 2412 ἦγεν
526 2311 583 2387 ε’πὶ
601 2305 766 2400 κόλασιν,
785 2304 993 2407 ἀναγκάζων
1011 2310 1119 2385 εἰπεῖν
1137 2305 1183 2385 τά
1201 2307 1290 2387 ἀθεα
1311 2314 1393 2410 περὶ
1411 2313 1522 2408 ἡμῶν,

424 2446 472 2527 ὡς
490 2445 711 2544 εὔθραύστον
729 2440 796 2541 ἤδη
815 2448 872 2521 καὶ
892 2441 1076 2543 ἄνανδρον.
1107 2443 1130 2540 ἡ
1153 2443 1246 2522 δὲέν
1265 2450 1310 2548 τῇ
1328 2449 1519 2548 στρεβλω-

424 2614 482 2660 σει
500 2577 667 2682 ἀνένηψε,
686 2579 743 2656 καὶ
763 2580 811 2661 ὡς
829 2575 873 2654 ἀν
892 2584 1001 2656 εῖπεῖν
1019 2578 1057 2655 ε’κ
1076 2576 1206 2670 βαθέος
1231 2580 1342 2661 ὕπνου
1368 2586 1521 2686 ἀνεγρη-

424 2711 594 2817 γόρησεν·
628 2713 901 2810 ὑπομνησθεῖσα
930 2710 990 2789 διὰ
1017 2715 1080 2808 τῆς
1106 2715 1328 2816 προσκαίρου
1356 2720 1524 2819 τιμωρίας
1540 2759 1571 2817 ¹5

425 2849 491 2948 τὴν
514 2848 653 2927 αῖώνιον
671 2850 709 2927 ἐν
729 2847 851 2951 γεέννῃ
869 2844 1035 2925 κόλασιν·
1068 2849 1126 2925 καὶ
1145 2848 1190 2953 ἐξ
1204 2851 1363 2936 ἐναντίοις
1385 2857 1525 2934 ἀντεῖπε

424 2991 499 3068 τοῖς
521 2981 760 3088 βλασφήμοις
784 2981 951 3086 φήσασα·
1011 2987 1097 3065 Πῶς
1120 2979 1166 3060 ἀν
1182 2986 1306 3064 παιδία
1325 2987 1475 3090 φάγοιεν
1493 2996 1525 3068 οἱ

425 3129 586 3214 τοιοῦτοι,
605 3116 657 3200 οἷς
674 3117 763 3217 μηδὲ
785 3114 932 3218 ἀλόγων
950 3117 1049 3220 ζώων
1066 3115 1154 3216 αἷμα
1173 3124 1303 3223 φαγεῖν
1321 3119 1404 3226 ἐξόν
1420 3155 1430 3215 ;
1463 3126 1520 3201 καὶ

427 3395 628 3456 tractationem
663 3405 761 3471 posset
789 3395 949 3452 sustinere:
1000 3394 1086 3453 fidem
1116 3395 1338 3474 abnegaverant,
1367 3416 1431 3454 cum
1463 3398 1523 3472 jam

427 3474 474 3534 vel
496 3474 526 3531 id
547 3484 626 3531 certe
647 3485 830 3540 eventurum,
851 3484 884 3532 ut
902 3474 952 3532 ille
1002 3474 1145 3532 Diabolus
1170 3495 1187 3533 a
1214 3496 1245 3534 se
1273 3477 1435 3555 absorptam
1463 3498 1523 3535 cre·
1536 3498 1573 3535 20

428 3553 581 3614 tormentis
605 3553 788 3619 immortuus,
810 3565 950 3612 terrorem
1001 3553 1092 3620 deret,
1107 3558 1255 3633 velletque
1270 3556 1388 3635 insuper
1406 3555 1524 3615 damna.

429 3634 559 3712 injiceret
595 3632 732 3709 reliquis:
773 3654 831 3691 non
864 3633 951 3692 modo
1001 3635 1111 3692 tionem
1130 3635 1209 3694 illius
1227 3636 1374 3695 cumulare
1393 3636 1525 3715 blasphe-

428 3713 501 3772 nihil
522 3713 663 3790 ejusmodi
685 3712 726 3771 illi
749 3713 879 3790 contigit,
900 3713 950 3771 sed
1002 3713 1069 3779 mia,
1091 3713 1128 3772 ad
1149 3715 1324 3792 supplicium
1347 3716 1442 3785 duxit,
1464 3716 1526 3775 adi.

428 3804 534 3873 prater
550 3794 679 3851 omnium
697 3793 873 3872 opinionem,
889 3813 951 3850 cor·
1002 3812 1073 3869 gens
1095 3803 1157 3852 cam
1184 3804 1288 3873 utpote
1310 3794 1442 3872 fragilem
1464 3797 1525 3874 jam

429 3894 484 3953 pus
498 3873 562 3951 ejus
578 3872 674 3932 subito
693 3873 852 3932 revelatum
873 3892 950 3931 erac·
1002 3883 1033 3930 et
1047 3871 1189 3950 ignavam,
1204 3873 1294 3951 impia
1307 3873 1344 3933 de
1359 3875 1442 3932 nobis
1456 3897 1524 3954 pro·
1538 3898 1572 3955 25

428 3964 550 4031 tumque
578 3953 710 4011 constitit
740 3954 770 4011 in
798 3953 952 4011 tormentis
1003 3951 1092 4029 loqui.
1135 3953 1247 4013 Verum
1268 3952 1318 4011 illa
1336 3954 1460 4031 resipuit
1481 3956 1525 4014 in-

428 4034 646 4113 posterioribus,
662 4044 692 4091 et
712 4033 863 4112 pristinam
886 4052 952 4111 ape-
1002 4044 1047 4090 ter
1061 4034 1217 4100 cruciatus,
1232 4053 1265 4091 ac
1279 4033 1368 4092 veluti
1388 4053 1424 4092 ex
1446 4035 1527 4095 altis·

429 4114 512 4181 ciem,
532 4131 675 4189 usumque
694 4114 887 4172 membrorum
908 4133 953 4170 re·
1003 4113 1076 4170 simo
1100 4135 1202 4174 somno
1227 4115 1352 4172 excitata
1377 4125 1430 4182 est,
1453 4135 1525 4194 proe·

430 4194 588 4272 cuperavit.
633 4192 755 4250 Prorsus
774 4203 808 4250 ut
828 4191 955 4250 secunda
1004 4203 1086 4252 sente
1110 4193 1254 4273 supplicio
1278 4193 1315 4252 de
1339 4206 1453 4253 aterna
1477 4216 1527 4273 ge.

430 4273 481 4331 illa
494 4272 720 4341 excarnificatio,
736 4271 834 4330 divina
853 4272 952 4350 opitu·
1003 4272 1106 4333 hennuc
1134 4274 1310 4334 cruciatibus
1336 4276 1428 4353 ipsam
1458 4277 1525 4334 sub·
1537 4299 1575 4355 30

430 4352 509 4411 laute
542 4353 644 4429 gratia,
680 4352 819 4411 medelam
855 4353 952 4430 potius
1003 4365 1148 4413 monente.
1191 4355 1234 4413 Et
1255 4355 1454 4415 contradicens
1472 4357 1526 4413 im-

429 4451 515 4509 quam
537 4452 650 4507 poennm
672 4433 699 4490 ei
720 4432 852 4491 attulisse
871 4431 951 4489 ride·
1003 4431 1075 4509 piis:
1098 4435 1159 4506 Qui
1174 4435 1236 4494 fieri
1254 4445 1359 4513 posset,
1376 4437 1481 4512 inquit.
1494 4447 1527 4494 ut

429 4522 520 4570 retur.
1005 4512 1131 4573 infantes
1151 4514 1346 4582 comederent,
1364 4516 1470 4591 quibus
1491 4536 1528 4574 ne

473 4607 501 4663 7.
524 4591 621 4649 Sedet
633 4590 793 4650 Bibliadem
808 4590 952 4668 quandam
1004 4595 1172 4671 sanguinem
1196 4594 1313 4672 quidem
1336 4596 1525 4653 animantium

430 4691 466 4731 ex
492 4689 592 4729 eorum
619 4690 740 4729 numero
764 4671 814 4747 qui
844 4670 954 4729 Christi
1005 4671 1158 4751 degustare
1172 4673 1251 4733 licet.
1294 4675 1412 4733 Abhinc
1426 4676 1526 4734 Chris·
1538 4699 1574 4757 35
