3809 5650
486 693 553 757 246
860 694 1214 759 ANNOTATIONES

486 858 564 922 lullo
578 867 709 943 arrepto
724 858 818 924 fuste.
865 861 1016 939 Praestat,
1024 862 1160 946 fullonis
1173 871 1296 947 arrepto
1305 862 1402 945 fiete,
1416 862 1498 926 alius
1513 885 1591 946 quo·

486 982 548 1045 que
562 960 670 1023 Rufini
686 960 760 1025 MS.
777 983 874 1045 penes
888 985 939 1027 me
954 964 1196 1029 vetustissimus.

530 1064 567 1128 P.
585 1082 659 1129 212.
676 1063 697 1126 l.
713 1085 745 1148 5.
762 1067 810 1128 καὶ
825 1066 947 1148 ἔθαψαν
962 1069 1053 1131 αὐτὸν
1070 1069 1119 1130 ἐπὶ
1133 1071 1172 1152 τῷ
1188 1071 1269 1152 τόπῳ
1283 1070 1365 1148 παρὰ
1379 1068 1510 1152 τῷναῷ]
1540 1067 1589 1130 καὶ

486 1166 609 1247 ἔθαψαν
627 1166 719 1230 αὐτὸν
739 1169 772 1230 ἐν
792 1171 833 1250 τῷ
856 1169 947 1252 τόπῳ.
995 1170 1050 1232 Ita
1073 1168 1200 1253 quidem
1225 1170 1325 1232 codex
1350 1168 1472 1252 Regius
1495 1190 1590 1251 quem

484 1274 613 1333 secutus
628 1276 678 1333 est
693 1269 883 1352 Stephanus,
914 1272 1033 1334 Verum
1048 1271 1160 1354 reliqui
1174 1277 1253 1347 tres,
1269 1270 1453 1334 Mazarinus
1468 1270 1589 1334 scilicet

486 1370 662 1435 Medicaeus
694 1393 733 1435 ao
763 1370 905 1448 Fukotii,
934 1372 1057 1456 aliquot
1087 1372 1204 1436 voculis
1232 1372 1392 1436 auctiores
1421 1382 1496 1435 sunt
1527 1372 1588 1436 hoc

485 1474 589 1548 m0d0‚
617 1475 665 1536 καὶ
691 1473 812 1554 ἔθαψαν
833 1473 923 1536 αὐτὸν
946 1475 996 1536 ἐπὶ
1021 1475 1060 1558 τῷ
1084 1476 1165 1557 τόπῳ
1189 1477 1269 1554 παρὰ
1298 1478 1338 1557 τῷ
1368 1479 1437 1558 ναῷ.
1483 1474 1589 1553 Quom

485 1575 613 1658 quidem
632 1575 799 1639 lectionem
824 1575 992 1638 confirmet
1017 1574 1213 1658 Nicephorus
1234 1597 1272 1638 ac
1295 1576 1440 1637 Rufinus.
1488 1577 1589 1638 Vsus-

484 1698 556 1739 s1us.
612 1676 804 1760 Priusquam
832 1677 864 1739 id
894 1677 963 1752 leci,
995 1675 1159 1741 Strothius
1188 1675 1270 1739 hanc
1299 1676 1468 1740 lectionem
1498 1699 1586 1740 rece-

483 1785 587 1862 perat,
613 1785 697 1843 teste
717 1779 829 1843 addito
851 1779 973 1843 Codicis
1001 1779 1103 1842 Veneti
1126 1780 1218 1842 Leett.
1246 1780 1295 1842 cui
1326 1801 1408 1842 nunc
1432 1781 1589 1844 accedunt

488 1880 582 1943 codd.
607 1881 705 1944 Sacil.
730 1904 786 1944 scu
809 1881 898 1944 Bodl.
924 1889 958 1944 et
981 1880 1120 1965 Norfobc.
1145 1901 1217 1944 cum
1237 1881 1405 1964 Heyescppi
1423 1882 1585 1966 Exempto.

485 1980 603 2044 Itidem
631 1982 752 2065 Scripti
781 1982 965 2058 Florentio-i,
990 2004 1070 2066 quos
1095 1981 1230 2045 contulit
1256 1981 1453 2056 Gronovius3
1482 2003 1587 2065 neque

483 2079 633 2145 dissentit
663 2089 805 2146 testante
835 2083 981 2146 Burtono
1014 2083 1105 2146 cedes
1132 2082 1201 2165 ejus
1240 2083 1375 2145 Venetus.
1438 2084 1586 2167 Georpioa

483 2180 561 2245 item
577 2183 736 2265 Syaccllus
750 2184 849 2247 habet
867 2186 916 2246 ἐπὶ
935 2188 975 2268 τῷ
996 2189 1075 2268 τόπῳ
1095 2190 1147 2246 τοῦ
1172 2188 1254 2257 ναοῦ,
1270 2186 1356 2268 apud
1382 2206 1487 2269 quem,
1502 2185 1586 2248 sicum

483 2282 517 2345 in
540 2283 593 2347 illo
614 2285 765 2368 Excepto
789 2286 880 2349 Bodl.
906 2286 997 2349 deest
1017 2286 1173 2370 pericope,
1200 2286 1248 2348 καὶ
1271 2287 1314 2349 ἔτι
1336 2287 1463 2365 αὑτοῦὴ
1486 2285 1584 2365 στήλη

483 2383 567 2463 μένει
581 2389 662 2466 παρὰ
676 2387 716 2469 τῷ
733 2390 804 2471 ναῷ,
816 2407 911 2469 quam
927 2386 1028 2449 nescit
1039 2394 1130 2450 vetus
1141 2406 1266 2470 qnoque
1277 2386 1434 2470 interpres
1443 2387 1584 2470 Rufinus.

484 2484 600 2563 Voces,
627 2485 944 2566 sal—plvaabsunt
970 2509 990 2550 a
1014 2488 1105 2550 codd.
1124 2489 1218 2572 Repo
1241 2495 1274 2551 et
1291 2489 1372 2551 Par.
1392 2508 1419 2564 1,
1437 2507 1466 2551 2.
1511 2489 1586 2553 Hoc

483 2586 584 2650 solum
608 2587 707 2652 habet
733 2588 831 2652 etiam
858 2589 1112 2672 Metaphrastes‚
1134 2591 1183 2652 De
1204 2587 1304 2652 Italae
1326 2588 1444 2665 dcccli,
1461 2612 1492 2673 p.
1509 2593 1584 2674 526.

483 2690 531 2752 καὶ
554 2691 705 2768 λαβόντες
726 2691 826 2764 αὐτὸν,
849 2691 995 2755 θάπτουσι
1016 2691 1147 2770 πλήσιον
1166 2696 1219 2754 τοῦ
1242 2696 1316 2754 ναοῦ
1338 2696 1391 2755 τοῦ
1414 2696 1506 2755 Θεοῦ.
1532 2693 1583 2756 ed.

483 2789 651 2856 combefis.

527 2893 611 2957 lbid.
627 2893 648 2956 l.
667 2896 698 2957 6.
716 2895 764 2958 καὶ
780 2895 824 2958 ἔτι
840 2896 929 2958 αὐτοῦ
943 2897 963 2975 ἡ
975 2895 1071 2974 στήλη
1085 2895 1170 2975 μένει
1181 2900 1261 2977 παρὰ
1272 2900 1312 2982 τῷ
1325 2898 1400 2982 ναῷ]
1416 2898 1583 2974 Quomodo

482 2995 549 3058 ficri
564 3002 682 3080 potest,
699 3004 736 3060 ut
750 2996 802 3059 bio
818 2997 929 3081 cippus
949 2998 997 3082 (id
1019 2998 1102 3061 enim
1122 2997 1279 3082 significat
1303 2998 1408 3078 στήλη,
1425 3006 1462 3061 ut
1486 3021 1584 3083 supra

481 3098 675 3182 notavimus)
690 3105 724 3161 et
740 3099 799 3162 boc
813 3099 837 3161 J
839 3100 930 3162 acobi
951 3100 1130 3185 sepulcrum
1151 3100 1255 3164 adbuc
1274 3101 1485 3184 permanserit
1508 3109 1583 3185 post

481 3201 593 3263 urbem
614 3223 635 3264 a
650 3201 804 3265 Romanis
827 3203 986 3266 excisam?
1031 3203 1093 3266 Sed
1119 3225 1221 3286 neque
1235 3202 1402 3266 verisimile
1426 3204 1582 3286 estquod

480 3299 528 3363 ait
559 3299 770 3384 Hegesippus‚
797 3300 821 3362 J
823 3301 958 3363 acobum
978 3301 1076 3385 juxta
1104 3301 1257 3385 templum
1289 3300 1447 3385 sepultum
1473 3302 1581 3367 fuisse.

480 3400 569 3464 Nam
583 3403 606 3464 J
609 3402 691 3465 udaei
708 3409 802 3465 extra
816 3402 927 3465 urbem
942 3423 1078 3486 corpora
1097 3404 1291 3479 condebant,
1306 3408 1343 3467 ut
1363 3401 1510 3487 colligere
1531 3412 1582 3469 est

479 3508 549 3566 tum
572 3524 612 3565 cx
636 3501 819 3586 Evangelio,
845 3509 915 3565 tum
941 3524 981 3565 ex
1007 3503 1153 3586 sepulcro
1179 3503 1313 3566 Helenae
1339 3503 1582 3567 Adiabenorum

478 3604 606 3689 reginae,
624 3604 663 3666 de
679 3625 741 3688 quo
757 3602 901 3686 superius
917 3603 1014 3667 locuti
1030 3626 1149 3667 sumus.
1194 3604 1317 3668 Merito
1334 3605 1432 3689 igitur
1447 3605 1581 3669 Rufinus

477 3713 583 3769 totam
613 3706 695 3768 hano
722 3704 900 3788 pericopem
929 3705 961 3767 in
987 3705 1130 3769 versione
1156 3728 1214 3769 rua
1240 3706 1454 3790 praetermisit.
1502 3706 1581 3769 Hie-

477 3830 628 3893 ronymus
650 3828 725 3870 vero
753 3806 785 3868 in
811 3805 893 3869 libro
917 3806 957 3869 de
987 3806 1194 3889 scriptoribus
1224 3807 1465 3884 Ecclesiasticis‚
1490 3807 1580 3892 cujus

478 3911 618 3973 maxima
641 3930 716 3993 pars
743 3929 784 3971 ex
804 3907 948 3980 ,historia
979 3908 1203 3972 Ecclesiastico
1232 3907 1363 3971 Eusebii
1393 3909 1493 3973 nostri
1523 3910 1578 3973 de-

477 4020 607 4098 sumpta
628 4019 689 4088 est,
707 4011 775 4075 baec
791 4010 967 4096 Hegesippi
987 4010 1084 4073 verba
1103 4010 1320 4093 interpretans
1340 4010 1388 4073 ita
1409 4010 1579 4074 emollivit:

480 4114 617 4178 l'ilulem
638 4134 732 4197 usque
753 4112 798 4176 ud
817 4110 998 4175 obsidionem
1023 4112 1097 4189 Tot,
1120 4121 1148 4175 et
1167 4112 1308 4175 ult-imam
1330 4111 1506 4188 Hadriani,
1527 4132 1580 4175 oc

476 4217 625 4279 lucianam
638 4214 753 4278 lubuit.
800 4213 867 4276 Ubi
882 4220 991 4277 tamen
1007 4212 1084 4276 illud
1099 4213 1235 4296 probare
1254 4235 1316 4276 nou
1337 4235 1477 4297 possum,
1492 4215 1578 4297 quod

477 4317 518 4379 de
531 4317 646 4381 ultima
660 4315 819 4379 Hadriani
835 4315 1000 4378 obsidione
1020 4314 1109 4377 dicit.
1156 4315 1250 4378 Nam
1263 4314 1297 4376 in
1320 4336 1357 4378 eo
1380 4323 1506 4379 secutus
1528 4324 1579 4379 est

476 4438 616 4481 errorem
640 4418 780 4492 Eusebii,
807 4440 901 4501 quem
920 4417 1112 4501 jampridem
1136 4416 1191 4480 alii
1215 4416 1428 4481 confutarunt.
1475 4419 1579 4479 Porro

477 4519 694 4601 Hieronymus
708 4519 838 4582 titulum
853 4520 945 4593 dixit,
963 4540 1021 4602 pro
1040 4541 1077 4581 eo
1099 4519 1184 4601 quod
1206 4519 1239 4580 in
1263 4520 1378 4582 Graeco
1401 4530 1448 4582 est
1471 4516 1576 4595 στήλη.

477 4618 599 4682 Eodem
620 4639 712 4681 sensu
733 4620 829 4698 στήλη
844 4619 961 4683 dicitur
981 4620 1014 4681 in
1039 4618 1093 4683 lib.
1110 4618 1143 4682 ii.
1160 4619 1343 4702 Regnorum
1367 4642 1436 4705 cap.
1457 4619 1506 4682 18.
1522 4620 1577 4682 ubi

475 4721 632 4802 interpres
647 4717 776 4781 titulum
791 4720 896 4783 vertit.
942 4720 997 4783 Ad
1012 4743 1108 4804 quam
1123 4742 1231 4784 vocem
1246 4721 1278 4784 in
1293 4721 1509 4786 vetustissimo
1525 4743 1576 4784 co-
