3809 5650
398 661 462 727 164
771 661 1125 727 ANNOTATIONES

396 836 477 890 cum,
494 814 583 898 cujus
598 813 707 898 scripti
723 813 917 877 mentionem
931 814 1052 878 fecerat
1064 814 1222 878 Eusebius
1233 835 1323 898 capp.
1339 816 1389 891 26,
1403 820 1437 876 et
1450 828 1503 896 27.

397 916 497 1001 ejusd.
513 915 566 979 lib.
582 915 621 979 iv.
638 914 773 979 fortasse
788 916 959 1000 desumpta
974 921 1059 979 sunt.

442 1018 523 1080 lbid.
540 1016 703 1095 δεδήλωται
719 1018 751 1079 δὲ
765 1017 812 1078 καὶ
826 1015 899 1096 πρὸς
912 1021 972 1079 τῶν
983 1015 1147 1100 ἡμετέρων]
1162 1016 1216 1080 Ad
1235 1016 1296 1079 hoc
1314 1015 1502 1079 miraculum

396 1117 510 1181 alludit
540 1117 726 1202 Cyprianus,
757 1138 829 1179 cum
857 1116 904 1179 ait
933 1117 966 1179 in
996 1117 1154 1179 Tractatu
1183 1117 1225 1180 ad
1251 1116 1501 1194 Demetriadem,

399 1218 585 1283 olarisa'aaos
596 1241 656 1304 pro
671 1218 810 1280 arcendis
823 1216 953 1280 ionibus
967 1228 993 1280 et
1008 1216 1153 1281 imbribus
1173 1219 1374 1303 irrepet-randis
1396 1240 1503 1303 ταρανο

396 1330 423 1383 ct
438 1342 543 1405 preces
555 1319 699 1402 fraudere.
745 1320 783 1382 P.
804 1338 874 1402 193.
896 1320 945 1381 ed.
964 1319 1067 1382 Oxou.
1093 1319 1147 1382 W.
1170 1320 1299 1384 Lowrn.
1323 1320 1355 1382 in
1377 1319 1505 1382 Eusedii

397 1421 446 1484 ed.
467 1421 622 1505 Reading.
668 1421 764 1483 Adde
788 1419 940 1504 Cypriani
965 1419 1154 1503 magistrum
1178 1421 1420 1495 Tertullianum,
1448 1420 1503 1504 qui

398 1544 466 1586 rem
489 1522 598 1606 tetigit
621 1543 685 1583 non
709 1529 837 1585 tantum
859 1522 892 1584 in
911 1521 1066 1607 Apolepet.
1081 1543 1150 1605 cap.
1171 1539 1202 1606 5.
1218 1529 1251 1585 et
1270 1522 1315 1584 ad
1336 1521 1504 1605 Scapulam

399 1644 427 1686 c.
443 1643 474 1701 4.
502 1623 557 1685 sed
580 1622 677 1685 etiam
699 1622 733 1685 in
754 1623 930 1707 posteriore
956 1632 1049 1707 parte
1075 1621 1171 1685 libelli
1195 1622 1244 1685 sni
1268 1623 1319 1685 Dc
1344 1623 1501 1697 Oratione,

398 1745 496 1809 quam
530 1723 658 1807 quidem
692 1746 733 1787 ex
768 1723 877 1788 codice
907 1723 1119 1787 Ambrosiano
1150 1723 1352 1807 desumptam
1386 1721 1503 1786 saeculo

399 1833 536 1890 exeunte
551 1825 674 1891 decimo
692 1825 828 1910 septimo
850 1825 986 1910 primurn
1007 1825 1108 1890 edidit
1127 1825 1166 1889 cl.
1188 1824 1399 1891 Muratcrius.
1425 1824 1503 1886 Vid.

399 1948 469 2011 cap.
494 1927 551 1991 ult.
576 1927 625 1991 ed.
643 1927 795 1993 Halensis
821 1925 1007 1993 Tmtdliaai
1026 1933 1060 1991 et
1084 1927 1190 2013 Οριιοο.
1214 1925 1502 2003 anteactarum,

399 2030 461 2094 vol.
478 2029 499 2092 i.

445 2130 530 2193 lbid.
554 2129 572 2191 l.
598 2149 647 2214 13.
671 2130 801 2194 τέθειται
823 2132 880 2209 μὲν
902 2132 937 2193 τὸ
959 2130 1141 2216 παράδοξον]
1164 2130 1311 2195 Gentiles
1332 2129 1504 2214 scriptores

401 2230 456 2319 qui
486 2231 581 2315 hujus
610 2231 656 2295 rei
685 2231 909 2308 meminerunt,
937 2231 991 2296 alii
1022 2232 1162 2317 quidem,
1194 2253 1361 2318 magorum
1394 2231 1502 2294 incan-

399 2330 577 2397 tationibus
591 2332 730 2416 pluviam
749 2332 955 2418 impetratam
977 2355 1046 2397 esse
1068 2333 1236 2399 dixerunt:
1261 2333 1315 2397 alii
1334 2354 1408 2397 vero
1430 2353 1502 2416 pre-

400 2433 490 2498 cibus
507 2436 590 2518 lmp.
610 2435 725 2498 Marci.
770 2436 826 2501 Ita
845 2435 1044 2521 Capitolinus
1065 2436 1098 2499 in
1115 2436 1238 2511 Marco,
1254 2445 1288 2500 et
1310 2435 1504 2500 Claudianus

399 2536 434 2599 in
449 2539 469 2600 6
487 2534 665 2601 Consulatu
687 2537 833 2602 Honorii.
879 2538 1062 2619 Quinetiam
1081 2537 1274 2622 precationis
1293 2537 1392 2621 ipsius
1407 2536 1504 2600 verba

400 2636 553 2713 referunt,
570 2638 684 2722 quibus
700 2661 775 2703 neus
794 2646 844 2702 est
860 2641 1003 2703 Marcus.
1049 2639 1153 2715 Hanc,
1170 2639 1283 2723 inquit,
1299 2638 1447 2702 dextram
1460 2638 1502 2701 ad

399 2745 434 2803 te
449 2739 582 2823 Jupiter
596 2741 706 2816 tende,
722 2762 794 2825 quse
808 2741 924 2803 nullius
938 2761 1077 2826 unquam
1094 2741 1280 2826 sangninem
1294 2740 1386 2803 fudit.
1418 2739 1502 2801 The-

400 2842 525 2908 mistius
545 2842 577 2906 in
602 2851 684 2909 orat.
707 2846 849 2909 nondum
874 2846 940 2923 (an.
970 2847 1075 2930 1659.)
1101 2844 1189 2908 edita
1211 2844 1253 2908 ad
1270 2845 1504 2928 Imperatorem

400 2943 626 3022 Theodosium,
649 2968 721 3031 quae
743 2945 927 3010 inscribitur
951 2947 995 3012 τίς
1016 2946 1035 3025 ἡ
1057 2945 1279 3024 βασιλικωτάτη
1297 2951 1357 3008 τῶν
1380 2947 1504 3027 ἀρετῶν.

398 3044 570 3130 Ἀντωνίνῳ
593 3048 634 3130 τῷ
653 3044 807 3125 Ῥωμαίων
830 3047 1031 3127 αὐτοκράτορι,
1054 3044 1077 3131 ᾧ
1101 3051 1187 3109 τοῦτο
1211 3046 1283 3109 αὐτὸ
1308 3048 1464 3125 ἐπώνυμον
1487 3049 1504 3110 d

399 3147 540 3226 Εὐσεβὴς
559 3147 606 3226 ἣν,
623 3153 675 3211 τοῦ
696 3149 916 3229 στρατεύματος
934 3147 991 3212 ι’ντό
1012 3150 1121 3229 δίψους
1136 3146 1218 3231 αὐτῷ
1236 3147 1417 3225 πιεζομένου,
1434 3149 1506 3209 ἁνα-

296 3242 299 3253 “
398 3248 485 3328 σχὼν
500 3249 540 3310 τὸ
555 3254 639 3329 χεῖρε
660 3251 839 3328 ὁβασιλεὺς
858 3249 932 3330 πρὸς
954 3248 1007 3311 τὸν
1022 3249 1159 3328 οὐρανόν·
1182 3248 1273 3325 ταύτῃ
1292 3247 1351 3328 ἔφη
1371 3252 1405 3327 τῇ
1425 3249 1505 3329 χειρὶ

399 3349 633 3430 προυτρεψάμην
648 3375 685 3412 σε
701 3351 749 3413 καὶ
763 3349 903 3413 ἱκέτευσα
916 3348 971 3411 τὸν
984 3352 1057 3426 ζωῆς
1069 3350 1187 3427 δοτῆρα,
1198 3342 1218 3425 ἡ
1228 3346 1305 3424 ζωὴν
1315 3346 1367 3409 οὐκ
1380 3348 1504 3427 ἀφειλό-

398 3468 468 3527 μην·
492 3450 541 3512 καὶ
555 3451 631 3515 οὕτω
647 3448 792 3535 κατῄδεσε
807 3450 859 3512 τὸν
874 3449 946 3515 θεὸν
965 3452 999 3528 τῇ
1020 3448 1103 3534 εὐχῇ,
1120 3448 1198 3510 ὥστε
1218 3444 1254 3524 έξ
1274 3449 1389 3527 αἰθρίας
1408 3446 1504 3525 ἦλθον

400 3548 531 3628 νεφέλαι
546 3552 766 3631 ὑδροφοροῦσαι
785 3556 846 3617 τοῖς
867 3550 1069 3630 στρατιώταις.
1114 3547 1220 3611 Addit
1242 3546 1435 3610 Themistius
1454 3547 1501 3610 vi·

399 3649 485 3713 disse
506 3673 539 3714 se
559 3651 679 3736 pictam
699 3653 732 3716 in
752 3653 864 3717 tabula
882 3653 977 3736 hujus
998 3652 1044 3715 rei
1066 3650 1252 3737 imaginem:
1275 3649 1504 3734 Imperatorem

383 3750 529 3836 ,quidem
545 3752 578 3820 in
598 3754 666 3818 acie
682 3754 769 3819 Deos
790 3762 994 3839 precantem
1018 3753 1136 3818 milites
1154 3774 1229 3817 vero
1249 3752 1348 3837 galeis
1369 3752 1504 3817 imbrem

400 3852 606 3937 excipientes,
632 3861 666 3917 et
690 3876 808 3938 aquam
834 3855 958 3920 caelitue
981 3855 1111 3921 missam
1134 3855 1290 3919 bibentes.
1344 3855 1503 3919 Vinnsrus.

402 3954 539 4018 Fulmen
553 3956 593 4019 de
608 3955 688 4020 coelo
699 3956 847 4041 precibus
861 3958 926 4021 suis
937 3965 1051 4022 contra
1061 3956 1202 4021 hostium
1212 3955 1504 4021 machinamentum

402 4056 551 4132 extorsit,
575 4057 641 4120 suis
664 4057 769 4141 pluvis
792 4058 975 4143 impetrata,
1000 4080 1097 4143 quum
1122 4057 1176 4122 siti
1199 4058 1392 4123 laborarent.
1435 4058 1503 4122 Jul.

401 4154 605 4241 Capitolinus
619 4158 652 4221 in
673 4159 785 4223 Marco
805 4161 957 4224 Antoniae
973 4159 1154 4244 Pliloscple
1175 4180 1248 4244 pag.
1263 4177 1317 4244 32.
1332 4159 1382 4222 ed.
1400 4158 1503 4223 Paris.

402 4257 507 4322 Extat
522 4259 642 4344 (inquit
657 4262 739 4324 Aut.
757 4261 890 4345 Psgius)
903 4283 1049 4344 nummus
1064 4267 1234 4346 argenteus
1248 4261 1281 4323 in
1297 4261 1387 4324 Gaza
1402 4260 1504 4345 Regia

401 4357 584 4442 inscriptus,
600 4362 650 4425 M.
669 4364 856 4426 Amouuuus
876 4363 960 4427 Auo.
979 4386 1028 4425 rs.
1051 4364 1089 4427 P.
1110 4362 1217 4426 xxviii.
1264 4362 1389 4427 Visitur
1407 4370 1504 4446 caput

406 4460 562 4521 Antonini
576 4461 766 4527 laureatum.
803 4466 842 4527 ln
857 4464 981 4549 postica
997 4464 1105 4528 Rnare.
1121 4464 1205 4526 Aue.
1222 4464 1296 4526 Ius.
1312 4487 1354 4527 vr.
1367 4464 1449 4529 Coss.
1462 4464 1504 4526 iii.

401 4556 433 4621 id
450 4566 509 4634 0⁸b
525 4561 646 4644 Reliyio
660 4566 804 4647 Aapasti.
845 4566 994 4631 Cernitur
1010 4566 1190 4630 Mercurius
1205 4573 1305 4642 stans,
1322 4566 1376 4649 qui
1390 4566 1506 4630 dextra

402 4663 560 4746 pateram,
575 4670 609 4725 et
624 4661 754 4729 sinistra
768 4667 941 4732 mdueeum
957 4673 1055 4731 tenet.
1087 4666 1299 4732 Tribuniticm
1311 4668 1384 4731 Pot.
1397 4666 1504 4731 xxviii.
