3809 5650
562 668 610 732 IN
634 669 844 733 MELITON
850 671 892 733 IS
917 669 1226 733 FRAGMENTA.
1381 672 1444 732 143

344 841 367 872 ‘⁴
381 834 499 896 somine
509 834 637 897 Clavem
652 834 828 918 appcldzeit.
865 833 1040 918 L'ouvrage
1056 847 1161 897 estun
1176 835 1208 896 in
1223 842 1339 918 quarto
1354 856 1444 897 asser.

343 943 366 973 ‘⁶
382 935 493 1009 minoe,
510 935 672 997 d'environ
688 955 751 1019 300
766 956 863 1019 peges
878 957 918 997 en
933 935 1024 1010 velin,
1048 936 1128 998 dont
1150 936 1308 999 l'dcriture
1331 942 1381 999 est
1404 935 1444 997 de

344 1046 366 1075 “
382 1037 415 1099 la
428 1038 473 1099 fin
485 1037 527 1100 du
544 1056 606 1099 xri.
617 1058 658 1099 ou
674 1046 943 1099 commenoement
959 1037 1002 1098 du
1015 1058 1094 1099 xnr.
1105 1037 1209 1102 siecle.
1233 1037 1295 1101 Cet
1310 1058 1448 1119 ouvrage

345 1146 366 1176 ‘⁶
382 1160 422 1202 ne
443 1137 550 1222 peroit
573 1159 631 1222 pas
656 1135 788 1220 pouvoir
809 1137 879 1199 ὄντα
908 1136 1003 1199 όύοθ
1031 1138 1152 1220 grande
1182 1138 1319 1201 utiliter
1366 1138 1445 1199 Haee

343 1240 455 1304 attulit
479 1239 678 1302 Gellandius.
723 1237 862 1302 Constat
886 1245 1043 1321 praeterea
1066 1261 1105 1301 ex
1128 1238 1165 1301 cl.
1183 1239 1277 1301 Keilii
1302 1245 1381 1301 nota
1406 1239 1448 1300 ad

346 1341 571 1404 Harlesianam
586 1341 662 1403 edit.
678 1338 821 1403 Bitlutt.
841 1341 897 1401 Gr.
918 1337 1041 1401 Febr-le.
1057 1338 1117 1402 vol.
1130 1340 1180 1402 vii.
1197 1363 1227 1424 p.
1251 1356 1317 1423 150.
1343 1340 1448 1404 Chris·

346 1443 471 1506 tianum
489 1441 607 1525 Woog.
623 1441 878 1503 Dissertationum
900 1440 1034 1501 όυανυυν
1055 1441 1093 1502 dc
1107 1442 1251 1503 Melitene
1274 1449 1447 1515 auctorem,

347 1551 517 1627 postquam
554 1542 685 1606 Grusius
715 1540 936 1624 Gottingensis
973 1562 994 1602 a
1030 1542 1183 1623 promissa
1213 1541 1320 1606 Clavis
1357 1543 1449 1607 istius

346 1644 486 1707 editione
507 1650 611 1706 morto
633 1642 744 1704 fuisset
766 1642 972 1725 praepeditus,
995 1641 1078 1703 idern
1101 1640 1133 1703 in
1154 1664 1187 1704 so
1205 1642 1364 1726 suscipere
1384 1652 1448 1707 sta-

346 1745 460 1820 tuisse3
482 1765 591 1808 verum
606 1765 708 1828 neque
724 1743 807 1805 huno
822 1742 985 1826 promissis
1000 1742 1065 1805 suis
1081 1743 1220 1818 stetisse,
1236 1745 1292 1806 sed
1308 1752 1449 1809 tantum-

346 1847 442 1909 modo
457 1847 490 1910 iu
504 1846 722 1909 marano
737 1844 888 1922 Βοουυόο,
903 1866 933 1927 μ.
952 1862 1003 1909 21.
1019 1844 1212 1928 singulorum
1228 1845 1322 1927 hujus
1338 1847 1449 1931 scripti

347 1948 489 2032 capitum
519 1947 674 2031 syllabum
703 1946 837 2022 dedisse,
866 1953 900 2010 et
923 1968 953 2029 p.
977 1967 1029 2028 49.
1054 1969 1122 2029 cap.
1146 1946 1292 2030 primum,
1325 1947 1357 2009 in
1387 1970 1449 2031 quo

348 2050 491 2112 membra
505 2048 576 2111 Deo
587 2048 672 2132 patri
687 2047 719 2109 in
736 2046 901 2131 Scriptura
917 2047 949 2110 S.
966 2069 1023 2131 per
1038 2050 1303 2127 ἁνθρωποπαθείαν
1318 2049 1450 2126 tributa,

347 2149 425 2234 quid
452 2149 628 2235 significent·
654 2150 832 2233 exponitur,
862 2149 1042 2232 speciminis
1066 2149 1137 2212 loeo
1163 2149 1352 2213 exhibuisse.
1399 2151 1451 2214 Ex

348 2272 412 2335 quo
427 2251 553 2335 quidem
577 2251 746 2335 specimine
763 2251 888 2334 judicat
912 2251 949 2314 cl.
965 2251 1096 2326 Keilius,
1120 2274 1183 2314 non
1206 2274 1355 2337 magnam
1374 2276 1451 2317 sane

349 2351 410 2416 hac
426 2352 458 2415 in
473 2375 508 2416 re
519 2354 681 2437 jacturam
698 2353 807 2416 fecisse
822 2353 932 2415 orbem
952 2353 1143 2416 litteratum.

396 2455 433 2517 P.
453 2472 523 2516 121.
539 2455 559 2517 l.
580 2475 607 2517 1.
631 2456 730 2517 καὶτὰ
752 2456 886 2534 περὶτοῦ
902 2457 1058 2533 διαβόλου,
1082 2458 1129 2518 καὶ
1145 2460 1196 2533 τῆς
1218 2456 1450 2540 ἀποκαλύψεως]

351 2555 442 2618 Duos
470 2556 611 2620 diversos
632 2557 728 2619 luisse
749 2557 858 2632 libros,
883 2578 1017 2639 quorum
1043 2578 1124 2619 unus
1147 2557 1186 2618 de
1209 2556 1347 2631 diabolo,
1370 2557 1452 2621 alter

350 2657 391 2720 de
412 2659 593 2743 apocalypsi
623 2666 742 2742 ageret,
770 2680 809 2721 ex
841 2657 960 2721 Rufino
989 2665 1022 2721 et
1054 2658 1252 2741 Hieronymo
1282 2658 1451 2742 colligitur.

352 2763 486 2825 Srnorn.

397 2862 481 2927 Ibid.
495 2863 515 2925 l.
535 2882 564 2923 2.
587 2864 635 2926 καὶ
650 2865 666 2924 ό
681 2865 748 2942 περὶ
764 2862 936 2940 ἐνσωμότον
951 2861 1046 2945 Θεοῦ]
1080 2864 1154 2924 Hoc
1171 2861 1203 2922 in
1225 2861 1307 2923 libro
1323 2867 1452 2923 conten-

350 2963 450 3027 debat
472 2963 588 3027 Melito
604 2965 709 3026 Deum
732 2963 926 3047 corporalem
950 2984 1037 3037 esse3
1060 2963 1154 3046 idque
1177 2985 1217 3025 ex
1240 2962 1333 3024 variis
1356 2962 1452 3045 scrip·

352 3073 435 3128 turoe
456 3066 533 3129 locis
555 3065 793 3149 comprobabat.
839 3064 944 3133 Quem
967 3063 1092 3148 quidem
1119 3063 1283 3126 Melitonis
1313 3084 1451 3125 errorem

353 3168 468 3231 merito
493 3166 696 3252 reprehendit
719 3166 872 3249 Origenes
894 3166 926 3227 in
951 3164 1148 3248 expositione
1170 3165 1201 3227 in
1226 3164 1373 3227 Genesim
1403 3164 1453 3227 his

353 3269 476 3333 verbis:
500 3268 737 3350 προδιαληπτέον
757 3270 911 3348 πρότερον,
930 3272 988 3329 ποῦ
1009 3268 1196 3342 συνίσταται,
1217 3266 1250 3328 τὸ
1275 3264 1335 3328 κατ’
1353 3268 1453 3328 εἰκόνα

352 3372 389 3433 ἐν
399 3368 552 3449 eductui]
566 3372 599 3432 ἐν
610 3370 705 3454 ψυχῇ,
717 3372 824 3448 ἴδωμεν
834 3371 867 3431 δὲ
877 3369 1022 3448 πρότερον
1037 3369 1081 3433 οἶς
1094 3373 1233 3449 χρῶνται,
1248 3370 1276 3430 ol
1290 3367 1323 3428 τὸ
1338 3373 1454 3445 πρῶτον

353 3469 506 3550 λέγοντες·
531 3473 572 3533 ὧν
588 3471 653 3532 ἐστὶ
669 3472 715 3533 καὶ
737 3472 889 3544 Μελίτων,
905 3468 1122 3549 συγγράμματα
1138 3470 1371 3544 καταλελοιπὼς,
1388 3469 1455 3548 περὶ

354 3576 407 3633 τοῦ
423 3572 595 3651 ἐνσόματαν
612 3571 687 3634 εἶναι
702 3572 754 3634 τὸν
770 3572 862 3634 Θεόν·
878 3569 955 3648 μέλη
972 3573 1028 3650 γὰρ
1039 3574 1121 3634 Θεοῦ
1136 3572 1341 3648 ὀνομαζόμενα
1357 3571 1456 3649 εὑρίσ-

355 3696 456 3739 κοντες
480 3674 534 3735 &a
559 3694 629 3755 quae
652 3671 833 3734 referuntur
861 3693 881 3733 a
904 3670 1106 3735 Theodorito
1129 3671 1161 3734 in
1184 3694 1254 3754 cap.
1281 3691 1330 3736 20.
1355 3692 1455 3753 quaes·

355 3773 478 3838 tionum
507 3772 539 3836 in
563 3773 721 3837 Genesim.
768 3773 913 3836 Eundem
945 3772 1109 3835 Melitonis
1139 3793 1279 3834 errorem
1309 3771 1457 3835 observat

356 3875 540 3938 Gennadius
563 3875 595 3937 in
617 3874 698 3937 libro
720 3875 760 3937 de
782 3874 986 3958 dogmatibus
1010 3872 1261 3935 Ecclesiasticis:
1285 3871 1381 3933 Nihil
1394 3894 1455 3934 eor-

351 3997 477 4061 poreum
492 3977 525 4039 iu
546 3976 697 4039 Traicere
711 3976 878 4049 credamus,
893 3984 927 4035 ut
942 3974 1051 4035 Mella
1066 3982 1094 4035 et
1113 3971 1326 4034 Tertullianus.
1352 3970 1456 4032 Vsus-

355 4099 429 4140 srus.
475 4078 555 4140 Haec
572 4076 726 4153 Valesius,
741 4076 793 4160 qui
810 4083 917 4139 tamen
941 4074 972 4135 in
998 4073 1102 4156 priore
1126 4071 1265 4134 editione
1288 4091 1345 4134 sua
1361 4071 1457 4134 verba

354 4186 508 4254 verteret,
524 4177 636 4242 librum
651 4179 688 4241 dc
703 4177 920 4240 Iacentatioac
931 4175 1001 4237 Det.
1048 4173 1159 4236 Sedet
1175 4170 1228 4233 alii
1243 4170 1384 4254 plerique
1399 4173 1457 4235 viri

355 4280 443 4344 docti
459 4279 605 4365 Origenis
620 4280 813 4344 auctoritate
829 4276 948 4341 inducti
967 4276 997 4338 iu
1012 4275 1147 4338 alteram
1161 4273 1458 4355 interpretationem

355 4390 528 4446 cesserunt.
588 4387 699 4466 Atque
734 4379 897 4445 fatendum
928 4386 989 4453 est,
1018 4378 1078 4441 etsi
1107 4377 1179 4459 jure
1209 4373 1309 4458 possit
1339 4375 1458 4440 absolvi

355 4484 486 4547 erimine
516 4483 672 4546 sentiendi
699 4501 771 4544 cum
793 4481 962 4555 Audianis,
993 4479 1057 4542 sive
1089 4475 1458 4564 Anthropomorphistis,

356 4583 582 4657 Tertullianus,
608 4581 650 4666 (is
673 4580 725 4666 qui
749 4581 790 4643 ab
814 4580 938 4643 illorum
961 4600 1068 4643 errore
1098 4585 1165 4641 tam
1194 4576 1288 4659 longe
1315 4576 1459 4659 prolecto

355 4686 480 4762 aberat,
496 4694 534 4748 nt
551 4685 653 4747 Deum
669 4682 893 4765 impassibilem
907 4703 977 4745 esse
995 4686 1166 4756 statueret,
1183 4697 1298 4761 eorpus
1313 4682 1346 4738 et
1359 4682 1459 4739 mate-
