3809 5650
385 773 391 785 ι
478 688 528 752 ΙΝ
550 688 582 752 S.
605 688 914 753 APOLLINARIS
939 689 1126 753 HlERAP.
1152 688 1327 754 FRAGM.
1396 688 1462 754 1⁶7

355 881 396 924 ex
417 857 543 943 magnis
565 859 722 944 angustiis
737 880 757 921 a
769 858 839 923 Deo
853 859 1050 943 petivissent,
1064 861 1106 925 ab
1121 860 1234 925 iisdem
1249 859 1353 923 salvos
1367 858 1463 923 mira·

355 961 463 1025 bilitcr
487 961 591 1024 factos
617 961 714 1024 fuisse
739 982 803 1024 una
834 982 905 1024 cum
934 962 1214 1038 commilitonibus,
1244 961 1319 1023 dum
1352 960 1464 1025 hostes

355 1062 485 1126 barbari
500 1068 614 1125 contra
628 1062 788 1145 perirent;
813 1070 921 1126 utrum
936 1085 1011 1126 vcro
1026 1064 1058 1125 id
1072 1063 1219 1148 precibus
1234 1062 1375 1146 ipsorum
1390 1083 1463 1126 con·

356 1186 480 1228 cessum
499 1162 606 1238 suerit,
621 1162 723 1226 solum
745 1163 869 1227 novisse
892 1163 1017 1237 Deum;
1046 1165 1121 1248 quin
1137 1178 1180 1240 et,
1202 1163 1328 1227 etiamsi
1343 1185 1395 1226 res
1417 1162 1465 1226 ita
1566 1244 1571 1253 1

356 1265 499 1342 haberet,
526 1265 613 1349 quod
632 1264 828 1348 probabilius
846 1286 915 1328 esse
936 1265 1064 1329 minime
1087 1266 1279 1351 negaverim,
1305 1265 1378 1328 inde
1398 1287 1464 1327 uon

357 1365 468 1430 statim
482 1365 581 1449 sequi,
596 1374 634 1429 ut
648 1365 789 1428 divinum
803 1366 864 1429 hcc
875 1366 1062 1430 beneficium
1073 1367 1157 1431 inter
1169 1366 1322 1430 miracula
1336 1365 1464 1450 proprie

357 1467 446 1531 dicta
459 1465 580 1531 censeri
594 1466 720 1530 debeat.

401 1569 441 1633 P.
455 1588 525 1653 150.
545 1567 567 1630 l.
584 1587 613 1631 1.
637 1568 688 1630 Ex
713 1569 813 1631 Lraao
835 1591 874 1630 nn
897 1570 1074 1653 Pascusrn]
1103 1571 1144 1631 Iu
1168 1568 1371 1651 Proesatsbas,
1393 1587 1465 1651 quae

357 1676 502 1747 vocatur,
532 1667 675 1732 chronici
698 1670 876 1747 Pacetalis,
902 1670 968 1734 sive
992 1671 1213 1749 Alcscudriui,
1239 1670 1364 1733 duobus
1394 1668 1465 1732 istis

360 1771 549 1857 Apollinarii
564 1771 751 1855 fragmentis
766 1771 834 1835 haec
848 1772 945 1836 verba
966 1772 1131 1856 praemissa
1151 1778 1244 1836 sunt:
1268 1771 1327 1834 Καὶ
1339 1769 1466 1833 Ἀπολι-

360 1871 459 1952 νάριος
474 1876 506 1936 δὲ
526 1875 543 1936 ὁ
567 1873 728 1939 ὁσιώτατος
747 1875 909 1938 ἐπίσκοπος
922 1872 1121 1953 Ἱεραπόλεως
1139 1877 1189 1951 τῆς
1202 1872 1353 1945 Ἀσίας,ὁ
1375 1872 1468 1952 ἔγγὺς

359 1980 418 2038 τῶν
432 1976 641 2037 ἆποοτολικῶν
655 1975 774 2056 χρόνιον
788 1976 930 2056 γεγονὼς,
946 1976 980 2037 ἐν
995 1975 1035 2059 τῷ
1050 1975 1117 2054 περὶ
1132 1978 1185 2036 τοῦ
1199 1972 1315 2055 Πάσχα
1330 1974 1412 2055 λόγῳ
1428 1975 1467 2036 τὰ

359 2074 555 2156 παραπλήσια
574 2074 699 2152 ἐδίδαξε,
714 2075 816 2157 λέγων
835 2078 936 2143 οὕτως·
961 2081 1043 2138 ΕΙΣΙ
1058 2075 1160 2138 τοίνυν
1176 2077 1232 2137 bre.
1277 2076 1324 2137 Et
1344 2073 1467 2158 Apoltt

359 2175 470 2239 acrias
482 2175 687 2239 οααοίίςοίοιιιο
703 2176 901 2261 Hierapokcs
922 2177 1008 2239 Asis
1030 2176 1207 2259 Episcopatu,
1221 2176 1275 2260 qui
1296 2175 1469 2260 apostolicis

360 2276 538 2361 arpesia
545 2278 705 2363 ριοοθοαιισ
719 2279 801 2361 suit,
817 2279 851 2341 iu
866 2277 943 2341 b'bro
957 2298 1043 2362 quem
1062 2277 1098 2339 de
1113 2276 1265 2339 Postdate
1282 2277 1466 2361 wcscrt'prsu,

360 2387 554 2442 οοκοοοίατιοο
568 2378 680 2453 demit,
694 2379 772 2442 lisca
786 2378 903 2442 corbis:
928 2378 1116 2459 QUIDAM
1133 2378 1231 2462 igitur
1246 2388 1321 2442 sunt
1338 2381 1394 2442 &c

405 2478 587 2542 Iardnerus
601 2478 735 2555 interea,
749 2487 823 2564 post
840 2479 1078 2543 Tillemontium
1096 2480 1128 2541 in
1145 2480 1238 2542 Mam.
1254 2480 1366 2544 Ecclcs.
1385 2488 1464 2545 tom.

361 2581 394 2644 ii.
413 2604 444 2666 p.
459 2581 503 2645 iii.
527 2604 557 2666 p.
575 2601 629 2666 91.
656 2581 796 2645 tribucre
819 2581 886 2645 haeo
912 2582 976 2644 duc
1003 2581 1184 2665 fragmenta
1209 2581 1331 2645 mavult
1361 2581 1468 2646 Pierio

362 2681 582 2746 Alexandrino
604 2682 692 2745 tertii
716 2683 822 2747 saeculi
846 2682 1005 2766 scriptori,
1030 2682 1084 2766 qui
1107 2681 1224 2745 librum
1250 2682 1290 2745 dc
1314 2683 1467 2766 paschate

362 2782 551 2869 composuit.
597 2783 678 2847 Vide
703 2805 776 2848 eum
798 2785 848 2849 Dc
871 2784 955 2848 Fido
978 2784 1060 2848 Hist.
1082 2783 1203 2868 Εοοιιο.
1221 2782 1259 2845 P.
1273 2783 1321 2845 11.
1340 2790 1419 2847 tom.
1435 2782 1468 2846 ii.

363 2908 391 2950 c.
408 2886 459 2950 28.
477 2888 506 2968 ᾗ.
523 2906 571 2949 ιι.
612 2885 740 2951 Scilicet
761 2887 919 2951 nonnullis
944 2886 1021 2949 illud
1042 2885 1145 2970 ipsum
1165 2884 1365 2968 displicebat,
1382 2885 1467 2969 quod

363 2988 404 3052 de
417 2994 562 3072 tompore
581 2988 709 3073 paschae
723 2989 775 3052 hie
797 2989 971 3061 statuitur3
997 2987 1072 3051 nihil
1089 3009 1164 3051 vero
1184 2987 1287 3050 inesse
1308 2988 1469 3071 excerptis

363 3087 441 3151 mihi
465 3088 592 3173 quidem
615 3089 751 3167 videtur,
775 3091 859 3174 quod
879 3089 1065 3173 abjudicare
1086 3110 1125 3152 ea
1147 3089 1190 3153 ab
1210 3087 1391 3171 Apollinari
1410 3110 1470 3152 nos

365 3193 469 3272 cogat.
515 3187 627 3273 Neque
641 3190 764 3254 auctori
780 3190 986 3275 Praefatiouia
999 3189 1101 3275 magis
1116 3189 1302 3273 deneganda
1315 3194 1365 3252 est
1379 3189 1468 3266 fides,

366 3310 462 3372 quam
475 3288 544 3352 aliis
559 3297 739 3376 temporum
754 3294 925 3357 eorundem
940 3293 1157 3378 scriptoribus,
1173 3314 1213 3356 ex
1229 3312 1363 3376 quorum
1380 3291 1471 3356 tosti·

365 3387 473 3451 monio
494 3390 586 3454 multi
608 3392 728 3477 recepti
755 3401 830 3457 sunt
852 3393 923 3458 libri
947 3402 1100 3473 veterum,
1127 3415 1229 3477 neque
1254 3393 1296 3456 ab
1320 3391 1469 3470 Eusebio,

366 3510 469 3573 neque
489 3491 531 3554 ab
551 3490 614 3555 alio
628 3513 789 3576 quoquam
803 3495 972 3579 aequalium
992 3496 1061 3580 ejus
1081 3493 1268 3568 memorati;
1293 3491 1471 3577 praesertim

367 3612 465 3675 quum
487 3591 570 3655 infra
595 3601 720 3657 asserat
740 3594 906 3673 Eusebius,
927 3597 1106 3681 pervenisse
1132 3596 1174 3660 ad
1200 3618 1234 3659 se
1260 3616 1359 3679 opera
1384 3601 1473 3658 certa

368 3693 515 3776 quaedam
529 3715 569 3758 ex
584 3695 692 3758 multis
708 3696 896 3780 Apollinarii
911 3696 1010 3761 libris.
1056 3698 1172 3761 Itidem
1187 3697 1220 3759 in
1237 3696 1323 3760 notis
1341 3696 1382 3759 ad
1399 3697 1474 3758 Mn·

368 3815 491 3857 nrrcars
515 3794 711 3879 Fragmenta
731 3818 803 3881 pag.
819 3816 891 3882 137.
917 3798 1013 3861 verba
1035 3797 1148 3861 similia
1164 3797 1294 3860 Eusebii
1315 3798 1356 3859 de
1382 3798 1475 3859 Sera·

369 3894 472 3979 pionis
493 3897 642 3980 operibns
670 3897 796 3983 agentis
817 3898 979 3982 descripsi.
1028 3898 1132 3960 Immo
1157 3898 1294 3961 fortasse
1316 3917 1414 3958 unum
1433 3918 1474 3959 ex

369 3995 567 4080 Apollinaris
576 3997 665 4061 libris
680 3998 741 4062 illis
756 3999 896 4062 Eusebio
907 4020 1070 4083 nunquam
1085 3998 1159 4061 visis
1179 3998 1296 4061 lectum
1308 4018 1329 4059 a
1341 3995 1472 4074 Photio,

369 4098 497 4181 egregio
512 4098 634 4174 critico,
655 4098 728 4177 luit,
744 4100 804 4162 hoc
823 4106 883 4178 cst,
897 4099 965 4179 περὶ
986 4099 1145 4176 εὐσεβείας
1164 4118 1244 4180 opus
1267 4095 1300 4157 in
1316 4095 1393 4159 cod.
1406 4117 1472 4158 xrv.

369 4198 582 4272 recensitum3
607 4200 664 4263 scd
683 4200 744 4264 hac
759 4201 799 4264 de
819 4223 853 4265 re
875 4199 971 4284 poulo
992 4205 1076 4284 post.
1122 4196 1209 4261 Audi
1230 4201 1388 4281 praeterea
1403 4217 1475 4278 quae

371 4298 536 4363 Maximus
556 4301 686 4385 Ρνοὶοοο
709 4323 766 4364 suo
786 4302 819 4364 in
842 4303 944 4385 Opera
961 4302 993 4364 S.
1004 4299 1156 4382 Dionysio
1176 4303 1286 4381 Arcop.
1307 4295 1476 4380 adempta,

369 4400 515 4486 apprime
529 4401 592 4465 huc
603 4401 754 4465 facientia
768 4401 942 4486 scripserit.
990 4400 1164 4478 Πάμπολλο
1178 4402 1310 4480 παρῆκεν
1326 4396 1477 4475 Εὐσέβιος

371 4502 423 4565 οὐκ
439 4503 568 4566 ἐλθόντα
587 4507 668 4584 παρὰ
687 4510 790 4585 χεῖρας
810 4504 928 4569 οἰκείας·
954 4502 1072 4583 καὶγὰρ
1087 4501 1155 4564 οὔτε
1177 4498 1271 4580 φησὶν
1291 4498 1409 4562 ἅπαντα
1424 4523 1475 4561 κα·

372 4599 470 4679 θάποξ
485 4602 716 4684 σννογηοχέναι·
740 4607 861 4680 μᾶλλον
880 4628 916 4684 γε
930 4603 989 4682 μὴν
1009 4603 1154 4682 ὁμολογεῖ
1172 4601 1221 4663 καὶ
1236 4600 1359 4680 ἀριθμοῦ
1379 4598 1475 4678 κρείτ·

372 4725 446 4764 τονα
460 4705 573 4782 βιβλία
588 4701 767 4767 καθεστάναι
781 4707 919 4782 μηδαμῶς
933 4705 976 4769 είς
991 4701 1082 4765 αὐτὸν
1093 4701 1270 4778 ἐληλυθότα.
1291 4700 1339 4762 καὶ
1352 4703 1477 4762 πολλῶν
