3809 5650
447 711 498 777 IN
520 710 664 776 EPIST.
687 711 903 777 VIENNEN.
927 710 985 775 ET
1009 707 1274 776 LUGDUNEN.
1340 708 1403 771 891

310 881 422 944 Codex
436 880 611 945 Medicaeus
625 881 809 945 adverbium
829 881 920 945 addit
939 880 1000 945 hoo
1019 882 1114 944 modo
1133 882 1226 946 ὄντος
1246 879 1406 942 ἐπιδεικνύ-

308 1005 403 1059 μενοι.
443 982 554 1067 Neque
564 983 659 1046 aliter
669 983 768 1046 codex
781 983 868 1045 Maz.
881 980 964 1044 Fulr.
977 988 1012 1044 et
1025 979 1210 1044 Sarilianus.
1242 978 1406 1043 Vnussrus.

310 1082 416 1145 Addit
432 1083 594 1147 Strothius
607 1084 726 1147 Oodieis
742 1084 838 1146 Vena.
850 1089 883 1145 et
899 1081 1068 1165 Christopll.
1081 1083 1175 1145 Loctt
1188 1080 1407 1164 Nicsplcmm·

309 1204 373 1265 que,
389 1191 482 1248 notat
506 1206 580 1248 vero
603 1185 720 1248 habere
737 1184 906 1268 Borsqcrsii
926 1184 1020 1247 lectt
1042 1183 1075 1245 in
1095 1183 1145 1245 ed.
1166 1182 1284 1245 Gener.
1306 1184 1406 1247 orirer.

310 1282 456 1367 Denique
471 1285 581 1369 legisse
601 1288 693 1352 ὄντος
707 1285 832 1348 videtur
853 1306 893 1347 ex
911 1283 1176 1367 interpretatione
1195 1304 1253 1346 sua
1268 1283 1407 1365 Rufinus,

311 1386 396 1468 qued
417 1388 514 1451 etiarn
534 1387 679 1451 additum
698 1393 749 1450 est
769 1406 790 1449 a
812 1384 972 1469 Scaligero
992 1383 1036 1447 cd
1054 1404 1139 1447 οπαυν
1158 1384 1231 1447 edit.
1248 1384 1350 1468 steph.
1373 1385 1409 1446 in

313 1486 457 1551 Bibliotb.
474 1488 633 1551 Leidensi.
679 1488 743 1550 Sed
757 1487 908 1550 omissum
925 1485 1003 1548 illud
1018 1506 1087 1548 esse
1101 1485 1134 1547 in
1153 1485 1237 1548 codd.
1253 1486 1359 1549 Parsis.
1374 1493 1409 1548 et

311 1590 406 1672 Nors.
421 1591 519 1654 refert
535 1590 706 1654 Burtonus.

355 1691 393 1753 P.
401 1695 473 1774 296.
482 1691 505 1754 l.
520 1707 567 1774 15.
578 1693 825 1770 ἀποκαλυφθῆναι
835 1691 876 1754 είς
886 1687 972 1772 ἡμᾶς]
985 1686 1089 1750 Abest
1099 1706 1120 1749 a
1129 1685 1310 1770 Niccptoro.
1326 1688 1409 1749 Mox

309 1789 436 1876 legitur,
448 1792 582 1873 σωρηδὸν
593 1792 738 1869 πανδημεὶ
752 1792 789 1852 τὰ
801 1791 1002 1870 ἐπιφερόμενα
1013 1787 1072 1851 ἀπὸ
1082 1791 1136 1850 τοῦ
1146 1789 1252 1869 ὄχλου.
1276 1787 1407 1851 Srnoru.

357 1891 438 1953 ibid.
457 1890 478 1955 l.
499 1908 547 1973 17.
564 1889 748 1974 ἐπιβοήσεις]
768 1889 878 1952 Habet
899 1890 947 1952 καὶ
967 1890 1012 1952 ἐπ.
1034 1889 1110 1952 MS.
1131 1887 1231 1952 daed.
1247 1910 1302 1952 scu
1316 1890 1408 1955 Bodl.

313 1992 394 2056 Mox
409 1993 502 2056 abest
517 1994 564 2055 καὶ
580 1991 707 2071 συρμοὺς
720 2012 742 2054 a
759 1991 831 2053 MS.
847 1989 988 2072 Norsolo.

357 2093 396 2156 P.
413 2110 486 2177 297.
506 2091 528 2156 l.
550 2112 579 2157 2.
602 2093 651 2155 καὶ
673 2092 878 2175 συγκλείσας]
906 2091 981 2153 Nou
1004 2109 1133 2173 possum
1155 2089 1292 2172 probare
1314 2089 1409 2155 inter

313 2194 525 2277 pretationem
550 2193 650 2277 Langi
674 2198 708 2255 et
731 2191 1023 2275 christophorsoni,
1049 2190 1102 2275 qui
1127 2193 1318 2271 συγκλείσας
1343 2214 1411 2256 car-

313 2317 400 2359 ceres
420 2302 558 2359 vertunt.
603 2294 668 2358 Hic
687 2293 770 2356 enim
790 2293 893 2376 primo
912 2292 983 2357 loco
1005 2300 1210 2358 recensentur
1232 2293 1354 2377 injurioe
1377 2302 1412 2359 et

312 2396 409 2473 mala,
425 2416 496 2479 quae
511 2418 531 2458 a
549 2396 692 2458 conserta
711 2395 818 2478 populi
838 2394 1042 2458 multitudine
1065 2394 1284 2458 inferebantur
1306 2395 1412 2460 Ghris-

314 2496 420 2558 tionis.
459 2495 497 2557 ln
513 2496 626 2578 quibus
640 2516 748 2557 carcer
762 2495 865 2557 locum
880 2494 997 2558 habere
1012 2517 1076 2557 non
1090 2502 1209 2579 potest.
1258 2496 1411 2559 Judieum

313 2596 438 2678 quippe,
463 2616 527 2657 non
552 2594 660 2678 populi
687 2601 769 2669 erat,
791 2616 863 2657 reos
887 2596 1006 2658 carceri
1030 2597 1223 2680 mancipare.
1279 2598 1411 2661 Rectius

314 2718 390 2781 ergo
409 2698 545 2759 Rufinus
567 2694 673 2769 vertit,
689 2694 835 2757 cmwbtdi.
879 2696 943 2758 Sed
964 2704 993 2759 ct
1014 2695 1175 2772 οσνόυνσή,
1192 2697 1306 2780 inquit,
1321 2720 1352 2761 sc
1374 2698 1413 2762 cd

312 2799 386 2872 illis,
407 2819 445 2861 ce
468 2796 616 2881 lapidari,
637 2804 665 2859 st
686 2794 832 2874 concludi,
846 2797 1004 2880 patienter
1025 2796 1220 2880 sennes.
1266 2798 1412 2863 Gentiles

314 2900 398 2962 enirn
413 2898 611 2962 Christianos
626 2896 711 2959 intra
726 2897 837 2959 domos
856 2918 930 2959 suas
949 2896 1191 2973 concludebant,
1208 2899 1284 2960 dum
1303 2919 1324 2960 a
1344 2898 1413 2962 foro

318 3006 352 3062 et
366 2998 486 3063 balneis
500 3020 554 3061 eos
572 3004 729 3073 arcerent,
743 3018 801 3060 nec
822 2995 855 3059 in
874 2997 1035 3080 publicum
1058 2996 1185 3081 prodire
1208 2998 1359 3076 sinerent,
1376 3007 1414 3064 ut

317 3099 554 3183 supradictum
574 3104 633 3161 est.
679 3097 770 3160 Infra
788 3106 896 3161 tamen
918 3100 1109 3178 σνγκλείσεις
1131 3119 1191 3181 pro
1214 3119 1340 3163 carcere
1363 3122 1414 3163 su-

316 3207 455 3263 muntur.
479 3198 643 3261 Vsuasrus.
689 3197 797 3261 Nescit
812 3219 919 3261 vocem
934 3200 1124 3279 σνγκλείσεις
1140 3198 1289 3283 Scaligeri
1307 3200 1379 3264 MS.

362 3300 444 3363 Ibid.
455 3298 476 3362 l.
489 3314 520 3384 5.
532 3306 591 3362 τῶν
605 3301 831 3379 προεστηκότων
840 3303 889 3377 τῆς
903 3299 1020 3364 πόλεως
1031 3299 1184 3383 ἐξουσιῶν]
1202 3299 1415 3383 Magistratus

316 3400 520 3484 municipales
534 3398 692 3482 iutelligit,
702 3399 757 3483 qui
771 3400 869 3465 etiam
884 3400 1039 3463 duumviri
1054 3400 1252 3464 dicebantur.
1298 3402 1414 3482 Quam·

316 3504 363 3567 vis
377 3510 485 3566 autem
501 3502 636 3581 ἐξουσίας
650 3521 706 3565 seu
720 3501 891 3585 potestatis
902 3503 1099 3579 vocabulum,
1110 3503 1176 3566 iere
1187 3503 1227 3565 de
1241 3503 1415 3587 majoribus

311 3603 472 3687 judicibus
487 3601 548 3664 diei
568 3601 658 3678 solet,
674 3601 727 3685 qui
747 3602 867 3665 habent
881 3602 936 3686 jus
956 3603 1065 3687 gladii,
1079 3609 1117 3665 ut
1139 3603 1233 3665 docet
1255 3602 1415 3687 Ulpianus

318 3703 351 3765 in
377 3701 471 3766 titulo
494 3701 534 3765 de
556 3702 787 3784 jurisdictione,
810 3711 844 3767 et
869 3704 909 3766 de
934 3704 1102 3767 verborum
1124 3702 1414 3787 significationibus,

317 3814 427 3867 tamen
451 3803 490 3866 de
513 3801 754 3887 magistratibus
774 3803 872 3866 etiem
895 3803 1137 3887 municipalibus
1162 3810 1346 3886 usurpatur,
1360 3802 1415 3886 qui

317 3904 479 3968 habebant
500 3904 657 3966 modicam
680 3903 912 3979 coercitionem,
935 3910 973 3966 ut
996 3904 1168 3987 loquuntur
1187 3902 1414 3986 jurisconsulti.

317 4005 369 4068 Sic
390 4005 476 4087 apud
491 4004 688 4080 Juvenulem,
706 4002 929 4086 Gabiorumque
947 4023 1006 4065 ease
1019 4011 1159 4086 potestas.
1202 4002 1291 4066 Infra
1305 4002 1415 4067 ubido

316 4104 467 4179 Pothino,
483 4105 632 4166 πολιτικαὶ
647 4106 778 4182 ἐξουσίαι
793 4104 951 4167 dicuntur.
977 4102 1140 4165 Vnnssrus.

360 4203 444 4265 Ibid.
459 4203 478 4265 l.
497 4219 525 4284 7.
543 4203 598 4268 ἕως
616 4208 667 4281 τῆς
685 4208 736 4265 τοῦ
755 4204 902 4284 ἡγεμόνος
921 4201 1100 4287 παρουσίας]
1124 4201 1296 4266 Prcrss'dcm
1318 4201 1416 4265 vertit

316 4303 470 4366 Rufinus:
494 4324 565 4386 quae
587 4324 649 4365 vox
671 4303 850 4387 generalem
874 4302 973 4366 habet
997 4301 1270 4386 significationem,
1284 4300 1416 4385 perinde

314 4425 353 4466 ac
370 4404 495 4466 Graeca.
540 4402 659 4466 Omnes
677 4402 760 4466 enirn
781 4403 1011 4487 provinciarum
1030 4409 1170 4465 rectores
1189 4401 1237 4465 ita
1255 4401 1416 4485 appellau-

316 4512 379 4581 tur,
396 4526 452 4567 seu
466 4511 687 4588 procuratores
701 4503 775 4576 sint,
788 4524 844 4566 seu
858 4502 1071 4586 proconsules,
1087 4524 1143 4566 seu
1157 4501 1254 4587 legati
1271 4502 1415 4567 Oaesaris.

315 4605 465 4669 Dubitari
481 4606 590 4689 itaque
604 4603 719 4668 merito
734 4611 851 4687 potest,
863 4603 1038 4689 cujusmodi
1050 4603 1102 4667 hie
1116 4603 1213 4667 fuerit
1227 4609 1333 4668 rector
1343 4625 1416 4688 pro·

315 4704 425 4767 vincire
439 4703 668 4788 Lugdunensis.
690 4704 850 4786 Equidem
859 4702 1007 4768 existimo
1015 4703 1156 4788 legatum
1166 4703 1300 4769 Goesaris
1309 4703 1414 4767 fuisse.

813 4825 833 4865 U
848 4824 869 4867 u
888 4822 906 4869 2
