3809 5650
451 645 495 714 90
688 643 883 710 ΑΝΝΟΤΤ.
908 645 959 709 ΙΝ
982 645 1168 713 AGRIPP.
1192 645 1317 713 OAST.

450 833 530 896 quos
557 811 744 876 adduxisset
772 832 879 876 secum
907 811 1064 877 Basilides
1092 813 1134 876 ab
1164 813 1286 878 oriente
1308 813 1549 877 Alexandriam.

451 913 523 978 Vid.
554 933 635 997 opus
665 912 819 978 Lardneri
849 921 1033 998 postumum
1063 914 1200 999 Anglice
1229 913 1395 998 scriptum
1421 914 1471 978 cui
1497 917 1548 981 tit.

448 1017 673 1081 Hoeretioorma
694 1016 845 1090 Hestoric,
870 1016 924 1080 lib.
946 1016 978 1080 ii.
1001 1038 1072 1101 cap.
1096 1035 1125 1082 a.
1149 1023 1226 1081 sect.
1251 1035 1303 1100 31.
1348 1016 1550 1082 Baroabbam

447 1125 557 1184 autem
566 1118 756 1204 prophetam
767 1119 926 1202 quendam
937 1118 1098 1183 Gnosticis
1107 1117 1266 1195 attribuit,
1275 1119 1404 1203 ejusque
1414 1119 1549 1183 nominis

448 1227 578 1306 etymon
598 1223 702 1299 docet,
718 1219 925 1305 Epiphanius,
942 1219 975 1282 in
990 1219 1106 1284 Heres.
1122 1219 1219 1285 xxvii.
1235 1241 1320 1284 num.
1337 1240 1366 1285 ν.
1382 1242 1413 1304 p.
1429 1219 1481 1306 83.
1497 1222 1547 1285 ed.

448 1323 585 1389 Petavii.
639 1323 713 1388 Hoc
739 1322 873 1407 denique
897 1322 1026 1399 notabo,
1047 1321 1080 1384 in
1100 1321 1208 1386 multis
1230 1329 1299 1386 tam
1321 1321 1428 1385 Rufini
1451 1344 1548 1406 quam

448 1423 636 1508 Hieronymi
658 1423 818 1489 codicibus
840 1422 982 1487 exhiberi
1003 1422 1072 1486 haec
1094 1423 1224 1488 uomina
1245 1423 1290 1488 sio
1312 1424 1441 1508 scripta,
1463 1426 1546 1488 Bar-

446 1524 564 1591 stata
580 1531 615 1590 et
628 1523 759 1603 Βατοοό,
773 1525 830 1589 sed
843 1523 1039 1589 Barctabam
1055 1531 1089 1589 et
1103 1524 1277 1590 Barctatos
1290 1525 1323 1589 in
1337 1526 1420 1590 Hirr.
1436 1526 1547 1612 Itrptrri

446 1628 522 1692 MS.
545 1628 748 1692 membraneo
770 1627 901 1714 Oollegii
924 1628 958 1692 S.
982 1628 1125 1714 Magdal.
1146 1629 1273 1693 Oxonii.
1320 1629 1431 1695 Habet
1453 1636 1546 1711 Βαρκ-

448 1734 547 1809 καβᾶν
568 1750 641 1794 cum
666 1730 868 1794 circumflexo
888 1731 958 1795 cod.
984 1730 1088 1796 Paris.
1109 1730 1130 1795 i.
1154 1730 1188 1793 in
1207 1752 1299 1795 usum
1323 1731 1460 1796 Burtoni
1483 1731 1546 1795 col-

445 1830 542 1908 latus,
558 1836 740 1916 Βαρχαχεᾶς
753 1853 812 1916 pro
832 1833 962 1914 Βαρκωφ
975 1853 1057 1896 unus
1077 1854 1095 1897 e
1115 1832 1206 1896 codd.
1223 1831 1417 1897 Florentinis
1430 1853 1452 1897 a
1466 1833 1546 1897 Gro-

446 1933 541 1998 norio
555 1933 717 2020 inspeetis.
759 1931 877 1998 Totum
891 1941 1000 1999 autem
1015 1933 1103 1999 istud
1124 1956 1225 2020 usque
1245 1935 1289 2000 ad
1308 1957 1417 1999 vocem
1437 1961 1546 2014 συστη-

333 2019 339 2029 ’
447 2034 581 2116 νόμενον
595 2035 629 2099 in
643 2035 751 2099 codice
766 2034 896 2100 Eusebii
907 2036 999 2101 Bodl.
1015 2058 1070 2101 seu
1086 2037 1186 2102 Saeil.
1201 2037 1353 2102 omissum
1367 2044 1429 2103 est.

489 2137 529 2201 P.
545 2136 598 2220 87.
614 2138 635 2201 l.
653 2158 702 2202 10.
718 2138 767 2202 καὶ
784 2138 896 2206 ἄλλους
916 2137 1117 2221 ἁνυπόρκτους
1135 2140 1231 2225 τινας]
1248 2141 1386 2205 Frustra
1404 2138 1545 2204 Christo

445 2239 623 2323 phorsonus
636 2238 755 2323 ααροίοο
768 2238 819 2302 hic
833 2239 976 2318 inseruit,
992 2241 1083 2325 quasi
1102 2241 1136 2306 in
1155 2241 1286 2307 Eusebii
1307 2248 1401 2306 textu
1425 2240 1546 2325 aliquid

445 2342 580 2406 deesset.
627 2339 749 2405 Verum
763 2339 921 2406 Eusebius
935 2348 1064 2408 tantum
1078 2343 1118 2408 de
1132 2344 1297 2429 prophetis
1310 2341 1452 2427 loquitur
1465 2364 1546 2427 quos
1639 2332 1642 2337 ⁴

444 2442 505 2508 subi
530 2449 727 2508 commentus
755 2442 862 2508 luerat
888 2443 1054 2510 Basilides.
1099 2446 1210 2530 Atque
1235 2446 1283 2510 ita
1307 2445 1391 2509 huno
1414 2441 1545 2508 Eusebii

444 2545 549 2610 locum
569 2551 761 2629 acceperrmt
784 2545 1002 2632 Hieronymus
1024 2547 1058 2611 in
1079 2547 1245 2633 Oatalogo,
1266 2546 1321 2612 ubi
1343 2547 1384 2611 de
1398 2546 1545 2631 Agrippa

444 2646 579 2712 Castore
603 2645 752 2732 loquitur,
776 2652 810 2711 et
831 2647 1046 2712 Theodoritus
1070 2648 1104 2713 in
1125 2648 1180 2714 lib.
1203 2649 1231 2712 Ι.
1254 2648 1477 2714 haereticarum
1498 2645 1544 2710 la·

443 2748 600 2828 bularum,
616 2754 650 2813 et
665 2747 863 2834 Nicephorus
877 2749 910 2813 in
924 2749 1007 2814 libro
1022 2755 1147 2835 quarto.
1191 2752 1353 2813 Vanusrus.

487 2849 570 2915 Ibid.
585 2850 608 2914 l.
627 2852 706 2915 16.d
723 2850 886 2937 εἰρημένος]
902 2854 918 2915 ὁ
935 2854 1093 2934 Εἰρηναῖος
1110 2852 1312 2937 Nicephorius,
1327 2850 1384 2915 sed
1399 2849 1493 2925 male,
1510 2856 1544 2912 et

444 2952 561 3018 erroris
582 2952 737 3039 originem
760 2952 859 3018 habes
881 2953 914 3017 in
937 2953 1027 3019 MSti
1047 2953 1187 3020 Norlolo.
1208 2954 1368 3038 scriptura
1389 2955 1406 3015 d
1430 2950 1544 3033 εἰρημέ-

445 3080 537 3122 ναιος.

487 3155 572 3218 Ibid.
587 3155 608 3218 l.
623 3171 676 3239 32.
693 3156 720 3219 si
730 3156 828 3240 juxta
848 3158 1033 3222 Graecorum
1053 3178 1219 3221 numerum
1232 3160 1436 3241 supputetur]
1459 3158 1542 3220 Con·

442 3254 529 3320 sulas
557 3276 655 3339 supra
679 3255 722 3320 ad
744 3257 931 3340 Hieronymi
960 3259 1000 3322 de
1029 3257 1178 3342 Agrippa
1206 3255 1339 3320 Castore
1368 3255 1543 3339 capitulum

444 3354 603 3419 Massueti
627 3361 748 3420 notam
806 3356 968 3421 “Eodem
1000 3358 1151 3444 Agrippae
1179 3356 1294 3434 libro,''
1325 3355 1372 3420 ait
1403 3355 1542 3420 Grabius

441 3455 958 3542 aptat.v01.·1i.p.126.“et
990 3460 1150 3525 Isidorum
1182 3456 1331 3523 Basilidis
1361 3456 1461 3520 filium
1493 3479 1541 3521 re-

442 3557 619 3622 “l'utatum
633 3579 711 3631 esse,
728 3558 787 3623 vin
778 3559 931 3645 quidam
946 3563 1062 3628 erudit‘
1038 3571 1064 3628 1
1078 3562 1274 3647 collegerunt
1288 3582 1328 3625 ex
1347 3559 1541 3623 Theodoreti

442 3665 462 3696 “
476 3657 529 3722 lib.
552 3658 581 3721 1.
607 3658 731 3724 Haeret.
756 3660 869 3726 Fabul.
895 3684 965 3748 oap
988 3683 1022 3745 4
1068 3663 1131 3727 Sed
1155 3662 1250 3746 hujus
1272 3660 1370 3724 verba
1391 3659 1542 3743 ambigua

441 3771 463 3795 ‘⁶
478 3767 570 3825 sunt:
593 3781 696 3844 neque
717 3760 778 3827 hae
798 3764 838 3827 de
857 3786 893 3828 re
912 3764 1064 3829 certiores
1082 3763 1152 3829 fieri
1171 3783 1350 3848 possumus,
1365 3759 1439 3843 quia
1459 3759 1541 3823 liber

441 3868 463 3902 ‘⁴
477 3861 632 3948 Agrippas
646 3885 777 3948 prorsus
790 3864 895 3949 periit,
911 3866 1154 3952 necquicquam
1171 3864 1239 3948 ejus
1257 3869 1402 3947 superest
1422 3867 1542 3946 praeter

440 3961 541 4028 “ista
559 3986 600 4028 ex
615 3964 755 4030 Eusebio
771 3966 1063 4052 Hieronymoque.”
1109 3965 1217 4030 Verba
1236 3963 1429 4028 Theodoreti
1451 3970 1538 4041 sunt,

440 4067 499 4130 Kal
508 4066 660 4148 Ἰσίδωρος
675 4070 707 4131 δὲ
722 4069 739 4131 d
755 4072 807 4132 τοῦ
819 4070 982 4133 Βασιλίδου
995 4068 1067 4141 υίὸς,
1083 4066 1158 4146 μετά
1173 4091 1252 4132 τινος
1267 4065 1406 4145 ἑπιθήκης
1420 4066 1475 4144 τὴν
1486 4071 1539 4128 τοῦ

438 4167 550 4250 πατρὸς
562 4169 748 4249 μυθολογίαν
763 4171 914 4251 ἐκράτυνε·
931 4173 1178 4250 καταγωνίζονται
1188 4169 1221 4231 δὲ
1231 4169 1363 4245 τούτους,
1372 4168 1540 4249 Ἀγρίππας

438 4267 520 4330 ὁκαὶ
537 4268 663 4350 Κάστωρ
684 4270 817 4349 ἐπίκλην,
835 4272 883 4335 καὶ
902 4274 1069 4352 Είρηναῖος,
1086 4269 1135 4333 καὶ
1158 4267 1280 4348 Κλήμης
1300 4270 1316 4331 ὁ
1337 4268 1538 4349 Στρωματεὺς,

438 4368 487 4431 καὶ
510 4366 679 4449 Ὠριγένης,
704 4375 755 4450 τῆς
780 4374 922 4449 ἀληθείας
946 4374 1196 4454 ὑπερμαχοῦντες.
1243 4369 1330 4433 Dum
1351 4390 1425 4432 vero
1450 4367 1539 4431 aliud

437 4474 595 4551 praeterea
608 4491 688 4554 opus
703 4482 815 4537 contra
826 4473 994 4538 haereticos
1003 4473 1045 4538 ab
1059 4474 1206 4559 Agrippa
1216 4471 1431 4555 conscriptum
1441 4470 1538 4535 fuisse

437 4588 478 4632 ex
503 4568 553 4633 his
576 4570 681 4634 verbis
704 4572 823 4657 colligit
846 4574 975 4639 Ceillier
992 4575 1130 4639 Histoire
1155 4573 1304 4637 aereae
1329 4573 1379 4635 da
1401 4574 1537 4635 Ardeam

437 4668 551 4733 Ecetra.
567 4676 654 4735 tome
671 4672 699 4735 1.
715 4693 744 4755 p.
761 4675 834 4756 692.
850 4674 883 4737 id
896 4674 975 4738 mihi
990 4674 1116 4759 quidem
1132 4696 1196 4737 non
1211 4672 1391 4757 persuadet.
