3809 5650
538 707 587 772 IN
609 707 906 790 QUADRATUM
930 708 989 773 ΕΤ
1012 709 1282 775 ARISTIDEM.
1404 709 1448 783 79

390 874 474 939 Ibid.
502 874 522 937 l.
547 895 597 938 11.
624 876 792 962 dolrem]
825 877 927 942 Periit
954 877 1035 941 eheu
1064 877 1225 962 egregium
1254 877 1342 942 istud
1373 880 1446 961 ety-

344 1001 474 1056 γραμμα,
494 975 635 1060 nihilque
656 977 725 1062 ejus
746 987 902 1063 superest,
925 985 1043 1064 praeter
1064 977 1202 1055 unicum,
1225 978 1446 1043 brevissimum

344 1078 482 1162 quidem,
497 1085 534 1142 at
554 1078 658 1142 nobile
678 1079 901 1165 fragmentum,
916 1081 1003 1166 quod
1022 1080 1113 1144 nobis
1133 1082 1330 1145 conservavit
1347 1082 1446 1146 Euse-

344 1179 415 1243 bius
434 1179 503 1243 loco
525 1180 620 1242 modo
635 1181 745 1245 citato.
791 1182 891 1246 Plura
905 1184 1069 1259 darentur,
1085 1182 1112 1246 si
1132 1183 1320 1266 superstites
1340 1190 1447 1247 essent

343 1281 475 1346 alterius
502 1281 641 1358 Eusebi,
668 1305 730 1346 sec.
749 1283 790 1347 vi.
821 1282 973 1368 Episcopi
996 1283 1300 1361 Thessalonicensis,
1325 1283 1398 1346 libri
1412 1305 1445 1347 x.

344 1390 457 1448 contra
484 1384 648 1447 Andr-eam
676 1385 881 1462 Monachum,
909 1391 1022 1470 utpote
1047 1406 1142 1470 quem
1171 1384 1323 1466 Κοδράτου
1347 1385 1446 1450 verba

343 1485 526 1550 adversario
555 1485 738 1570 opposuisse
767 1507 915 1570 expresse
943 1493 1084 1550 testatur
1114 1486 1249 1550 Photius
1278 1488 1348 1551 cod.
1373 1490 1445 1553 162.

345 1587 466 1652 Verum
482 1609 583 1672 neque
598 1586 631 1650 hi
647 1587 787 1662 Eusebii,
803 1610 861 1652 nec
876 1590 1029 1668 Andreae,
1045 1589 1099 1673 qui
1116 1588 1228 1653 itidem
1245 1589 1445 1669 Quadratum

344 1690 459 1778 citasse
474 1690 611 1766 videtur,
627 1689 698 1753 libri
715 1688 851 1774 uspiam,
868 1691 952 1774 quod
968 1712 1028 1775 ego
1048 1689 1155 1767 sciam,
1172 1697 1315 1767 exstant,
1331 1691 1446 1756 saltem

343 1791 394 1856 hic
415 1791 530 1856 Oxonii
550 1812 613 1854 non
633 1791 846 1874 reperiuntur,
861 1813 918 1856 uec
942 1791 1077 1855 Vienna
1099 1791 1133 1853 in
1154 1790 1354 1855 Bibliotheca
1377 1793 1445 1856 Oae-

343 1915 445 1969 sareu,
462 1914 563 1976 noque
586 1892 719 1956 Parisiis
740 1892 773 1955 in
795 1892 905 1978 Regia.
953 1893 1099 1957 Indicare
1114 1899 1223 1956 tamen
1244 1891 1277 1955 id
1298 1892 1393 1971 volui,
1409 1902 1446 1958 ut

344 1994 370 2058 si
393 1994 476 2058 torte
502 1992 671 2078 quispiam,
694 1993 744 2057 cui
766 1994 1062 2078 perlustrandorum
1083 1994 1117 2057 in
1140 1993 1211 2058 aliis
1238 1993 1445 2058 Bibliothecis

343 2095 494 2161 Codicum
512 2095 805 2178 Manuscriptorum
820 2096 916 2159 datur
930 2095 1033 2179 copia,
1048 2095 1081 2158 in
1096 2095 1199 2160 dictos
1217 2094 1315 2158 libros
1329 2094 1444 2159 alicubi

343 2197 475 2272 incidat,
491 2197 524 2259 id
538 2195 599 2260 sibi
614 2196 734 2280 negotii
749 2197 876 2259 omnino
891 2197 1003 2260 datum
1018 2197 1109 2274 sciat,
1125 2202 1163 2259 ut
1177 2196 1226 2261 vel
1237 2195 1379 2281 integros
1390 2219 1445 2261 eos

344 2298 514 2375 describat,
531 2304 589 2363 aut
608 2297 721 2362 saltem
740 2297 879 2362 laudatae
895 2297 1052 2379 Quadrati
1068 2297 1234 2382 Apologiae
1252 2319 1291 2361 ac
1311 2298 1446 2361 aliorum

343 2421 364 2463 a
387 2400 506 2463 Photio
531 2399 766 2462 nominatorum
790 2399 937 2477 Petrum,
961 2421 1075 2485 nempe
1100 2399 1253 2463 Mctdodii
1276 2400 1443 2483 Martyris,

343 2500 519 2578 Athanasii,
536 2501 633 2564 trium
656 2501 881 2584 Gregorioram,
902 2500 1136 2585 Tidamatarpi,
1162 2499 1300 2584 Theobpi
1318 2509 1347 2563 ct
1365 2501 1446 2584 Epi·

343 2604 423 2688 accpi
438 2603 582 2686 Nysacai,
596 2602 724 2678 Basilii,
737 2602 870 2666 Joaaais
887 2602 1093 2686 Oirpsoatcmi,
1113 2602 1225 2686 aprica
1235 2602 1446 2666 Alexandrini

343 2712 377 2769 ct
392 2703 500 2768 Procli
517 2703 842 2788 Omtaatiacpolitaai
857 2704 1033 2767 sententias
1047 2703 1121 2767 inde
1135 2712 1298 2789 excerpat,
1312 2712 1346 2767 et
1361 2705 1444 2767 bono

343 2806 469 2891 publico
484 2805 705 2870 communicet.
740 2804 900 2870 Caeterum
915 2805 969 2890 qui
985 2805 1252 2892 Martyrologium
1268 2806 1327 2870 sub
1341 2829 1445 2870 emen·

344 2908 406 2971 tito
423 2908 518 2971 Bedae
534 2908 661 2972 nomine
675 2908 785 2986 edidit,
801 2908 869 2972 haec
885 2909 926 2971 ad
942 2908 1027 2971 diem
1043 2911 1093 2971 26.
1111 2908 1192 2971 Maii
1207 2908 1326 2972 habet:
1348 2908 1448 2992 Apud

343 3008 479 3073 Atdcaaa
493 3010 534 3072 B.
556 3010 709 3087 Quadrati
727 3010 881 3094 Episcopi.
926 3010 990 3073 Hic
999 3009 1151 3091 ‚firmavit
1171 3018 1205 3071 at
1225 3008 1313 3072 aallc
1335 3029 1401 3071 asca
1424 3032 1445 3073 a

345 3110 531 3173 Christiania
545 3111 768 3195 repudiaretur,
784 3134 855 3196 qaoe
874 3111 1037 3175 ratioaalia
1050 3121 1078 3174 ct
1096 3110 1232 3173 iactans
1253 3120 1302 3173 cat.
1348 3109 1445 3173 Unde

344 3208 427 3273 forte
441 3210 555 3294 aliquis
569 3212 715 3296 colligere
734 3220 854 3297 posset,
870 3212 903 3275 in
918 3211 1076 3290 Quadrati
1092 3211 1251 3296 Apologia
1270 3210 1330 3275 hac
1349 3211 1389 3274 de
1409 3231 1445 3274 re

343 3317 452 3374 actum
475 3311 581 3376 inisse.
627 3313 691 3376 Sed
713 3314 864 3397 suspicor,
881 3313 1169 3377 consarcinatorem
1188 3313 1286 3376 istum
1305 3333 1353 3385 ea,
1373 3333 1444 3395 quae

345 3411 384 3474 de
408 3410 580 3477 Eleuthero
605 3413 763 3499 Episcopo
788 3415 933 3479 Romano
955 3416 1067 3479 eadem
1087 3414 1138 3478 die
1157 3414 1191 3477 in
1212 3412 1444 3498 Martyrologio

344 3509 490 3575 Romano
505 3513 663 3589 dicuntur,
680 3514 852 3599 improvide
867 3517 909 3579 ad
925 3516 1125 3596 Quadratum
1140 3514 1302 3579 retulisse:
1322 3513 1445 3578 dictum

345 3612 428 3676 enim
455 3615 579 3697 Papam
616 3615 691 3679 talis
720 3616 880 3700 dogmatis
909 3623 1179 3702 propugnatorem
1213 3615 1290 3681 lacit
1319 3636 1444 3700 quoque

345 3716 548 3795 Anastasius,
563 3717 642 3780 alios
657 3724 694 3781 nt
709 3724 844 3781 taceam.
868 3719 1017 3781 Gnaarus.

743 3934 1033 3979 ..4-

388 4108 426 4174 P.
441 4115 492 4188 76.
508 4110 528 4173 l.
541 4132 571 4194 9.
590 4110 761 4195 Aristides]
782 4111 934 4188 Additur,
950 4118 1035 4175 teste
1055 4116 1128 4194 post
1150 4107 1329 4171 launoium
1343 4104 1367 4167 J
1369 4126 1440 4168 oan.

345 4209 477 4290 Dnllaeo,
507 4234 569 4276 vox
597 4212 798 4287 Atheniensis,
829 4219 924 4295 prout
956 4210 1131 4274 Aristidem
1159 4207 1300 4292 appellat
1329 4205 1443 4269 Hiero-

345 4335 466 4399 nymus,
481 4316 531 4377 Dc
555 4314 639 4377 Viris
653 4314 708 4377 Ill.
725 4314 758 4376 in
775 4312 875 4378 veteri
892 4312 1051 4376 Patavina
1069 4309 1208 4373 aditione
1225 4306 1444 4390 Martyrolopii

345 4414 481 4478 Romani
495 4415 579 4479 circa
598 4437 672 4478 ann.
694 4434 784 4498 1500.
830 4413 946 4478 Deleta
968 4420 1076 4476 autem
1094 4411 1162 4474 haec
1182 4409 1288 4473 omnia
1307 4414 1382 4471 sunt
1404 4408 1443 4470 de

346 4515 498 4603 Dionysio
513 4518 546 4581 in
561 4516 753 4582 editionibus
767 4518 908 4601 ejusdcm
923 4513 1140 4599 martyrologii
1156 4511 1354 4584 recentibus;
1381 4531 1443 4593 quo

346 4619 484 4693 consilio,
509 4619 636 4682 docebit
659 4618 743 4682 idem
766 4617 915 4694 Dallaeus,
940 4616 989 4680 Do
1020 4614 1085 4678 Una
1106 4615 1242 4678 Patrae
1265 4613 1322 4673 &a
1345 4607 1399 4671 lib.
1413 4609 1443 4671 1.

347 4742 415 4803 cap.
435 4720 474 4784 iv.
501 4743 532 4803 p.
548 4735 600 4803 95,
618 4722 674 4782 &a
719 4719 774 4782 Ad
799 4718 985 4781 Usuardum
1010 4715 1095 4800 quod
1117 4714 1246 4785 attinet,
1271 4710 1369 4774 habet
1388 4730 1443 4770 no·
