3809 5650
639 694 687 758 IN
711 695 978 761 ARISTONEM
1003 688 1257 805 ΡΕῌΙΞΖῇΗΜξ
1272 696 1496 779 iol

399 865 555 949 -Neque
575 865 703 929 omniuo
718 867 866 932 dissentit
886 868 1022 952 ipsemet
1041 867 1266 953 Hieronymus,
1283 868 1337 952 qui
1351 868 1371 930 l.
1384 890 1411 932 o.
1431 868 1499 933 haeo

399 967 506 1030 habet.
551 968 658 1052 blopis
678 969 780 1052 itaquo
799 969 958 1032 &condem
979 991 1104 1046 sensum,
1123 992 1214 1054 qoem
1234 970 1397 1035 secondom
1418 971 1502 1036 certi

399 1067 624 1131 translaticium
647 1068 683 1131 de
707 1069 828 1132 Christo
841 1071 942 1154 esopi
957 1080 1078 1153 possem
1103 1071 1156 1155 qui
1170 1080 1235 1135 tom
1257 1071 1291 1134 ie
1313 1072 1383 1156 ipso
1395 1073 1502 1155 fronto

404 1168 551 1244 Gawscoa
567 1189 637 1252 quoe
650 1179 741 1253 caprei
755 1169 887 1233 emerium
907 1170 1053 1235 librorum
1073 1182 1124 1249 ost,
1140 1194 1231 1257 quom
1250 1173 1341 1236 orioro
1360 1175 1395 1237 in
1409 1175 1502 1259 prio-

399 1271 480 1353 eipio
501 1271 633 1333 Joeonis
654 1271 870 1356 Eoonpelistae,
893 1272 961 1335 ooeli
985 1284 1012 1336 et
1034 1284 1124 1337 torrae
1148 1275 1283 1338 eonditor
1304 1275 1501 1360 approbatur.

401 1373 612 1448 (insanimus,
628 1393 659 1455 p.
671 1371 755 1435 lxxv.
772 1373 948 1456 Prolegom.
965 1374 1006 1437 ad
1023 1382 1100 1438 tom.
1114 1376 1141 1438 1.
1160 1374 1306 1439 Bittiott.
1322 1377 1397 1440 ΡΡ.

444 1475 483 1536 Ρ.
496 1493 548 1554 92.
569 1473 630 1554 l.7.
655 1471 803 1554 Ἀρίστων
828 1477 844 1536 ὁ
871 1481 1027 1543 Πελλαῖος
1049 1477 1181 1561 ἱστορεῖ]
1215 1479 1255 1540 Id
1281 1485 1332 1541 est
1358 1500 1397 1542 ex
1424 1479 1503 1542 urbe

402 1574 502 1660 Syriae
528 1573 626 1650 Pella,
646 1594 718 1657 quse
740 1581 813 1657 post
834 1575 974 1639 excisam
995 1598 1017 1638 a
1039 1575 1114 1639 Tito
1133 1577 1244 1640 urbem
1270 1577 1501 1663 Hierosolyma,

401 1675 491 1739 sedes
506 1675 567 1739 luit
589 1674 803 1761 Episcopatus
824 1676 1120 1760 Hierosolymitoni,
1142 1685 1178 1741 nt
1198 1679 1309 1743 scribit
1334 1679 1502 1743 Eusebius.

402 1776 551 1841 Ceterum
567 1776 708 1860 Scaliger
722 1776 884 1841 Aristonis
900 1777 1010 1841 l‘ellaei
1025 1778 1122 1842 verba
1133 1800 1202 1842 esse
1213 1779 1408 1844 existimavit
1420 1802 1504 1864 quae-

402 1899 535 1962 cumque
550 1878 699 1962 leguntur
713 1899 810 1961 supra
824 1879 866 1941 ab
881 1878 930 1942 his
944 1878 1074 1943 vocibus
1089 1879 1278 1958 ἀκμάσαντος
1292 1884 1325 1945 δὲ
1341 1887 1393 1944 τοῦ
1413 1882 1504 1945 πολέ-

401 2005 468 2058 μου,
485 2001 584 2063 eaque
606 1979 725 2063 passim
747 1978 910 2043 Aristonis
933 1981 1059 2043 nomine
1081 1980 1179 2057 oitat;
1203 1981 1235 2044 in
1258 2003 1320 2066 quo
1342 1988 1452 2046 tamen
1474 1983 1503 2046 ei

402 2079 550 2144 assentiri
574 2101 636 2142 non
661 2102 800 2164 possum.
849 2082 933 2143 Nam
957 2087 990 2144 ot
1014 2081 1111 2145 verba
1136 2081 1215 2165 ipsa,
1240 2084 1372 2147 Eusebii
1396 2084 1504 2147 stilum

402 2203 532 2266 prorsus
555 2181 718 2257 redolent3
744 2187 778 2245 et
801 2181 914 2246 Aristo
934 2182 1071 2246 Pellseus
1096 2181 1292 2246 obsidionem
1314 2184 1400 2248 illam
1427 2185 1503 2249 Bet·

403 2283 506 2346 tharae
521 2289 555 2347 et
574 2281 842 2367 expugnationem
860 2282 883 2344 J
886 2284 1050 2346 udoeorum
1064 2282 1163 2346 fusius
1182 2292 1368 2368 prosecutus
1388 2286 1504 2350 fueret.

404 2384 496 2464 Quod
517 2385 544 2448 si
563 2383 633 2467 ipse
648 2390 755 2446 essent
771 2383 933 2446 Aristonis
953 2384 1061 2460 verbo,
1077 2406 1278 2469 nequaquam
1297 2386 1329 2449 id
1350 2387 1505 2451 tacuisset

404 2486 571 2549 Eusebius.
617 2485 699 2548 Nam
715 2484 839 2568 quoties
854 2486 951 2549 verba
965 2485 1035 2569 ipsa
1049 2493 1216 2550 auctorum
1233 2487 1430 2552 adducturus
1444 2496 1503 2565 est,

404 2610 528 2672 semper
541 2587 582 2650 de
593 2609 631 2650 eo
645 2588 796 2651 lectorem
810 2587 972 2650 admouet.
1017 2587 1098 2652 (lum
1109 2596 1218 2652 autem
1229 2589 1321 2653 addit
1333 2592 1447 2670 ἱστορεῖ
1456 2590 1504 2654 vel

405 2693 566 2771 irrepebat,
577 2688 696 2753 indicat
706 2711 777 2752 eam
788 2689 1103 2774 remaseriptoribus
1114 2691 1175 2754 illis
1186 2711 1265 2775 quos
1273 2691 1394 2767 laudat,
1405 2692 1504 2755 fusius

404 2792 653 2857 commemorari.
699 2791 802 2856 Porro
817 2791 868 2856 hio
887 2791 1001 2856 Aristo
1016 2792 1152 2858 Pellaeus
1169 2799 1283 2857 auctor
1303 2815 1373 2858 esse
1387 2793 1505 2858 dicitur

404 2895 500 2959 libelli
516 2895 690 2979 cujusdam,
703 2893 754 2957 cui
768 2893 884 2957 titulus
894 2899 976 2970 erat,
990 2893 1166 2977 disputatio
1175 2893 1198 2955 J
1200 2894 1306 2959 osonis
1320 2902 1354 2958 et
1366 2895 1503 2979 Papisoi.

408 2999 565 3060 l'musrus.
612 2996 748 3060 Perinde
768 2995 857 3079 quasi
875 2995 1020 3058 erederet
1034 2993 1183 3058 Valesius
1201 2994 1357 3079 designari
1377 2996 1419 3057 eb
1440 2994 1504 3059 Eu-

404 3099 492 3162 sebio
510 3099 597 3163 aliud
612 3098 772 3183 quoddam
789 3096 949 3160 Aristonis
965 3118 1053 3179 opus,
1069 3095 1142 3159 huic
1163 3094 1301 3179 opinioni
1322 3119 1356 3160 se
1371 3098 1505 3181 opponit

405 3200 552 3277 Gratius,
577 3221 650 3284 pag.
671 3219 740 3282 131.
767 3205 844 3262 tom.
860 3198 891 3260 ii.
912 3196 1086 3281 spinossi,
1112 3196 1236 3260 etiamsi
1259 3195 1358 3260 Gavio
1381 3219 1504 3283 quoque

404 3303 610 3387 approbatae;
634 3303 681 3365 ait
695 3300 780 3365 euim
795 3299 942 3375 (trebius,
959 3307 981 3337 ‘⁶
994 3299 1122 3361 omuino
1136 3297 1303 3362 verisimile
1321 3322 1400 3377 esse,
1420 3301 1503 3384 quod

406 3412 428 3443 “
444 3404 557 3467 Aristo
571 3404 677 3478 verbo,
693 3424 764 3486 quae
784 3402 828 3464 ibi
847 3400 1006 3464 Eusebius
1026 3399 1134 3476 habet,
1150 3399 1183 3461 in
1201 3398 1417 3485 disputatione
1432 3423 1505 3465 oon-

407 3515 425 3541 “
442 3513 494 3570 tra
520 3505 692 3588 Papisoum
716 3502 895 3587 protulerit,
922 3501 1053 3587 perinde
1083 3507 1120 3565 ut
1150 3501 1364 3565 Tertullianus
1394 3502 1506 3567 eadem

406 3616 424 3645 “
441 3607 464 3669 J
467 3607 565 3670 udaeis
585 3606 618 3669 in
644 3628 702 3668 suo
722 3611 835 3668 contra
852 3626 907 3667 eos
926 3610 1071 3667 tractatu
1093 3602 1241 3685 objecit?
1263 3603 1506 3690 (prophetarum

405 3708 555 3773 vaticinia
583 3713 697 3770 eventu
728 3705 962 3789 comprobato,)
990 3710 1085 3767 “aut
1114 3704 1197 3768 forto
1226 3703 1276 3768 hic
1307 3707 1505 3785 Aristonem,

407 3817 427 3847 “
443 3808 536 3872 sicuti
551 3808 655 3871 lacere
666 3806 759 3882 solet,
771 3804 968 3889 exscripsit.''
1013 3804 1163 3868 Pristinre
1175 3828 1270 3889 porro
1285 3808 1423 3891 opinioni
1440 3832 1505 3873 suae

406 3909 551 3972 nuntium
574 3907 731 3970 remisisse
754 3906 821 3990 ipso
843 3904 961 3969 Cavius
982 3904 1117 3982 videtur,
1139 3906 1203 3988 qui,
1218 3916 1255 3969 ut
1275 3928 1314 3970 ex
1338 3909 1505 3973 collatione
1558 3951 1561 3956 -

405 4009 515 4093 primae
540 4007 688 4072 editionis
710 4008 792 4070 Hist.
816 4006 984 4070 Βίωνα-νέω
1007 4005 1082 4067 mihi
1107 4012 1245 4081 constat,
1269 4007 1441 4090 capitulum
1465 4010 1505 4071 de

405 4109 548 4172 Aristono
573 4115 686 4192 posteo
710 4107 847 4171 refinxit.
894 4107 1016 4170 Verum
1039 4113 1156 4181 tamen,
1184 4106 1210 4168 si
1236 4105 1368 4169 idoneus
1392 4116 1506 4171 auctor

405 4217 501 4286 esset,
526 4216 560 4273 et
584 4209 635 4272 oui
661 4216 734 4273 tuto
760 4210 952 4280 crederetur,
984 4209 1094 4270 Moses
1123 4206 1331 4271 Olrorenensis
1355 4209 1507 4273 Historia

405 4311 600 4375 Amareiooae
615 4310 761 4393 scriptor,
774 4332 844 4393 quae
855 4309 982 4393 quidem
997 4305 1130 4370 historia
1140 4329 1161 4370 a
1175 4308 1300 4371 duobus
1313 4302 1507 4374 Whistoniis

405 4413 537 4477 celebris
551 4411 634 4475 illius
653 4411 804 4474 Gulielmi
821 4409 987 4473 Whistoni
1008 4408 1088 4483 liliis,
1104 4408 1192 4472 edita
1212 4416 1274 4485 est,
1288 4431 1339 4472 res
1360 4410 1454 4474 aliter
1473 4434 1508 4475 se

405 4515 523 4579 habero
541 4514 712 4577 videretur.
758 4512 811 4576 Ito
832 4512 915 4576 eninr
938 4509 1184 4574 existimandum
1204 4510 1297 4589 soret,
1322 4512 1508 4576 Aristonem

406 4615 573 4683 historiam
588 4615 749 4699 quandam
763 4613 996 4697 conscripsisse,
1011 4634 1050 4676 ex
1066 4634 1129 4696 qua
1143 4634 1201 4676 suo
1212 4613 1398 4698 sumpsisset
1409 4615 1508 4678 Euse-

406 4715 486 4779 bius.
533 4716 611 4795 Quae
626 4735 701 4778 voro
721 4713 848 4797 scripsit
863 4713 968 4797 eapite
982 4728 1034 4794 57.
1050 4711 1102 4773 lib.
1124 4711 1252 4775 secundi
1273 4711 1392 4789 Moses,
1412 4719 1507 4796 prout
