3809 5650
669 694 719 755 IN
745 692 906 755 PAPIAE
930 692 1230 755 FRAGMENTA.
1460 695 1502 756 23

399 870 420 897 ‘⁶
439 861 550 936 verbis,
566 859 619 922 ubi
635 860 691 935 ait,
706 881 736 922 sc
755 858 879 922 sollicite
898 881 934 921 ec
949 858 1161 942 Apostolorum
1167 857 1385 941 familiaribus
1404 859 1504 922 sobai

399 964 422 995 “
436 970 532 1022 torum
546 981 614 1036 esee,
629 960 707 1043 quid
718 960 872 1035 Andreas,
883 960 961 1044 quid
969 961 1083 1023 Petrus
1096 960 1151 1021 &a
1163 958 1272 1043 quidve
1286 959 1421 1023 loannes
1435 959 1505 1022 dn-

401 1071 422 1097 “
439 1062 528 1124 erint.
573 1060 657 1124 Nam
672 1060 783 1122 eadem
797 1059 920 1122 ratione
936 1058 1116 1144 negandum
1136 1079 1261 1141 quoquo
1279 1059 1402 1132 fuisset,
1418 1059 1503 1144 quod

402 1171 424 1198 “
440 1164 600 1224 Joannem
630 1162 856 1244 Presbyterum
885 1159 1042 1223 audiverit
1073 1159 1202 1242 Papias,
1232 1159 1381 1242 quoniam
1411 1168 1444 1224 ot
1470 1160 1503 1223 in

403 1263 533 1347 “hujus
559 1263 646 1325 diota
673 1284 707 1324 se
731 1262 927 1345 inquisivisse
952 1261 1069 1323 ibidem
1092 1267 1241 1336 testatur,
1265 1262 1403 1323 addens:
1431 1262 1506 1339 Quae

403 1374 424 1403 ‘⁶
441 1366 510 1427 item
534 1364 675 1426 Aristion
697 1373 724 1424 et
745 1362 879 1424 ,Ioannes
903 1360 1073 1442 Presbyter,
1098 1360 1243 1444 discipali
1268 1362 1396 1424 Domini
1421 1362 1505 1442 effmi

404 1475 425 1502 “
441 1467 511 1528 sint.
558 1464 629 1527 Hoc
652 1471 760 1526 tamon
782 1463 911 1525 omnino
933 1461 1033 1524 voluit
1055 1461 1221 1536 Eusebius,
1238 1462 1312 1525 licet
1334 1484 1397 1524 non
1420 1463 1504 1526 claro

404 1566 643 1629 “affirmaverit
667 1566 794 1648 Papias.
840 1563 963 1646 Quippe
985 1563 1012 1624 is
1038 1583 1134 1624 unum
1160 1562 1285 1645 quidem
1311 1570 1344 1626 et
1368 1563 1505 1626 alterum

404 1677 424 1702 “
440 1669 460 1728 ,J
465 1667 576 1730 oannis
590 1666 722 1730 senioris
737 1665 858 1729 dictum
878 1664 976 1726 refert
996 1664 1081 1746 apud
1097 1663 1271 1725 Eusebium
1290 1663 1349 1726 loc.
1366 1663 1419 1726 cit.
1440 1686 1505 1726 non

404 1778 424 1803 “
441 1775 547 1831 tamen
562 1789 596 1830 se
611 1768 714 1850 ipsum
729 1767 797 1829 haec
812 1787 851 1827 ex
875 1765 928 1827 illo
948 1764 1106 1827 audivisse
1125 1764 1182 1827 ait.
1229 1763 1351 1826 Verum
1371 1786 1435 1827 non
1456 1787 1505 1828 re-

404 1876 425 1903 “
440 1887 556 1951 pugno,
588 1866 663 1949 quin
693 1866 800 1951 potius
829 1866 871 1928 ab
896 1873 1033 1947 utroque
1060 1863 1194 1939 Joanne,
1220 1871 1254 1926 et
1280 1864 1446 1948 Apostolo,
1472 1872 1506 1929 et

404 1979 426 2006 ⁴‘
442 1968 573 2043 seniore,
591 1967 726 2051 Papiam
741 1966 930 2030 traditiones
945 1965 1103 2047 accepisse
1118 1965 1222 2027 oredo.
1241 1964 1351 2047 Neque
1366 1966 1449 2028 enim
1465 1988 1505 2029 ox

407 2079 428 2107 ‘⁴
444 2091 491 2143 eo,
508 2069 593 2153 quod
607 2068 687 2132 alios
701 2089 810 2131 eorum
825 2066 987 2130 auditores
1008 2066 1047 2128 de
1068 2065 1210 2148 pluribus
1229 2087 1263 2128 se
1282 2073 1504 2148 percontatum

406 2179 426 2206 “
441 2170 610 2255 profitetur
625 2170 754 2253 Papias,
769 2167 872 2251 colligi
887 2173 1005 2250 potest,
1020 2186 1091 2228 eum
1107 2166 1209 2249 ipsum
1224 2164 1311 2229 haud
1325 2188 1364 2228 ex
1379 2166 1506 2231 illorum

405 2278 426 2307 “
442 2292 573 2333 numero
593 2270 706 2333 fuisse:
731 2269 830 2332 seduli
855 2268 971 2352 quippe
995 2267 1138 2351 discipuli
1162 2268 1265 2331 solent
1289 2268 1426 2342 omnino,
1450 2270 1506 2333 ubi

406 2377 426 2405 “
443 2392 497 2432 eos
524 2368 597 2453 quid
626 2368 752 2452 fugerit,
777 2390 816 2431 ex
842 2367 1063 2451 condiscipulis
1088 2366 1176 2430 dicta
1198 2390 1369 2451 sensusque
1391 2370 1506 2454 magis-

405 2476 426 2505 “
442 2477 565 2533 trorum
580 2469 763 2553 exquirere;
787 2467 965 2552 praesertim
980 2467 1007 2530 si
1029 2467 1108 2530 alios
1127 2468 1246 2532 diutius
1266 2476 1299 2531 et
1319 2468 1506 2534 familiarius

405 2565 574 2628 “cumeis
589 2572 791 2628 conversatos
807 2564 984 2628 noverint.’'
1022 2565 1188 2628 Hactenus
1203 2565 1251 2627 vir
1265 2565 1387 2643 doctus,
1403 2588 1506 2651 neque

405 2688 427 2729 a
440 2666 575 2730 veritate
590 2667 726 2729 fortasse
741 2666 905 2740 aberrans,
920 2672 1006 2728 certe
1021 2664 1172 2748 plurimos
1193 2666 1252 2729 sibi
1272 2668 1506 2732 consentientes

406 2765 537 2830 habens.
584 2766 628 2830 Et
652 2765 728 2829 milri
751 2766 820 2829 haec
841 2766 946 2850 opinio
973 2766 1149 2830 verisimilis
1171 2766 1306 2846 videtur,
1328 2789 1399 2832 cum
1421 2769 1506 2834 onim

406 2889 469 2930 vox
483 2869 681 2947 πρεσβύτεραι
695 2867 727 2929 in
742 2867 916 2950 posteriore
936 2873 1029 2951 parto
1049 2867 1142 2951 hujus
1162 2868 1276 2948 ρήσεως
1295 2870 1334 2932 de
1353 2870 1506 2954 apostolis

407 2967 608 3043 adhibeatur,
625 2967 733 3051 quidni
752 2968 897 3031 similiter
915 2967 1157 3050 interpretanda
1173 2989 1234 3031 vox
1253 2968 1350 3033 luerit
1368 2969 1402 3032 in
1421 2969 1506 3054 prin-

408 3068 490 3152 cipio
506 3068 585 3153 ejus,
600 3068 654 3130 ubi
670 3072 750 3148 παρὰ
764 3074 822 3131 τῶν
839 3069 1051 3148 πρεσβύτεραι)
1071 3068 1217 3133 didicisse
1237 3090 1271 3132 so
1286 3070 1404 3154 Papias
1423 3070 1506 3135 affir-

408 3171 496 3234 mat?
526 3168 650 3232 Favent
665 3177 698 3232 et
713 3170 815 3233 eidem
830 3168 970 3254 opinioni
985 3168 1081 3232 verba
1097 3172 1124 3231 εἰ
1137 3169 1171 3231 δέ
1185 3194 1242 3232 που
1257 3170 1304 3232 καὶ
1317 3179 1504 3251 παρακολου·

409 3272 502 3349 θηκῶς
515 3295 560 3336 τις
581 3278 641 3337 τοῖς
662 3269 886 3350 πρεσβυτέροις,
902 3269 1016 3353 quibus
1035 3268 1211 3353 significare
1230 3270 1357 3335 videtur
1376 3271 1515 3355 Papias,

408 3393 442 3435 se
471 3372 687 3456 apostolorum
718 3371 895 3454 discipulos,
926 3371 952 3434 si
983 3371 1053 3454 quis
1082 3393 1191 3434 eorum
1220 3372 1303 3436 forte
1331 3372 1505 3447 advenerit,

408 3473 530 3557 pan‘ter
544 3478 642 3555 atque
657 3471 742 3555 ipsos
760 3472 921 3554 apostolos
941 3471 1094 3535 sciscitari
1114 3472 1320 3549 consuevisse.
1364 3474 1419 3537 Ad
1439 3474 1507 3538 haec

408 3572 461 3635 lib.
491 3571 535 3636 iii.
561 3574 613 3635 De
641 3572 757 3635 Hoerec.
783 3594 852 3655 cap.
879 3593 908 3657 3.
937 3572 1077 3635 Irenaeus
1112 3573 1261 3648 ostendit,
1292 3575 1508 3659 apostolorum

408 3673 548 3758 ipsorum
570 3671 756 3755 discipulum
779 3672 874 3735 fuisse
896 3673 1117 3758 Polycarpum,
1140 3675 1230 3756 cnjus
1253 3676 1371 3756 ἑταῖρον
1390 3675 1423 3737 in
1444 3675 1508 3739 alio

407 3772 478 3836 loco
494 3772 564 3857 jam
579 3772 718 3835 adducto
734 3772 869 3856 Papiam
883 3781 986 3837 vocat.
1033 3774 1117 3853 Quin
1132 3781 1165 3837 et
1184 3780 1276 3838 votus
1290 3782 1403 3838 auctor
1421 3776 1507 3859 apud

408 3872 595 3956 prooemium
610 3872 730 3935 Graecae
746 3873 867 3937 Cotenoe
880 3874 914 3936 in
929 3876 963 3938 S.
972 3876 1065 3938 Joan.
1081 3896 1101 3937 a
1115 3873 1267 3938 Gorderio
1282 3873 1376 3938 editae
1390 3875 1508 3938 allatus

409 3974 523 4050 tradit,
537 3976 560 4035 J
563 3994 697 4036 oannem
712 3972 908 4056 evangelium
918 3996 1010 4040 suum
1022 3976 1173 4060 discipulo
1182 3997 1239 4038 suo
1251 3978 1355 4059 Παπίᾳ
1364 3975 1506 4058 Εὒβιῶπῳ

411 4076 452 4159 τῷ
474 4073 662 4154 Ἱεραπολίτῃ
688 4073 874 4147 dictavisse;
909 4097 981 4158 quoe
1003 4076 1131 4160 quidem
1156 4074 1264 4157 Papiae
1291 4076 1440 4151 ἐπωνυμία
1465 4074 1507 4137 ab

411 4175 474 4238 alio
494 4195 654 4258 quoquam
668 4173 790 4250 dubito,
806 4196 847 4237 an
862 4181 1067 4238 memoretur.
1112 4174 1167 4236 Sin
1183 4173 1377 4236 omittendus
1392 4182 1442 4237 est
1456 4173 1508 4237 hic

410 4281 523 4339 auctor
543 4282 696 4357 tanquam
716 4273 819 4337 minus
839 4282 935 4339 notus
955 4282 1052 4359 atque
1071 4273 1230 4336 recentior
1249 4273 1384 4336 sortasse
1405 4274 1509 4350 testis,

411 4382 498 4440 certe
517 4376 560 4438 ad
578 4396 646 4438 rem
667 4381 809 4438 nostram
831 4376 996 4462 appositus
1017 4383 1067 4439 ost
1088 4373 1280 4457 Apollinaris
1302 4373 1508 4452 Laodicenos,

410 4476 516 4539 saeouli
532 4476 638 4558 quarti
653 4475 797 4558 scriptor,
813 4475 846 4537 in
861 4476 951 4561 cujus
973 4476 1118 4540 manibus
1135 4481 1297 4539 versatum
1315 4474 1412 4538 luisse
1429 4497 1510 4559 opus

410 4575 513 4660 ipsum
538 4576 716 4660 Papianum
740 4575 875 4639 videtur.
933 4578 968 4640 Is
996 4584 1105 4641 autem
1134 4576 1167 4637 in
1195 4574 1323 4653 scholio,
1354 4576 1439 4657 quod
1469 4596 1509 4637 ex
