3809 5650
477 704 541 772 190
843 699 1207 764 ANNOTATIONES

477 879 499 912 “
513 871 666 955 scriptam
680 870 793 934 eodem
807 871 903 933 modo
922 892 943 934 a
961 870 1136 935 Corinthiis
1150 871 1275 955 publiee
1289 871 1360 956 legi,
1377 893 1440 956 quo
1458 872 1576 937 Itoma-

477 980 497 1011 “
512 994 627 1036 norum
641 970 741 1035 serius
755 971 798 1035 ad
813 971 915 1055 ipsum
930 979 965 1036 et
979 979 1098 1036 ooetum
1113 994 1204 1036 suum
1219 973 1461 1058 perscriptum.''

520 1075 559 1138 P.
577 1074 646 1136 180.
662 1074 683 1137 l.
702 1094 731 1157 9.
747 1073 935 1159 γραφεῖσαν]
960 1073 1040 1138 (tum
1054 1072 1115 1137 hoe
1129 1074 1307 1159 fragmento
1327 1076 1481 1158 Epistolae
1502 1075 1577 1138 Dio

475 1175 557 1260 nysii
571 1176 614 1239 ed
629 1174 747 1237 elerum
762 1172 953 1250 Romanurn,
964 1172 1147 1258 jungendus
1162 1189 1212 1239 est
1233 1175 1316 1241 alter
1330 1177 1417 1240 loeus
1436 1177 1578 1262 ejusdem

477 1277 642 1364 Epistolae,
659 1299 752 1361 quem
775 1275 887 1340 eitavit
910 1275 1069 1339 Eusebius
1088 1276 1122 1338 in
1145 1298 1214 1361 eap.
1233 1277 1352 1362 penult.
1369 1277 1421 1341 lib.
1437 1278 1469 1340 ii.
1486 1284 1578 1340 ταῦτα

477 1380 526 1443 καὶ
539 1381 623 1459 ἡμεῖς
639 1381 694 1442 &a
740 1378 821 1441 Haeo
835 1377 918 1441 enim
934 1378 998 1440 duo
1016 1377 1196 1462 fragmenta
1214 1379 1273 1442 sibi
1293 1379 1426 1443 invicem
1445 1402 1577 1444 eonnee·

477 1482 574 1545 tenda
589 1503 657 1545 esse
672 1501 735 1542 non
750 1479 942 1543 dubitamus.
967 1479 1130 1542 Venesms.

521 1582 602 1645 Ibid.
618 1582 638 1645 l.
655 1596 704 1659 17.
720 1581 823 1665 ταῦτα]
841 1581 1050 1644 Soribendum
1065 1587 1145 1666 puto
1156 1583 1258 1659 ταύτῃ.
1292 1582 1395 1661 Quam
1409 1580 1577 1644 lectionem

477 1683 700 1768 interpretatio
715 1690 827 1746 nostra
845 1682 1011 1766 expressit.
1056 1682 1166 1767 Atque
1181 1683 1229 1747 ita
1243 1683 1371 1745 videtur
1384 1683 1497 1767 legisse
1512 1682 1576 1744 Ru-

476 1785 568 1861 finus,
584 1784 638 1867 qui
653 1783 698 1847 sie
712 1784 819 1847 vertit.
864 1784 932 1848 Sed
948 1795 977 1847 et
994 1783 1129 1848 latenter
1141 1784 1392 1849 mnemonitionem
1407 1806 1429 1848 a
1444 1785 1534 1847 Petro
1551 1793 1578 1847 et

476 1885 588 1960 Panlo,
598 1884 819 1968 plantationem
833 1887 981 1949 Benene
994 1895 1021 1948 et
1039 1884 1262 1948 Corinthiermn
1273 1885 1420 1948 Eeeieeice
1435 1885 1575 1967 συνομοιο-

475 1988 554 2052 ietie.
577 1986 741 2049 merus.
788 1986 934 2071 Dionysii
949 1986 1053 2050 verbis
1074 1985 1228 2071 praemisit
1247 1985 1337 2049 istaee
1356 1985 1522 2063 Eusebius,
1539 1987 1578 2053 ὡς

477 2089 510 2150 δὲ
526 2090 599 2150 κατὰ
613 2086 666 2150 τὸν
681 2086 771 2150 αὐτὸν
786 2088 875 2167 ἄμφω
892 2086 995 2168 καιρὸν
1012 2077 1088 2169 (duo
1108 2086 1243 2170 apostoli
1260 2089 1378 2150 Petrus
1393 2094 1427 2151 et
1443 2087 1575 2169 Paulus)

477 2188 692 2267 ἐμαρτύρησαν,
710 2189 874 2268 Κορινθίων
895 2189 1056 2254 ἐπίσκοπος
1075 2189 1236 2254 Διονύσιος
1251 2189 1409 2270 ἐγγράφως
1423 2186 1578 2266 Ῥωμαίοις

477 2290 590 2367 ὁμιλῶν
618 2285 677 2372 φ’δέ
704 2315 766 2355 πως
794 2290 985 2369 παρίστησιν.
1029 2294 1166 2352 Tem
1193 2289 1240 2352 καὶ
1266 2292 1348 2369 ὑμεῖς
1374 2291 1430 2352 &a
1478 2291 1578 2352 Porro

476 2387 578 2452 aerior
607 2410 666 2451 mm
696 2389 849 2474 eodentqne
879 2399 1006 2473 tenpore
1037 2390 1222 2473 martyriam
1256 2389 1379 2454 neliieee
1412 2392 1579 2473 Dionysiae

479 2490 707 2555 Corinth-ieram
721 2492 874 2575 episcopm
888 2492 933 2554 ed
944 2493 1095 2555 Bottianee
1108 2491 1244 2570 senilem,
1261 2502 1385 2556 testatae
1398 2492 1445 2555 iis
1459 2492 1576 2556 aeriis:

478 2589 557 2653 ITA
573 2597 607 2654 et
620 2612 686 2664 voe,
702 2592 811 2676 inquit,
831 2595 885 2655 &a
930 2592 987 2654 Ad
1002 2592 1120 2655 Valesii
1135 2592 1388 2655 emendationem
1404 2592 1488 2675 quod
1502 2592 1578 2654 atti-

477 2699 542 2767 net,
559 2693 729 2777 scripserat
751 2692 862 2756 itidem
884 2692 978 2776 paulo
1000 2698 1076 2756 ante
1091 2693 1124 2756 in
1139 2693 1199 2755 hoo
1218 2693 1328 2756 eodem
1349 2693 1454 2776 eapite
1475 2693 1577 2754 Euse-

477 2791 558 2870 bius,
573 2794 674 2879 Ταύτῃ
689 2798 763 2875 γοῦν
777 2790 872 2860 οὗτος.
917 2793 981 2858 Sed
997 2793 1114 2859 delevit
1129 2800 1221 2858 ταῦτα
1235 2794 1315 2859 liber
1330 2794 1403 2858 MS.
1418 2793 1578 2879 Anonymi

478 2893 548 2970 viri,
564 2894 653 2980 eujus
667 2894 763 2960 variae
778 2894 928 2958 lectiones
948 2895 1080 2979 perinde
1097 2918 1135 2959 ae
1156 2895 1361 2980 Scaligeriani
1377 2895 1493 2960 codicis
1508 2895 1579 2958 aliae

478 2996 520 3058 ad
547 2996 708 3080 exemplar
733 2996 882 3060 editionis
908 2995 947 3057 R.
973 2996 1127 3081 Stephani
1154 2997 1186 3059 in
1213 2986 1405 3061 bibliotheca
1432 2997 1579 3060 Leidensi

478 3098 634 3181 adpositae
653 3104 738 3161 sunt.
785 3098 904 3161 Itidem
918 3098 1030 3162 abesse
1044 3099 1170 3163 videtur
1189 3120 1251 3161 vox
1270 3098 1381 3161 eadem
1396 3098 1438 3160 ab
1460 3118 1524 3159 nno
1539 3097 1579 3159 de

478 3198 629 3263 eodieibm
658 3198 859 3275 Flornttinie,
886 3221 967 3282 quos
996 3198 1131 3262 eontulit
1161 3199 1348 3262 Gronovius.
1394 3198 1436 3259 ld
1465 3198 1579 3260 merito

478 3301 658 3365 admiratur
672 3299 858 3363 Gallandius
874 3306 950 3362 tom.
970 3300 996 3363 l.
1009 3298 1154 3363 Biblioti.
1170 3299 1245 3362 PP.
1258 3321 1289 3383 p.
1302 3301 1376 3380 676.
1389 3298 1504 3383 negligi
1519 3299 1580 3361 hoe

479 3402 692 3485 fragmentum
719 3399 948 3483 Dionysianum
974 3423 994 3464 a
1021 3400 1213 3464 Constantio
1238 3401 1272 3463 in
1297 3399 1444 3484 Epistolie
1463 3400 1580 3484 Pontis.

479 3503 566 3564 Rom.
586 3504 641 3563 &a
688 3500 821 3563 Parisiis
835 3522 920 3563 anno
935 3519 1027 3577 1721.
1044 3501 1149 3564 editis.

526 3600 608 3663 Ibid.
624 3603 672 3663 διὰ
686 3604 738 3678 τῆς
752 3603 898 3679 τοσαύτης
916 3602 1084 3685 νουθεσίας]
1109 3602 1150 3665 ld
1170 3609 1229 3674 est,
1245 3624 1303 3686 per
1317 3601 1498 3685 hujusmodi
1512 3623 1579 3664 ves·

479 3710 565 3767 tram
579 3702 841 3766 cohortationem.
887 3704 1071 3787 Respondet
1089 3703 1262 3786 Dionysius
1283 3703 1437 3786 Epistolm
1458 3703 1580 3766 Soteris

479 3812 513 3870 et
528 3803 611 3869 Cleri
626 3804 772 3881 Romani,
789 3804 842 3888 qni
857 3805 960 3867 missis
975 3806 1017 3868 ad
1032 3805 1214 3869 Corinthios
1233 3804 1343 3878 literis,
1360 3825 1414 3866 eos
1429 3804 1579 3867 benevole

479 3907 700 3979 admonuerat,
712 3912 754 3968 ut
768 3905 851 3968 infra
866 3906 959 3970 docet
973 3905 1130 3969 Eusebius
1145 3906 1177 3967 in
1192 3905 1246 3967 lib.
1263 3904 1301 3966 iv.
1318 3925 1387 3987 cap.
1402 3924 1452 3970 22.
1487 3905 1580 3984 Quod

476 4008 543 4092 jarn
559 4013 656 4070 antea
670 4006 815 4070 Clemens
830 4007 994 4070 Romanus
1010 4007 1187 4091 Episcopus
1205 4007 1335 4077 fecerat,
1352 4006 1438 4068 datis
1459 4006 1500 4068 ad
1520 4006 1580 4070 Go-

479 4108 614 4172 rinthios
628 4107 739 4170 literis.
785 4107 845 4170 Ait
860 4108 958 4191 igitur
972 4108 1143 4192 Dionysius
1159 4107 1274 4171 Soteri.
1317 4108 1440 4190 Vesper
1453 4116 1580 4169 nestram

478 4209 557 4273 Itane
573 4209 822 4272 commonitionem
834 4209 1057 4292 plantationem
1071 4212 1220 4273 Itomonae
1236 4219 1263 4272 et
1279 4209 1504 4272 Corinthiormn
1519 4209 1581 4270 Εσ-

479 4311 576 4375 eieeice
595 4333 615 4373 α
636 4313 725 4373 Petro
745 4311 904 4395 Pontoque
926 4311 998 4373 oiim
1011 4313 1143 4394 foetam,
1159 4333 1238 4374 nilne
1260 4311 1353 4373 denno
1376 4309 1579 4391 corty'nraeietia.

481 4411 562 4474 Haee
577 4411 648 4473 ideo
663 4411 762 4473 sosius
781 4413 922 4495 exposui,
939 4413 1014 4495 quia
1031 4413 1221 4496 interpretes
1240 4433 1275 4474 ae
1296 4412 1453 4495 praecipue
1474 4411 1580 4474 Chris-

480 4512 702 4595 tophorsonus‚
726 4512 759 4575 in
785 4512 879 4597 hujus
906 4513 967 4575 leel
993 4513 1135 4576 versione
1160 4534 1351 4596 magnopere
1376 4512 1576 4576 aberrarunt.

481 4610 644 4672 Vsnrnrrs.
669 4616 719 4689 τῆς
731 4634 793 4674 non
803 4622 894 4677 extat
902 4614 935 4676 in
943 4613 989 4676 ert.
1001 4614 1101 4697 mepte.
1114 4615 1245 4676 S‘rnorn.
1270 4614 1334 4676 Sed
1346 4613 1491 4676 additum
1501 4613 1578 4677 illud

480 4733 500 4773 a
517 4710 642 4774 Valesio
663 4711 735 4773 libri
756 4713 865 4794 scripti
888 4714 988 4776 nostri
1003 4721 1168 4796 praestant.
1215 4715 1295 4776 Mox
1316 4714 1347 4775 in
1365 4713 1501 4789 vocibus,
1518 4714 1578 4776 ἀπὸ
