3809 5650
395 626 461 697 xvi
769 621 1066 695 PRAEFATIO.

395 851 505 905 cesse
519 851 605 904 esse
623 837 670 903 ut
681 824 884 917 credatur,
892 834 1048 902 temere
1061 847 1226 927 prorsus
1239 831 1442 900 statuunt.

398 959 463 1037 An
486 958 549 1037 isti
574 957 658 1037 sint
678 985 729 1037 ex
749 957 887 1038 animo
903 954 1141 1049 Christiani,
1153 954 1266 1034 haud
1281 980 1443 1062 quaero;

397 1095 455 1174 ita
493 1120 579 1172 esse
618 1094 885 1199 quamobrem
920 1091 1110 1182 debeant,
1144 1117 1194 1167 ex
1232 1088 1445 1197 principiis

397 1225 562 1321 scilicet,
582 1253 678 1334 quae
699 1226 774 1335 ipsi
796 1226 872 1306 sibi
894 1225 1118 1333 posuerint,
1138 1225 1327 1305 idoneam
1346 1224 1445 1306 satis

398 1390 561 1443 causam
601 1362 778 1469 reperire
818 1389 900 1442 non
942 1387 1118 1468 possum.
1179 1360 1300 1439 Stent
1332 1358 1444 1438 enim

331 1514 335 1522 '
398 1508 561 1605 oportet
579 1495 825 1576 auctoritate
845 1494 1025 1574 fontium
1041 1494 1276 1574 divinorum
1293 1505 1445 1572 nostrae

398 1629 617 1738 religionis,
632 1631 872 1738 quicunque
887 1629 1100 1709 veritatem
1117 1631 1206 1735 ejus
1222 1625 1445 1733 diligenter

398 1793 445 1845 ac
462 1765 566 1846 serio
582 1764 869 1871 investigatam
884 1791 927 1844 se
943 1761 1135 1871 amplecti
1153 1761 1444 1870 profiteantur;

400 1899 477 1979 nisi
508 1900 615 1978 forte
641 1899 781 1978 omnia
810 1926 971 1978 sursum
1005 1899 1283 2006 deorsumque
1313 1897 1446 1976 facere

400 2034 608 2127 studeant,
647 2045 690 2112 et
728 2032 1002 2112 fundamenta
1035 2046 1187 2112 sanctae
1220 2028 1446 2138 disciplinae

400 2165 547 2248 callide
561 2180 603 2247 et
620 2169 862 2249 veteratorie
877 2170 1126 2248 subvertere.
1161 2167 1291 2246 lidem
1306 2178 1446 2246 tamen

401 2303 588 2384 homines
617 2315 739 2398 recte,
758 2314 808 2382 ut
836 2314 951 2412 puto,
972 2301 1078 2381 hanc
1102 2314 1248 2382 tenent
1277 2315 1444 2380 senten·

402 2437 514 2531 tiam,
532 2464 607 2545 pro
626 2435 710 2516 fide
730 2464 804 2516 sua
823 2463 924 2544 vaga
944 2448 988 2515 et
1007 2433 1187 2530 volubili,
1203 2440 1321 2543 cujus
1339 2462 1449 2514 com-

401 2584 543 2650 menta
557 2568 672 2651 delet
686 2570 786 2666 dies,
801 2570 972 2651 minime
992 2571 1232 2651 adeundum
1249 2597 1335 2651 esse
1351 2572 1448 2651 vitae

401 2704 645 2812 periculum,
674 2722 748 2785 aut
776 2707 1039 2786 subeundum
1070 2707 1341 2812 martyrium;
1376 2706 1450 2786 sed

403 2866 502 2947 pace
535 2837 699 2922 iliorum
730 2841 918 2934 dixerim,
952 2842 1095 2950 inique
1127 2844 1179 2922 ab
1212 2838 1290 2920 illis
1321 2852 1449 2948 atque

403 2972 631 3055 inhumane
653 2974 695 3055 in
720 2974 798 3056 hoc
825 2976 902 3083 agi,
922 2976 1037 3083 quod
1055 2976 1154 3082 quia
1174 2976 1231 3054 ita
1255 2975 1451 3070 sentiant,

403 3109 654 3216 martyribus
682 3127 726 3190 et
753 3108 906 3190 sanctis
926 3113 1008 3192 Dei
1035 3110 1167 3190 modis
1187 3110 1379 3190 omnibus
1405 3108 1450 3188 in

404 3241 566 3350 scriptis
589 3242 673 3322 suis
698 3241 931 3337 detrahant,
955 3255 1082 3350 atque
1109 3241 1190 3323 alia
1218 3269 1342 3350 super
1370 3241 1452 3323 alia

404 3375 493 3454 ausi
532 3375 707 3484 impium
745 3377 972 3456 convitium
1013 3376 1061 3456 iis
1094 3377 1228 3457 facere
1265 3387 1450 3486 pergant.

405 3508 486 3589 Sed
516 3536 610 3589 vero
641 3510 683 3589 in
719 3512 891 3619 antiqua
921 3511 1005 3593 fide
1040 3513 1300 3594 reformanda
1331 3511 1452 3593 liber-

407 3654 533 3723 tatem
574 3646 736 3752 egregie
770 3645 906 3726 finivit
939 3647 1038 3726 olim
1071 3645 1317 3727 Vincentius
1345 3645 1452 3726 Liri-

406 3778 545 3857 nensis
564 3806 650 3886 cap.
666 3787 734 3859 30.
755 3781 1071 3861 Cornrnonitorii.
1116 3783 1202 3862 Fas
1220 3797 1278 3862 est
1296 3782 1453 3876 etenim,

406 3910 556 4019 inquit,
576 3927 621 3992 ut
640 3914 783 4021 priseo
803 3915 873 3994 illu
892 3916 1061 3996 celestis
1073 3916 1339 4024 philosophice
1358 3918 1453 4024 dog-

406 4061 516 4127 muto
538 4075 732 4156 processu
763 4051 957 4156 temporis
974 4064 1228 4145 accurentur,
1248 4052 1452 4141 dictentur,

399 4181 635 4287 poliuntur;
665 4184 739 4265 sed
756 4184 870 4289 nefm
884 4199 945 4265 est
963 4199 1008 4266 ut
1023 4200 1325 4280 commutentur,
1339 4186 1455 4291 nefus

407 4327 452 4394 ut
471 4316 770 4408 detruncentur,
786 4333 831 4400 ut
846 4315 1095 4399 mutilentur.
1136 4317 1351 4428 Accipiunt
1365 4319 1456 4398 lieet

408 4448 662 4539 evidentium,
700 4454 837 4545 lucent,
886 4454 1208 4546 distinctionem;
1248 4453 1320 4533 sed
1360 4451 1456 4532 reti-
