<?xml version="1.0" encoding="UTF-8"?>
<!DOCTYPE html PUBLIC "-//W3C//DTD XHTML 1.0 Transitional//EN"
    "http://www.w3.org/TR/xhtml1/DTD/xhtml1-transitional.dtd">
<html xmlns="http://www.w3.org/1999/xhtml" xml:lang="en" lang="en">
 <head>
  <title>
</title>
<meta http-equiv="Content-Type" content="text/html;charset=utf-8" />
  <meta name='ocr-system' content='tesseract 3.04.00' />
  <meta name='ocr-capabilities' content='ocr_page ocr_carea ocr_par ocr_line ocrx_word'/>
</head>
<body>
  <div class='ocr_page' id='page_1' title='image "./reliquiaesacrae07routgoog_0321.png"; bbox 0 0 3809 5650; ppageno 0'>
   <div class='ocr_carea' id='block_1_1' title="bbox 569 694 1450 763">
    <p class='ocr_par' dir='ltr' id='par_1_1' title="bbox 569 694 1450 763">
     <span class='ocr_line' id='line_1_1' title="bbox 569 694 1450 763; baseline 0.006 -5"><span class='ocrx_word' id='word_1_1' title='bbox 569 696 618 758; x_wconf 90' lang='lat' dir='ltr'><strong>IN</strong></span> <span class='ocrx_word' id='word_1_2' title='bbox 642 694 889 759; x_wconf 78' lang='lat' dir='ltr'><strong>HEGESlPPl</strong></span> <span class='ocrx_word' id='word_1_3' title='bbox 915 696 1224 761; x_wconf 82' lang='lat' dir='ltr'><strong>FRAGMENTA.</strong></span> <span class='ocrx_word' id='word_1_4' title='bbox 1383 696 1450 763; x_wconf 70' lang='grc'><strong>268</strong></span> 
     </span>
    </p>
   </div>
   <div class='ocr_carea' id='block_1_2' title="bbox 350 864 1452 1557">
    <p class='ocr_par' dir='ltr' id='par_1_2' title="bbox 350 864 1452 1557">
     <span class='ocr_line' id='line_1_2' title="bbox 351 864 1450 952; baseline 0.005 -26"><span class='ocrx_word' id='word_1_5' title='bbox 351 864 556 938; x_wconf 85' lang='lat' dir='ltr'><strong>Geuevensis‚</strong></span> <span class='ocrx_word' id='word_1_6' title='bbox 578 865 769 949; x_wconf 74' lang='lat' dir='ltr'><strong>scripturam</strong></span> <span class='ocrx_word' id='word_1_7' title='bbox 792 872 900 928; x_wconf 80' lang='lat' dir='ltr'><strong>tamen</strong></span> <span class='ocrx_word' id='word_1_8' title='bbox 930 865 1050 929; x_wconf 65' lang='lat' dir='ltr'><strong>(cilicis</strong></span> <span class='ocrx_word' id='word_1_9' title='bbox 1067 867 1158 952; x_wconf 66' lang='lat' dir='ltr'><strong>Rapis?</strong></span> <span class='ocrx_word' id='word_1_10' title='bbox 1177 876 1251 952; x_wconf 89' lang='lat' dir='ltr'><strong>post</strong></span> <span class='ocrx_word' id='word_1_11' title='bbox 1273 867 1450 932; x_wconf 91' lang='lat' dir='ltr'><strong>Strothium</strong></span> 
     </span>
     <span class='ocr_line' id='line_1_3' title="bbox 350 963 1449 1054; baseline 0.008 -29"><span class='ocrx_word' id='word_1_12' title='bbox 350 963 425 1026; x_wconf 93' lang='lat' dir='ltr'><strong>olim</strong></span> <span class='ocrx_word' id='word_1_13' title='bbox 439 964 562 1026; x_wconf 85' lang='lat' dir='ltr'><strong>cdmisi.</strong></span> <span class='ocrx_word' id='word_1_14' title='bbox 601 965 646 1029; x_wconf 62' lang='grc' dir='ltr'><strong>Οἱ,</strong></span> <span class='ocrx_word' id='word_1_15' title='bbox 666 987 791 1049; x_wconf 64' lang='lat' dir='ltr'><strong>quilque</strong></span> <span class='ocrx_word' id='word_1_16' title='bbox 808 966 952 1029; x_wconf 88' lang='lat' dir='ltr'><strong>Burtonc</strong></span> <span class='ocrx_word' id='word_1_17' title='bbox 964 967 1066 1030; x_wconf 88' lang='lat' dir='ltr'><strong>visum</strong></span> <span class='ocrx_word' id='word_1_18' title='bbox 1080 977 1129 1032; x_wconf 89' lang='lat' dir='ltr'><strong>est</strong></span> <span class='ocrx_word' id='word_1_19' title='bbox 1144 969 1231 1032; x_wconf 86' lang='lat' dir='ltr'><strong>istud</strong></span> <span class='ocrx_word' id='word_1_20' title='bbox 1243 971 1285 1032; x_wconf 77' lang='grc' dir='ltr'><strong>ὧν</strong></span> <span class='ocrx_word' id='word_1_21' title='bbox 1299 968 1449 1054; x_wconf 84' lang='lat' dir='ltr'><strong>recipere,</strong></span> 
     </span>
     <span class='ocr_line' id='line_1_4' title="bbox 350 1065 1451 1155; baseline 0.007 -27"><span class='ocrx_word' id='word_1_22' title='bbox 350 1065 406 1128; x_wconf 88' lang='lat' dir='ltr'><strong>sed</strong></span> <span class='ocrx_word' id='word_1_23' title='bbox 417 1066 513 1129; x_wconf 83' lang='lat' dir='ltr'><strong>verba</strong></span> <span class='ocrx_word' id='word_1_24' title='bbox 524 1066 583 1129; x_wconf 82' lang='grc' dir='ltr'><strong>ἀπὸ</strong></span> <span class='ocrx_word' id='word_1_25' title='bbox 597 1072 656 1129; x_wconf 81' lang='grc' dir='ltr'><strong>τῶν</strong></span> <span class='ocrx_word' id='word_1_26' title='bbox 672 1070 747 1130; x_wconf 75' lang='grc' dir='ltr'><strong>ἑπτὰ</strong></span> <span class='ocrx_word' id='word_1_27' title='bbox 761 1067 907 1146; x_wconf 77' lang='grc' dir='ltr'>αἱρέσεων</span> <span class='ocrx_word' id='word_1_28' title='bbox 919 1066 1110 1152; x_wconf 85' lang='lat' dir='ltr'><strong>conjungere</strong></span> <span class='ocrx_word' id='word_1_29' title='bbox 1122 1091 1193 1132; x_wconf 91' lang='lat' dir='ltr'><strong>cum</strong></span> <span class='ocrx_word' id='word_1_30' title='bbox 1205 1069 1301 1153; x_wconf 88' lang='lat' dir='ltr'><strong>puulc</strong></span> <span class='ocrx_word' id='word_1_31' title='bbox 1315 1081 1389 1155; x_wconf 88' lang='lat' dir='ltr'><strong>post</strong></span> <span class='ocrx_word' id='word_1_32' title='bbox 1403 1092 1451 1136; x_wconf 84' lang='lat' dir='ltr'><strong>se·</strong></span> 
     </span>
     <span class='ocr_line' id='line_1_5' title="bbox 350 1167 1452 1256; baseline 0.008 -28"><span class='ocrx_word' id='word_1_33' title='bbox 350 1167 521 1249; x_wconf 80' lang='lat' dir='ltr'><strong>quentibus</strong></span> <span class='ocrx_word' id='word_1_34' title='bbox 536 1168 1025 1249; x_wconf 67' lang='lat' dir='ltr'><strong>lucesce-——ccpmc&#39;eiycyen</strong></span> <span class='ocrx_word' id='word_1_35' title='bbox 1051 1170 1309 1235; x_wconf 75' lang='lat' dir='ltr'><strong>Zimmermenno</strong></span> <span class='ocrx_word' id='word_1_36' title='bbox 1324 1172 1452 1256; x_wconf 78' lang='lat' dir='ltr'><strong>quidem</strong></span> 
     </span>
     <span class='ocr_line' id='line_1_6' title="bbox 351 1267 1452 1353; baseline 0.007 -23"><span class='ocrx_word' id='word_1_37' title='bbox 351 1267 526 1330; x_wconf 77' lang='lat' dir='ltr'><strong>Eusebium</strong></span> <span class='ocrx_word' id='word_1_38' title='bbox 548 1268 655 1331; x_wconf 80' lang='lat' dir='ltr'>edenti</span> <span class='ocrx_word' id='word_1_39' title='bbox 679 1269 721 1331; x_wconf 81' lang='grc' dir='ltr'><strong>ὢν</strong></span> <span class='ocrx_word' id='word_1_40' title='bbox 743 1269 875 1353; x_wconf 75' lang='lat' dir='ltr'><strong>placuit,</strong></span> <span class='ocrx_word' id='word_1_41' title='bbox 895 1270 1091 1353; x_wconf 85' lang='lat' dir='ltr'><strong>eundemque</strong></span> <span class='ocrx_word' id='word_1_42' title='bbox 1112 1272 1260 1353; x_wconf 85' lang='lat' dir='ltr'><strong>probavit</strong></span> <span class='ocrx_word' id='word_1_43' title='bbox 1280 1273 1452 1338; x_wconf 84' lang='lat' dir='ltr'><strong>lectionem</strong></span> 
     </span>
     <span class='ocr_line' id='line_1_7' title="bbox 350 1367 1451 1459; baseline 0.006 -28"><span class='ocrx_word' id='word_1_44' title='bbox 350 1367 389 1431; x_wconf 86' lang='lat' dir='ltr'><strong>cl.</strong></span> <span class='ocrx_word' id='word_1_45' title='bbox 422 1368 610 1431; x_wconf 90' lang='lat' dir='ltr'><strong>Heinichen.</strong></span> <span class='ocrx_word' id='word_1_46' title='bbox 657 1369 748 1431; x_wconf 90' lang='lat' dir='ltr'><strong>Nunc</strong></span> <span class='ocrx_word' id='word_1_47' title='bbox 764 1391 823 1452; x_wconf 83' lang='lat' dir='ltr'><strong>ego</strong></span> <span class='ocrx_word' id='word_1_48' title='bbox 839 1368 1052 1453; x_wconf 78' lang='lat' dir='ltr'><strong>Nicephorum</strong></span> <span class='ocrx_word' id='word_1_49' title='bbox 1067 1378 1195 1435; x_wconf 89' lang='lat' dir='ltr'><strong>secutus</strong></span> <span class='ocrx_word' id='word_1_50' title='bbox 1210 1373 1300 1436; x_wconf 87' lang='lat' dir='ltr'><strong>omisi</strong></span> <span class='ocrx_word' id='word_1_51' title='bbox 1321 1374 1363 1438; x_wconf 78' lang='grc' dir='ltr'><strong>ὣν</strong></span> <span class='ocrx_word' id='word_1_52' title='bbox 1377 1383 1451 1459; x_wconf 81' lang='lat' dir='ltr'><strong>post</strong></span> 
     </span>
     <span class='ocr_line' id='line_1_8' title="bbox 351 1465 1452 1557; baseline 0.005 -27"><span class='ocrx_word' id='word_1_53' title='bbox 351 1465 506 1546; x_wconf 81' lang='grc' dir='ltr'>αἱρέσεων,</span> <span class='ocrx_word' id='word_1_54' title='bbox 523 1467 570 1529; x_wconf 80' lang='lat' dir='ltr'><strong>ite</strong></span> <span class='ocrx_word' id='word_1_55' title='bbox 585 1489 708 1550; x_wconf 88' lang='lat' dir='ltr'><strong>quoque</strong></span> <span class='ocrx_word' id='word_1_56' title='bbox 724 1477 867 1531; x_wconf 88' lang='lat' dir='ltr'><strong>vertente</strong></span> <span class='ocrx_word' id='word_1_57' title='bbox 883 1469 981 1531; x_wconf 89' lang='lat' dir='ltr'><strong>veteri</strong></span> <span class='ocrx_word' id='word_1_58' title='bbox 996 1469 1170 1553; x_wconf 79' lang='lat' dir='ltr'><strong>interprete</strong></span> <span class='ocrx_word' id='word_1_59' title='bbox 1186 1471 1375 1557; x_wconf 70' lang='lat' dir='ltr'><strong>Rufinoqui</strong></span> <span class='ocrx_word' id='word_1_60' title='bbox 1385 1481 1452 1537; x_wconf 78' lang='lat' dir='ltr'><strong>crat</strong></span> 
     </span>
    </p>
   </div>
   <div class='ocr_carea' id='block_1_3' title="bbox 349 1567 1455 4776">
    <p class='ocr_par' dir='ltr' id='par_1_3' title="bbox 349 1567 1452 2260">
     <span class='ocr_line' id='line_1_9' title="bbox 356 1567 1452 1656; baseline 0.004 -24"><span class='ocrx_word' id='word_1_61' title='bbox 356 1567 832 1654; x_wconf 61' lang='lat' dir='ltr'><strong>mimicmlurcsillusiupcpmlc</strong></span> <span class='ocrx_word' id='word_1_62' title='bbox 841 1570 1015 1632; x_wconf 74' lang='grc' dir='ltr'>οοανὶἰὶαἱὶο.</span> <span class='ocrx_word' id='word_1_63' title='bbox 1042 1572 1090 1634; x_wconf 88' lang='lat' dir='ltr'><strong>At</strong></span> <span class='ocrx_word' id='word_1_64' title='bbox 1101 1573 1281 1656; x_wconf 88' lang='lat' dir='ltr'><strong>nuperrime</strong></span> <span class='ocrx_word' id='word_1_65' title='bbox 1292 1573 1330 1636; x_wconf 86' lang='lat' dir='ltr'><strong>cl.</strong></span> <span class='ocrx_word' id='word_1_66' title='bbox 1341 1573 1452 1638; x_wconf 87' lang='lat' dir='ltr'><strong>Schul-</strong></span> 
     </span>
     <span class='ocr_line' id='line_1_10' title="bbox 350 1668 1450 1760; baseline 0.004 -26"><span class='ocrx_word' id='word_1_67' title='bbox 350 1670 449 1734; x_wconf 89' lang='lat' dir='ltr'><strong>thess.</strong></span> <span class='ocrx_word' id='word_1_68' title='bbox 467 1669 571 1731; x_wconf 85' lang='lat' dir='ltr'><strong>lecum</strong></span> <span class='ocrx_word' id='word_1_69' title='bbox 590 1668 635 1731; x_wconf 92' lang='lat' dir='ltr'><strong>sic</strong></span> <span class='ocrx_word' id='word_1_70' title='bbox 654 1669 795 1741; x_wconf 85' lang='lat' dir='ltr'><strong>refinxit,</strong></span> <span class='ocrx_word' id='word_1_71' title='bbox 812 1671 871 1732; x_wconf 83' lang='grc' dir='ltr'><strong>ἀπὸ</strong></span> <span class='ocrx_word' id='word_1_72' title='bbox 891 1676 951 1732; x_wconf 78' lang='grc' dir='ltr'><strong>τῶν</strong></span> <span class='ocrx_word' id='word_1_73' title='bbox 965 1671 1112 1751; x_wconf 78' lang='grc' dir='ltr'>αἱρέσεων</span> <span class='ocrx_word' id='word_1_74' title='bbox 1126 1672 1169 1735; x_wconf 77' lang='grc' dir='ltr'><strong>ὢν</strong></span> <span class='ocrx_word' id='word_1_75' title='bbox 1189 1674 1341 1741; x_wconf 71' lang='lat' dir='ltr'><strong>salciccle</strong></span> <span class='ocrx_word' id='word_1_76' title='bbox 1360 1677 1395 1738; x_wconf 73' lang='grc' dir='ltr'><strong>ἐν</strong></span> <span class='ocrx_word' id='word_1_77' title='bbox 1409 1679 1450 1760; x_wconf 72' lang='grc' dir='ltr'><strong>τῷ</strong></span> 
     </span>
     <span class='ocr_line' id='line_1_11' title="bbox 350 1767 1450 1857; baseline 0.005 -24"><span class='ocrx_word' id='word_1_78' title='bbox 350 1773 425 1856; x_wconf 69' lang='grc' dir='ltr'><strong>λαῷ,</strong></span> <span class='ocrx_word' id='word_1_79' title='bbox 444 1769 496 1850; x_wconf 77' lang='grc' dir='ltr'><strong>ἀφ’</strong></span> <span class='ocrx_word' id='word_1_80' title='bbox 513 1767 557 1845; x_wconf 81' lang='grc' dir='ltr'><strong>οὗ,</strong></span> <span class='ocrx_word' id='word_1_81' title='bbox 569 1777 724 1854; x_wconf 79' lang='lat' dir='ltr'><strong>tunquam</strong></span> <span class='ocrx_word' id='word_1_82' title='bbox 740 1770 766 1832; x_wconf 90' lang='lat' dir='ltr'><strong>si</strong></span> <span class='ocrx_word' id='word_1_83' title='bbox 782 1770 984 1854; x_wconf 84' lang='lat' dir='ltr'><strong>Hegesippus</strong></span> <span class='ocrx_word' id='word_1_84' title='bbox 994 1771 1088 1846; x_wconf 89' lang='lat' dir='ltr'><strong>viros,</strong></span> <span class='ocrx_word' id='word_1_85' title='bbox 1100 1772 1154 1857; x_wconf 85' lang='lat' dir='ltr'><strong>qui</strong></span> <span class='ocrx_word' id='word_1_86' title='bbox 1168 1783 1354 1856; x_wconf 84' lang='lat' dir='ltr'><strong>sequnntur,</strong></span> <span class='ocrx_word' id='word_1_87' title='bbox 1368 1775 1450 1839; x_wconf 84' lang='lat' dir='ltr'><strong>The-</strong></span> 
     </span>
     <span class='ocr_line' id='line_1_12' title="bbox 350 1870 1451 1956; baseline 0.004 -21"><span class='ocrx_word' id='word_1_88' title='bbox 350 1873 450 1936; x_wconf 87' lang='lat' dir='ltr'><strong>buthe</strong></span> <span class='ocrx_word' id='word_1_89' title='bbox 473 1871 665 1955; x_wconf 78' lang='lat' dir='ltr'><strong>posteriores</strong></span> <span class='ocrx_word' id='word_1_90' title='bbox 687 1872 826 1947; x_wconf 83' lang='lat' dir='ltr'><strong>lecisset,</strong></span> <span class='ocrx_word' id='word_1_91' title='bbox 848 1870 979 1954; x_wconf 76' lang='lat' dir='ltr'><strong>Syncbcl.</strong></span> <span class='ocrx_word' id='word_1_92' title='bbox 1004 1894 1033 1956; x_wconf 96' lang='lat' dir='ltr'><strong>p.</strong></span> <span class='ocrx_word' id='word_1_93' title='bbox 1054 1889 1105 1953; x_wconf 90' lang='lat'><strong>74.</strong></span> <span class='ocrx_word' id='word_1_94' title='bbox 1162 1873 1304 1949; x_wconf 78' lang='lat' dir='ltr'><strong>Prseivit,</strong></span> <span class='ocrx_word' id='word_1_95' title='bbox 1326 1884 1365 1939; x_wconf 89' lang='lat' dir='ltr'><strong>ut</strong></span> <span class='ocrx_word' id='word_1_96' title='bbox 1389 1875 1451 1940; x_wconf 87' lang='lat' dir='ltr'><strong>hcc</strong></span> 
     </span>
     <span class='ocr_line' id='line_1_13' title="bbox 349 1970 1451 2061; baseline 0.003 -25"><span class='ocrx_word' id='word_1_97' title='bbox 349 1972 485 2056; x_wconf 90' lang='lat' dir='ltr'><strong>denique</strong></span> <span class='ocrx_word' id='word_1_98' title='bbox 501 1981 620 2047; x_wconf 89' lang='lat' dir='ltr'><strong>notem,</strong></span> <span class='ocrx_word' id='word_1_99' title='bbox 637 1972 822 2056; x_wconf 86' lang='lat' dir='ltr'><strong>Hegesippe</strong></span> <span class='ocrx_word' id='word_1_100' title='bbox 836 1971 868 2033; x_wconf 93' lang='lat' dir='ltr'><strong>in</strong></span> <span class='ocrx_word' id='word_1_101' title='bbox 883 1970 946 2045; x_wconf 87' lang='lat' dir='ltr'><strong>illo,</strong></span> <span class='ocrx_word' id='word_1_102' title='bbox 963 1977 1022 2035; x_wconf 81' lang='grc' dir='ltr'><strong>τῶν</strong></span> <span class='ocrx_word' id='word_1_103' title='bbox 1037 1972 1183 2054; x_wconf 72' lang='grc' dir='ltr'><strong>αἱρέσεων</strong></span> <span class='ocrx_word' id='word_1_104' title='bbox 1197 1978 1258 2037; x_wconf 78' lang='grc' dir='ltr'><strong>τῶν</strong></span> <span class='ocrx_word' id='word_1_105' title='bbox 1273 1978 1307 2038; x_wconf 80' lang='grc' dir='ltr'><strong>ἐν</strong></span> <span class='ocrx_word' id='word_1_106' title='bbox 1321 1978 1361 2060; x_wconf 72' lang='grc' dir='ltr'><strong>τῷ</strong></span> <span class='ocrx_word' id='word_1_107' title='bbox 1373 1976 1451 2061; x_wconf 73' lang='grc' dir='ltr'><strong>λαῷ,</strong></span> 
     </span>
     <span class='ocr_line' id='line_1_14' title="bbox 350 2072 1452 2159; baseline 0.004 -23"><span class='ocrx_word' id='word_1_108' title='bbox 350 2073 384 2136; x_wconf 91' lang='lat' dir='ltr'><strong>S.</strong></span> <span class='ocrx_word' id='word_1_109' title='bbox 406 2074 524 2136; x_wconf 89' lang='lat' dir='ltr'><strong>Petrus</strong></span> <span class='ocrx_word' id='word_1_110' title='bbox 544 2072 577 2135; x_wconf 90' lang='lat' dir='ltr'><strong>in</strong></span> <span class='ocrx_word' id='word_1_111' title='bbox 596 2073 740 2156; x_wconf 78' lang='lat' dir='ltr'><strong>Epistola</strong></span> <span class='ocrx_word' id='word_1_112' title='bbox 759 2074 932 2159; x_wconf 71' lang='lat' dir='ltr'><strong>posteriorc,</strong></span> <span class='ocrx_word' id='word_1_113' title='bbox 949 2074 1090 2154; x_wconf 75' lang='grc' dir='ltr'>ἐγένοντο</span> <span class='ocrx_word' id='word_1_114' title='bbox 1105 2077 1139 2137; x_wconf 72' lang='grc' dir='ltr'><strong>δὲ</strong></span> <span class='ocrx_word' id='word_1_115' title='bbox 1152 2079 1402 2158; x_wconf 70' lang='grc' dir='ltr'>ψευδοπροφῆται</span> <span class='ocrx_word' id='word_1_116' title='bbox 1417 2078 1452 2140; x_wconf 75' lang='grc' dir='ltr'><strong>ἐν</strong></span> 
     </span>
     <span class='ocr_line' id='line_1_15' title="bbox 350 2174 634 2260; baseline -0.011 -22"><span class='ocrx_word' id='word_1_117' title='bbox 350 2177 390 2260; x_wconf 70' lang='grc' dir='ltr'><strong>τῷ</strong></span> <span class='ocrx_word' id='word_1_118' title='bbox 405 2179 469 2259; x_wconf 69' lang='grc' dir='ltr'><strong>λαῷ</strong></span> <span class='ocrx_word' id='word_1_119' title='bbox 485 2174 634 2237; x_wconf 86' lang='lat' dir='ltr'><strong>scribens.</strong></span> 
     </span>
    </p>

    <p class='ocr_par' dir='ltr' id='par_1_4' title="bbox 350 2275 1451 2564">
     <span class='ocr_line' id='line_1_16' title="bbox 395 2275 1451 2362; baseline 0.003 -23"><span class='ocrx_word' id='word_1_120' title='bbox 395 2277 433 2339; x_wconf 91' lang='lat' dir='ltr'><strong>P.</strong></span> <span class='ocrx_word' id='word_1_121' title='bbox 446 2279 519 2339; x_wconf 81' lang='lat'>216.</span> <span class='ocrx_word' id='word_1_122' title='bbox 540 2276 602 2339; x_wconf 83' lang='lat' dir='ltr'><strong>l.1.</strong></span> <span class='ocrx_word' id='word_1_123' title='bbox 624 2278 654 2338; x_wconf 92' lang='grc' dir='ltr'><strong>οἱ</strong></span> <span class='ocrx_word' id='word_1_124' title='bbox 668 2276 862 2362; x_wconf 83' lang='grc' dir='ltr'>Σιμωνιωνοὶ]</span> <span class='ocrx_word' id='word_1_125' title='bbox 888 2275 988 2340; x_wconf 81' lang='lat' dir='ltr'><strong>Deest</strong></span> <span class='ocrx_word' id='word_1_126' title='bbox 1008 2276 1162 2339; x_wconf 78' lang='lat' dir='ltr'><strong>articulus</strong></span> <span class='ocrx_word' id='word_1_127' title='bbox 1181 2278 1211 2340; x_wconf 92' lang='grc' dir='ltr'><strong>οἱ</strong></span> <span class='ocrx_word' id='word_1_128' title='bbox 1228 2276 1263 2338; x_wconf 87' lang='lat' dir='ltr'><strong>in</strong></span> <span class='ocrx_word' id='word_1_129' title='bbox 1280 2276 1329 2340; x_wconf 82' lang='lat' dir='ltr'><strong>cd.</strong></span> <span class='ocrx_word' id='word_1_130' title='bbox 1344 2277 1451 2362; x_wconf 65' lang='lat' dir='ltr'><strong>Sept.</strong></span> 
     </span>
     <span class='ocr_line' id='line_1_17' title="bbox 350 2376 1450 2459; baseline -0.001 -18"><span class='ocrx_word' id='word_1_131' title='bbox 350 2377 489 2441; x_wconf 82' lang='lat' dir='ltr'><strong>Srucrn.</strong></span> <span class='ocrx_word' id='word_1_132' title='bbox 530 2376 624 2439; x_wconf 86' lang='lat' dir='ltr'><strong>Adde</strong></span> <span class='ocrx_word' id='word_1_133' title='bbox 638 2376 710 2439; x_wconf 75' lang='lat' dir='ltr'><strong>MS.</strong></span> <span class='ocrx_word' id='word_1_134' title='bbox 727 2377 866 2459; x_wconf 76' lang='lat' dir='ltr'><strong>Nerscle.</strong></span> <span class='ocrx_word' id='word_1_135' title='bbox 882 2385 917 2441; x_wconf 86' lang='lat' dir='ltr'><strong>et</strong></span> <span class='ocrx_word' id='word_1_136' title='bbox 930 2398 1014 2440; x_wconf 92' lang='lat' dir='ltr'><strong>nunc</strong></span> <span class='ocrx_word' id='word_1_137' title='bbox 1030 2378 1189 2441; x_wconf 78' lang='lat' dir='ltr'><strong>referente</strong></span> <span class='ocrx_word' id='word_1_138' title='bbox 1203 2377 1350 2442; x_wconf 86' lang='lat' dir='ltr'><strong>Burteno</strong></span> <span class='ocrx_word' id='word_1_139' title='bbox 1362 2378 1450 2443; x_wconf 75' lang='lat' dir='ltr'><strong>codd.</strong></span> 
     </span>
     <span class='ocr_line' id='line_1_18' title="bbox 350 2478 596 2564; baseline -0.008 -22"><span class='ocrx_word' id='word_1_140' title='bbox 350 2480 423 2564; x_wconf 61' lang='lat' dir='ltr'><strong>Rp.</strong></span> <span class='ocrx_word' id='word_1_141' title='bbox 438 2486 472 2542; x_wconf 91' lang='lat' dir='ltr'><strong>et</strong></span> <span class='ocrx_word' id='word_1_142' title='bbox 487 2478 596 2541; x_wconf 71' lang='lat' dir='ltr'><strong>Pc‘rs&#39;e</strong></span> 
     </span>
    </p>

    <p class='ocr_par' dir='ltr' id='par_1_5' title="bbox 349 2576 1453 3748">
     <span class='ocr_line' id='line_1_19' title="bbox 396 2576 1448 2664; baseline 0.002 -23"><span class='ocrx_word' id='word_1_143' title='bbox 396 2579 477 2642; x_wconf 89' lang='lat' dir='ltr'><strong>lbid.</strong></span> <span class='ocrx_word' id='word_1_144' title='bbox 512 2580 671 2657; x_wconf 79' lang='grc' dir='ltr'>Κλεόβιος,</span> <span class='ocrx_word' id='word_1_145' title='bbox 701 2579 772 2641; x_wconf 82' lang='grc' dir='ltr'>ὅθεν</span> <span class='ocrx_word' id='word_1_146' title='bbox 803 2576 1001 2662; x_wconf 79' lang='grc' dir='ltr'>Κλεοβιηνοὶ]</span> <span class='ocrx_word' id='word_1_147' title='bbox 1035 2576 1185 2643; x_wconf 83' lang='lat' dir='ltr'><strong>Cleobius</strong></span> <span class='ocrx_word' id='word_1_148' title='bbox 1220 2578 1340 2645; x_wconf 87' lang='lat' dir='ltr'><strong>Simoni</strong></span> <span class='ocrx_word' id='word_1_149' title='bbox 1373 2601 1448 2664; x_wconf 83' lang='lat' dir='ltr'><strong>syn·</strong></span> 
     </span>
     <span class='ocr_line' id='line_1_20' title="bbox 350 2678 1450 2764; baseline 0.001 -22"><span class='ocrx_word' id='word_1_150' title='bbox 350 2680 487 2742; x_wconf 91' lang='lat' dir='ltr'><strong>chrcnus</strong></span> <span class='ocrx_word' id='word_1_151' title='bbox 517 2679 589 2764; x_wconf 91' lang='lat' dir='ltr'><strong>ipse</strong></span> <span class='ocrx_word' id='word_1_152' title='bbox 627 2679 755 2762; x_wconf 84' lang='lat' dir='ltr'><strong>ignatio</strong></span> <span class='ocrx_word' id='word_1_153' title='bbox 790 2680 938 2760; x_wconf 82' lang='lat' dir='ltr'><strong>Martyre</strong></span> <span class='ocrx_word' id='word_1_154' title='bbox 972 2678 1135 2761; x_wconf 74' lang='lat' dir='ltr'><strong>antiquior</strong></span> <span class='ocrx_word' id='word_1_155' title='bbox 1167 2679 1240 2743; x_wconf 80' lang='lat' dir='ltr'><strong>fuit.</strong></span> <span class='ocrx_word' id='word_1_156' title='bbox 1303 2680 1450 2743; x_wconf 90' lang='lat' dir='ltr'><strong>Eundem</strong></span> 
     </span>
     <span class='ocr_line' id='line_1_21' title="bbox 349 2777 1451 2861; baseline -0.001 -19"><span class='ocrx_word' id='word_1_157' title='bbox 349 2780 446 2844; x_wconf 82' lang='lat' dir='ltr'><strong>luisse</strong></span> <span class='ocrx_word' id='word_1_158' title='bbox 467 2802 539 2844; x_wconf 91' lang='lat' dir='ltr'><strong>eum</strong></span> <span class='ocrx_word' id='word_1_159' title='bbox 560 2778 711 2845; x_wconf 79' lang='lat' dir='ltr'><strong>Cleobule</strong></span> <span class='ocrx_word' id='word_1_160' title='bbox 733 2779 827 2842; x_wconf 89' lang='lat' dir='ltr'><strong>decet</strong></span> <span class='ocrx_word' id='word_1_161' title='bbox 849 2777 1048 2861; x_wconf 75' lang='lat' dir='ltr'><strong>Epiphanius</strong></span> <span class='ocrx_word' id='word_1_162' title='bbox 1069 2778 1182 2841; x_wconf 69' lang='lat' dir='ltr'><strong>heresi</strong></span> <span class='ocrx_word' id='word_1_163' title='bbox 1204 2777 1235 2841; x_wconf 93' lang='lat' dir='ltr'><strong>li.</strong></span> <span class='ocrx_word' id='word_1_164' title='bbox 1256 2786 1293 2842; x_wconf 92' lang='lat' dir='ltr'><strong>ut</strong></span> <span class='ocrx_word' id='word_1_165' title='bbox 1314 2779 1451 2842; x_wconf 91' lang='lat' dir='ltr'><strong>eundem</strong></span> 
     </span>
     <span class='ocr_line' id='line_1_22' title="bbox 351 2878 1450 2944; baseline -0.001 -2"><span class='ocrx_word' id='word_1_166' title='bbox 351 2879 548 2944; x_wconf 85' lang='lat' dir='ltr'><strong>Haereticum</strong></span> <span class='ocrx_word' id='word_1_167' title='bbox 559 2880 612 2944; x_wconf 85' lang='lat' dir='ltr'><strong>elii</strong></span> <span class='ocrx_word' id='word_1_168' title='bbox 625 2879 820 2943; x_wconf 81' lang='lat' dir='ltr'><strong>Saturnilum</strong></span> <span class='ocrx_word' id='word_1_169' title='bbox 829 2878 883 2942; x_wconf 84' lang='lat' dir='ltr'><strong>alii</strong></span> <span class='ocrx_word' id='word_1_170' title='bbox 895 2878 1102 2942; x_wconf 76' lang='lat' dir='ltr'><strong>Saturninum</strong></span> <span class='ocrx_word' id='word_1_171' title='bbox 1111 2879 1278 2943; x_wconf 75' lang='lat' dir='ltr'><strong>vocabant.</strong></span> <span class='ocrx_word' id='word_1_172' title='bbox 1293 2878 1450 2942; x_wconf 74' lang='lat' dir='ltr'><strong>Renemc.</strong></span> 
     </span>
     <span class='ocr_line' id='line_1_23' title="bbox 350 2976 1451 3065; baseline 0 -21"><span class='ocrx_word' id='word_1_173' title='bbox 350 3003 391 3044; x_wconf 85' lang='lat' dir='ltr'><strong>ex</strong></span> <span class='ocrx_word' id='word_1_174' title='bbox 412 2982 576 3045; x_wconf 81' lang='lat' dir='ltr'><strong>Peersonii</strong></span> <span class='ocrx_word' id='word_1_175' title='bbox 599 2982 719 3045; x_wconf 72' lang='lat' dir='ltr'><strong>Vindio.</strong></span> <span class='ocrx_word' id='word_1_176' title='bbox 735 2982 839 3065; x_wconf 72' lang='lat' dir='ltr'><strong>Ipuct.</strong></span> <span class='ocrx_word' id='word_1_177' title='bbox 855 2980 960 3064; x_wconf 71' lang='lat' dir='ltr'><strong>Epet.</strong></span> <span class='ocrx_word' id='word_1_178' title='bbox 983 2980 1021 3042; x_wconf 91' lang='lat' dir='ltr'><strong>P.</strong></span> <span class='ocrx_word' id='word_1_179' title='bbox 1036 2979 1068 3043; x_wconf 88' lang='lat' dir='ltr'><strong>ii.</strong></span> <span class='ocrx_word' id='word_1_180' title='bbox 1083 3002 1110 3042; x_wconf 92' lang='lat' dir='ltr'><strong>c.</strong></span> <span class='ocrx_word' id='word_1_181' title='bbox 1126 2979 1158 3042; x_wconf 90' lang='lat' dir='ltr'><strong>ii.</strong></span> <span class='ocrx_word' id='word_1_182' title='bbox 1173 3001 1248 3063; x_wconf 79' lang='lat' dir='ltr'><strong>pag.</strong></span> <span class='ocrx_word' id='word_1_183' title='bbox 1265 2997 1313 3059; x_wconf 85' lang='lat'><strong>17.</strong></span> <span class='ocrx_word' id='word_1_184' title='bbox 1352 2976 1451 3044; x_wconf 79' lang='grc' dir='ltr'>Ὅθεν</span> 
     </span>
     <span class='ocr_line' id='line_1_24' title="bbox 352 3077 1451 3165; baseline -0.001 -22"><span class='ocrx_word' id='word_1_185' title='bbox 352 3082 399 3143; x_wconf 81' lang='grc' dir='ltr'><strong>καὶ</strong></span> <span class='ocrx_word' id='word_1_186' title='bbox 416 3083 603 3160; x_wconf 74' lang='grc' dir='ltr'>Κλεοβιηνοῖ</span> <span class='ocrx_word' id='word_1_187' title='bbox 617 3081 663 3144; x_wconf 81' lang='lat' dir='ltr'><strong>cd.</strong></span> <span class='ocrx_word' id='word_1_188' title='bbox 679 3080 779 3165; x_wconf 65' lang='lat' dir='ltr'><strong>slepi.</strong></span> <span class='ocrx_word' id='word_1_189' title='bbox 826 3079 936 3143; x_wconf 78' lang='lat' dir='ltr'><strong>Lectio</strong></span> <span class='ocrx_word' id='word_1_190' title='bbox 952 3088 1082 3163; x_wconf 82' lang='lat' dir='ltr'><strong>receptu</strong></span> <span class='ocrx_word' id='word_1_191' title='bbox 1102 3080 1287 3158; x_wconf 81' lang='grc' dir='ltr'>Κλεοβιανοὶ</span> <span class='ocrx_word' id='word_1_192' title='bbox 1307 3085 1399 3143; x_wconf 77' lang='lat' dir='ltr'><strong>extat</strong></span> <span class='ocrx_word' id='word_1_193' title='bbox 1417 3077 1451 3142; x_wconf 91' lang='lat' dir='ltr'><strong>in</strong></span> 
     </span>
     <span class='ocr_line' id='line_1_25' title="bbox 351 3178 1450 3266; baseline -0.002 -21"><span class='ocrx_word' id='word_1_194' title='bbox 351 3183 479 3266; x_wconf 79' lang='lat' dir='ltr'><strong>Niceph.</strong></span> <span class='ocrx_word' id='word_1_195' title='bbox 491 3183 622 3244; x_wconf 83' lang='lat' dir='ltr'><strong>Srsorn.</strong></span> <span class='ocrx_word' id='word_1_196' title='bbox 655 3182 836 3259; x_wconf 79' lang='grc' dir='ltr'>Κλεοβιηνοὶ</span> <span class='ocrx_word' id='word_1_197' title='bbox 847 3182 922 3244; x_wconf 73' lang='lat' dir='ltr'><strong>Me.</strong></span> <span class='ocrx_word' id='word_1_198' title='bbox 935 3201 1062 3264; x_wconf 88' lang='lat' dir='ltr'><strong>quoque</strong></span> <span class='ocrx_word' id='word_1_199' title='bbox 1076 3180 1175 3243; x_wconf 77' lang='lat' dir='ltr'><strong>Sucil.</strong></span> <span class='ocrx_word' id='word_1_200' title='bbox 1191 3201 1246 3242; x_wconf 88' lang='lat' dir='ltr'><strong>scu</strong></span> <span class='ocrx_word' id='word_1_201' title='bbox 1260 3179 1351 3242; x_wconf 83' lang='lat' dir='ltr'><strong>Bedl.</strong></span> <span class='ocrx_word' id='word_1_202' title='bbox 1365 3178 1450 3263; x_wconf 89' lang='lat' dir='ltr'><strong>quod</strong></span> 
     </span>
     <span class='ocr_line' id='line_1_26' title="bbox 351 3279 1451 3367; baseline -0.002 -23"><span class='ocrx_word' id='word_1_203' title='bbox 351 3283 425 3345; x_wconf 88' lang='lat' dir='ltr'><strong>clim</strong></span> <span class='ocrx_word' id='word_1_204' title='bbox 440 3306 499 3367; x_wconf 88' lang='lat' dir='ltr'><strong>ego</strong></span> <span class='ocrx_word' id='word_1_205' title='bbox 514 3283 667 3347; x_wconf 76' lang='lat' dir='ltr'><strong>revocavi.</strong></span> <span class='ocrx_word' id='word_1_206' title='bbox 711 3283 844 3345; x_wconf 79' lang='lat' dir='ltr'><strong>Habent</strong></span> <span class='ocrx_word' id='word_1_207' title='bbox 858 3282 944 3346; x_wconf 91' lang='lat' dir='ltr'><strong>istud</strong></span> <span class='ocrx_word' id='word_1_208' title='bbox 962 3280 1150 3344; x_wconf 91' lang='lat' dir='ltr'><strong>Heinichen.</strong></span> <span class='ocrx_word' id='word_1_209' title='bbox 1166 3290 1200 3344; x_wconf 92' lang='lat' dir='ltr'><strong>et</strong></span> <span class='ocrx_word' id='word_1_210' title='bbox 1216 3279 1389 3357; x_wconf 85' lang='lat' dir='ltr'><strong>Burtonus,</strong></span> <span class='ocrx_word' id='word_1_211' title='bbox 1405 3279 1451 3343; x_wconf 80' lang='lat' dir='ltr'><strong>l&#39;e·</strong></span> 
     </span>
     <span class='ocr_line' id='line_1_27' title="bbox 351 3380 1450 3467; baseline -0.001 -21"><span class='ocrx_word' id='word_1_212' title='bbox 351 3384 497 3447; x_wconf 87' lang='lat' dir='ltr'><strong>ventibus</strong></span> <span class='ocrx_word' id='word_1_213' title='bbox 517 3384 644 3467; x_wconf 85' lang='lat' dir='ltr'><strong>quidem</strong></span> <span class='ocrx_word' id='word_1_214' title='bbox 663 3383 784 3447; x_wconf 74' lang='lat' dir='ltr'><strong>Graecis</strong></span> <span class='ocrx_word' id='word_1_215' title='bbox 806 3382 946 3459; x_wconf 85' lang='lat' dir='ltr'><strong>MSStis,</strong></span> <span class='ocrx_word' id='word_1_216' title='bbox 973 3383 1030 3445; x_wconf 86' lang='lat' dir='ltr'><strong>sed</strong></span> <span class='ocrx_word' id='word_1_217' title='bbox 1049 3388 1225 3465; x_wconf 85' lang='lat' dir='ltr'><strong>praestsute</strong></span> <span class='ocrx_word' id='word_1_218' title='bbox 1246 3380 1363 3443; x_wconf 83' lang='lat' dir='ltr'><strong>Rufino</strong></span> <span class='ocrx_word' id='word_1_219' title='bbox 1386 3388 1450 3445; x_wconf 85' lang='lat' dir='ltr'><strong>vet.</strong></span> 
     </span>
     <span class='ocr_line' id='line_1_28' title="bbox 350 3481 1452 3569; baseline -0.001 -22"><span class='ocrx_word' id='word_1_220' title='bbox 350 3484 525 3569; x_wconf 86' lang='lat' dir='ltr'><strong>interprete</strong></span> <span class='ocrx_word' id='word_1_221' title='bbox 537 3484 704 3548; x_wconf 78' lang='lat' dir='ltr'><strong>Clccbicui.</strong></span> <span class='ocrx_word' id='word_1_222' title='bbox 741 3484 851 3547; x_wconf 84' lang='lat' dir='ltr'><strong>Alium</strong></span> <span class='ocrx_word' id='word_1_223' title='bbox 862 3505 987 3567; x_wconf 88' lang='lat' dir='ltr'><strong>queque</strong></span> <span class='ocrx_word' id='word_1_224' title='bbox 1002 3482 1172 3546; x_wconf 78' lang='grc' dir='ltr'>Οἰνοόνὶααα</span> <span class='ocrx_word' id='word_1_225' title='bbox 1183 3481 1335 3545; x_wconf 74' lang='lat' dir='ltr'><strong>Archelai</strong></span> <span class='ocrx_word' id='word_1_226' title='bbox 1345 3503 1452 3565; x_wconf 74' lang='lat' dir='ltr'><strong>seque·</strong></span> 
     </span>
     <span class='ocr_line' id='line_1_29' title="bbox 351 3582 1453 3668; baseline -0.001 -21"><span class='ocrx_word' id='word_1_227' title='bbox 351 3584 413 3648; x_wconf 91' lang='lat' dir='ltr'><strong>lem</strong></span> <span class='ocrx_word' id='word_1_228' title='bbox 427 3592 583 3648; x_wconf 82' lang='lat' dir='ltr'><strong>memoret</strong></span> <span class='ocrx_word' id='word_1_229' title='bbox 597 3607 638 3647; x_wconf 86' lang='lat' dir='ltr'><strong>ex</strong></span> <span class='ocrx_word' id='word_1_230' title='bbox 653 3584 803 3647; x_wconf 77' lang='lat' dir='ltr'><strong>Archelai</strong></span> <span class='ocrx_word' id='word_1_231' title='bbox 818 3591 852 3647; x_wconf 90' lang='lat' dir='ltr'><strong>et</strong></span> <span class='ocrx_word' id='word_1_232' title='bbox 869 3583 1011 3649; x_wconf 85' lang='lat' dir='ltr'><strong>Menetis</strong></span> <span class='ocrx_word' id='word_1_233' title='bbox 1021 3584 1237 3668; x_wconf 70' lang='lat' dir='ltr'><strong>Disputationes</strong></span> <span class='ocrx_word' id='word_1_234' title='bbox 1251 3582 1453 3667; x_wconf 74' lang='lat' dir='ltr'><strong>Epiphanius</strong></span> 
     </span>
     <span class='ocr_line' id='line_1_30' title="bbox 352 3684 1405 3748; baseline 0.002 -3"><span class='ocrx_word' id='word_1_235' title='bbox 352 3685 468 3748; x_wconf 74' lang='lat' dir='ltr'><strong>Heres.</strong></span> <span class='ocrx_word' id='word_1_236' title='bbox 484 3685 557 3748; x_wconf 86' lang='lat' dir='ltr'><strong>lxvi.</strong></span> <span class='ocrx_word' id='word_1_237' title='bbox 573 3707 598 3748; x_wconf 91' lang='lat' dir='ltr'><strong>c.</strong></span> <span class='ocrx_word' id='word_1_238' title='bbox 622 3706 667 3747; x_wconf 90' lang='grc' dir='ltr'><strong>ιο.</strong></span> <span class='ocrx_word' id='word_1_239' title='bbox 686 3685 787 3747; x_wconf 84' lang='grc' dir='ltr'>καννοὶ</span> <span class='ocrx_word' id='word_1_240' title='bbox 804 3685 930 3747; x_wconf 68' lang='lat' dir='ltr'><strong>Graecei</strong></span> <span class='ocrx_word' id='word_1_241' title='bbox 944 3686 1040 3748; x_wconf 78' lang='lat' dir='ltr'><strong>Lcctt.</strong></span> <span class='ocrx_word' id='word_1_242' title='bbox 1055 3685 1097 3747; x_wconf 82' lang='lat' dir='ltr'><strong>cd</strong></span> <span class='ocrx_word' id='word_1_243' title='bbox 1112 3705 1202 3747; x_wconf 85' lang='lat' dir='ltr'><strong>orem</strong></span> <span class='ocrx_word' id='word_1_244' title='bbox 1216 3685 1266 3747; x_wconf 84' lang='lat' dir='ltr'><strong>ed.</strong></span> <span class='ocrx_word' id='word_1_245' title='bbox 1283 3684 1405 3748; x_wconf 80' lang='lat' dir='ltr'><strong>Gener.</strong></span> 
     </span>
    </p>

    <p class='ocr_par' dir='ltr' id='par_1_6' title="bbox 350 3782 1455 4776">
     <span class='ocr_line' id='line_1_31' title="bbox 397 3782 1453 3868; baseline 0.001 -22"><span class='ocrx_word' id='word_1_246' title='bbox 397 3784 477 3846; x_wconf 87' lang='lat' dir='ltr'><strong>Ibid.</strong></span> <span class='ocrx_word' id='word_1_247' title='bbox 489 3785 510 3847; x_wconf 87' lang='lat' dir='ltr'><strong>l.</strong></span> <span class='ocrx_word' id='word_1_248' title='bbox 524 3804 553 3847; x_wconf 70' lang='grc' dir='ltr'><strong>α.</strong></span> <span class='ocrx_word' id='word_1_249' title='bbox 565 3786 613 3848; x_wconf 82' lang='grc' dir='ltr'><strong>καὶ</strong></span> <span class='ocrx_word' id='word_1_250' title='bbox 629 3787 786 3857; x_wconf 80' lang='grc' dir='ltr'>Δοσίθεος,</span> <span class='ocrx_word' id='word_1_251' title='bbox 802 3786 873 3846; x_wconf 82' lang='grc' dir='ltr'>ὅθεν</span> <span class='ocrx_word' id='word_1_252' title='bbox 884 3783 1073 3868; x_wconf 84' lang='grc' dir='ltr'>Δοσιθιανοὶ]</span> <span class='ocrx_word' id='word_1_253' title='bbox 1087 3784 1171 3847; x_wconf 85' lang='lat' dir='ltr'><strong>Sunt</strong></span> <span class='ocrx_word' id='word_1_254' title='bbox 1184 3791 1293 3847; x_wconf 77' lang='lat' dir='ltr'><strong>temen</strong></span> <span class='ocrx_word' id='word_1_255' title='bbox 1308 3784 1363 3867; x_wconf 91' lang='lat' dir='ltr'><strong>qui</strong></span> <span class='ocrx_word' id='word_1_256' title='bbox 1377 3782 1453 3847; x_wconf 79' lang='lat' dir='ltr'><strong>seti-</strong></span> 
     </span>
     <span class='ocr_line' id='line_1_32' title="bbox 352 3882 1453 3967; baseline -0.001 -20"><span class='ocrx_word' id='word_1_257' title='bbox 352 3885 432 3947; x_wconf 82' lang='lat' dir='ltr'><strong>bunt</strong></span> <span class='ocrx_word' id='word_1_258' title='bbox 440 3884 523 3947; x_wconf 88' lang='lat' dir='ltr'><strong>hune</strong></span> <span class='ocrx_word' id='word_1_259' title='bbox 533 3885 721 3949; x_wconf 88' lang='lat' dir='ltr'><strong>Dositheum</strong></span> <span class='ocrx_word' id='word_1_260' title='bbox 729 3885 830 3947; x_wconf 88' lang='lat' dir='ltr'><strong>multo</strong></span> <span class='ocrx_word' id='word_1_261' title='bbox 840 3885 1052 3967; x_wconf 81' lang='lat' dir='ltr'><strong>antiquiorem</strong></span> <span class='ocrx_word' id='word_1_262' title='bbox 1063 3882 1170 3946; x_wconf 84' lang='lat' dir='ltr'><strong>fuisse.</strong></span> <span class='ocrx_word' id='word_1_263' title='bbox 1190 3882 1453 3946; x_wconf 82' lang='lat' dir='ltr'><strong>OertesiDrusio</strong></span> 
     </span>
     <span class='ocr_line' id='line_1_33' title="bbox 352 3982 1454 4068; baseline -0.002 -20"><span class='ocrx_word' id='word_1_264' title='bbox 352 3987 510 4049; x_wconf 88' lang='lat' dir='ltr'><strong>credimus</strong></span> <span class='ocrx_word' id='word_1_265' title='bbox 531 3986 564 4047; x_wconf 93' lang='lat' dir='ltr'><strong>in</strong></span> <span class='ocrx_word' id='word_1_266' title='bbox 587 3985 791 4068; x_wconf 90' lang='lat' dir='ltr'><strong>responsione</strong></span> <span class='ocrx_word' id='word_1_267' title='bbox 813 3985 855 4045; x_wconf 84' lang='lat' dir='ltr'><strong>cd</strong></span> <span class='ocrx_word' id='word_1_268' title='bbox 881 3983 1041 4046; x_wconf 84' lang='lat' dir='ltr'><strong>Minervsl</strong></span> <span class='ocrx_word' id='word_1_269' title='bbox 1064 3982 1182 4045; x_wconf 82' lang='lat' dir='ltr'><strong>Sererii</strong></span> <span class='ocrx_word' id='word_1_270' title='bbox 1207 4003 1278 4065; x_wconf 84' lang='lat' dir='ltr'><strong>esp.</strong></span> <span class='ocrx_word' id='word_1_271' title='bbox 1298 4000 1348 4044; x_wconf 89' lang='lat'><strong>10.</strong></span> <span class='ocrx_word' id='word_1_272' title='bbox 1372 3983 1454 4046; x_wconf 86' lang='lat' dir='ltr'><strong>vixit</strong></span> 
     </span>
     <span class='ocr_line' id='line_1_34' title="bbox 352 4081 1452 4165; baseline -0.003 -16"><span class='ocrx_word' id='word_1_273' title='bbox 352 4088 402 4151; x_wconf 90' lang='lat' dir='ltr'><strong>hic</strong></span> <span class='ocrx_word' id='word_1_274' title='bbox 422 4085 596 4149; x_wconf 80' lang='lat' dir='ltr'><strong>Dositheou</strong></span> <span class='ocrx_word' id='word_1_275' title='bbox 616 4085 699 4148; x_wconf 83' lang='lat' dir='ltr'><strong>eirca</strong></span> <span class='ocrx_word' id='word_1_276' title='bbox 720 4095 865 4165; x_wconf 83' lang='lat' dir='ltr'><strong>tempera</strong></span> <span class='ocrx_word' id='word_1_277' title='bbox 885 4082 1111 4146; x_wconf 82' lang='lat' dir='ltr'><strong>Sennacheribi</strong></span> <span class='ocrx_word' id='word_1_278' title='bbox 1133 4081 1217 4165; x_wconf 86' lang='lat' dir='ltr'><strong>regis</strong></span> <span class='ocrx_word' id='word_1_279' title='bbox 1236 4082 1452 4165; x_wconf 85' lang='lat' dir='ltr'><strong>Assyriorum.</strong></span> 
     </span>
     <span class='ocr_line' id='line_1_35' title="bbox 353 4182 1452 4270; baseline -0.003 -21"><span class='ocrx_word' id='word_1_280' title='bbox 353 4187 568 4270; x_wconf 86' lang='lat' dir='ltr'><strong>Hieronymus</strong></span> <span class='ocrx_word' id='word_1_281' title='bbox 587 4185 619 4248; x_wconf 92' lang='lat' dir='ltr'><strong>in</strong></span> <span class='ocrx_word' id='word_1_282' title='bbox 635 4184 760 4266; x_wconf 84' lang='lat' dir='ltr'><strong>diulege</strong></span> <span class='ocrx_word' id='word_1_283' title='bbox 782 4183 934 4246; x_wconf 79' lang='lat' dir='ltr'><strong>adversus</strong></span> <span class='ocrx_word' id='word_1_284' title='bbox 949 4182 1178 4246; x_wconf 86' lang='lat' dir='ltr'><strong>Luciferienos.</strong></span> <span class='ocrx_word' id='word_1_285' title='bbox 1228 4182 1321 4245; x_wconf 77' lang='lat' dir='ltr'><strong>Pcccc</strong></span> <span class='ocrx_word' id='word_1_286' title='bbox 1339 4182 1377 4246; x_wconf 76' lang='lat' dir='ltr'><strong>dc</strong></span> <span class='ocrx_word' id='word_1_287' title='bbox 1393 4185 1452 4246; x_wconf 80' lang='lat' dir='ltr'><strong>Ju-</strong></span> 
     </span>
     <span class='ocr_line' id='line_1_36' title="bbox 351 4282 1453 4370; baseline -0.002 -21"><span class='ocrx_word' id='word_1_288' title='bbox 351 4288 466 4350; x_wconf 84' lang='lat' dir='ltr'><strong>dc&#39;iemi</strong></span> <span class='ocrx_word' id='word_1_289' title='bbox 489 4287 647 4361; x_wconf 72' lang='lat' dir='ltr'><strong>hereticis,</strong></span> <span class='ocrx_word' id='word_1_290' title='bbox 672 4285 725 4370; x_wconf 84' lang='lat' dir='ltr'><strong>qui</strong></span> <span class='ocrx_word' id='word_1_291' title='bbox 750 4294 820 4348; x_wconf 78' lang='lat' dir='ltr'><strong>autc</strong></span> <span class='ocrx_word' id='word_1_292' title='bbox 844 4284 1006 4347; x_wconf 82' lang='lat' dir='ltr'><strong>adveutum</strong></span> <span class='ocrx_word' id='word_1_293' title='bbox 1033 4284 1159 4361; x_wconf 68' lang='lat' dir='ltr'><strong>curisti,</strong></span> <span class='ocrx_word' id='word_1_294' title='bbox 1184 4282 1274 4368; x_wconf 72' lang='lat' dir='ltr'><strong>lcpcm</strong></span> <span class='ocrx_word' id='word_1_295' title='bbox 1302 4282 1453 4347; x_wconf 77' lang='lat' dir='ltr'><strong>traditum</strong></span> 
     </span>
     <span class='ocr_line' id='line_1_37' title="bbox 351 4383 1455 4472; baseline -0.002 -21"><span class='ocrx_word' id='word_1_296' title='bbox 351 4389 563 4472; x_wconf 77' lang='lat' dir='ltr'><strong>dissiparunt:</strong></span> <span class='ocrx_word' id='word_1_297' title='bbox 586 4387 667 4471; x_wconf 78' lang='lat' dir='ltr'><strong>qued</strong></span> <span class='ocrx_word' id='word_1_298' title='bbox 682 4386 839 4449; x_wconf 81' lang='lat' dir='ltr'><strong>Desitleus</strong></span> <span class='ocrx_word' id='word_1_299' title='bbox 856 4385 1122 4447; x_wconf 65' lang='lat' dir='ltr'><strong>Scrncmtcncrum</strong></span> <span class='ocrx_word' id='word_1_300' title='bbox 1133 4384 1281 4468; x_wconf 81' lang='lat' dir='ltr'><strong>princeps</strong></span> <span class='ocrx_word' id='word_1_301' title='bbox 1290 4383 1455 4468; x_wconf 72' lang='lat' dir='ltr'><strong>prophetas</strong></span> 
     </span>
     <span class='ocr_line' id='line_1_38' title="bbox 351 4488 1454 4574; baseline 0.002 -23"><span class='ocrx_word' id='word_1_302' title='bbox 351 4491 546 4574; x_wconf 76' lang='lat' dir='ltr'><strong>repudiavit:</strong></span> <span class='ocrx_word' id='word_1_303' title='bbox 569 4491 650 4573; x_wconf 83' lang='lat' dir='ltr'><strong>qued</strong></span> <span class='ocrx_word' id='word_1_304' title='bbox 663 4489 828 4552; x_wconf 68' lang='lat' dir='ltr'><strong>Scddccoei</strong></span> <span class='ocrx_word' id='word_1_305' title='bbox 845 4511 882 4552; x_wconf 82' lang='lat' dir='ltr'><strong>cc</strong></span> <span class='ocrx_word' id='word_1_306' title='bbox 900 4488 987 4552; x_wconf 81' lang='lat' dir='ltr'><strong>illics</strong></span> <span class='ocrx_word' id='word_1_307' title='bbox 1005 4489 1111 4552; x_wconf 73' lang='lat' dir='ltr'><strong>radice</strong></span> <span class='ocrx_word' id='word_1_308' title='bbox 1128 4497 1289 4564; x_wconf 72' lang='lat' dir='ltr'><strong>nascentes,</strong></span> <span class='ocrx_word' id='word_1_309' title='bbox 1303 4488 1396 4551; x_wconf 80' lang='lat' dir='ltr'><strong>otium</strong></span> <span class='ocrx_word' id='word_1_310' title='bbox 1409 4507 1454 4553; x_wconf 78' lang='lat' dir='ltr'><strong>rc·</strong></span> 
     </span>
     <span class='ocr_line' id='line_1_39' title="bbox 350 4588 1454 4675; baseline 0 -22"><span class='ocrx_word' id='word_1_311' title='bbox 350 4592 561 4654; x_wconf 64' lang='lat' dir='ltr'><strong>mercationem</strong></span> <span class='ocrx_word' id='word_1_312' title='bbox 585 4591 688 4654; x_wconf 77' lang='lat' dir='ltr'><strong>comis</strong></span> <span class='ocrx_word' id='word_1_313' title='bbox 712 4598 905 4675; x_wconf 57' lang='lat' dir='ltr'><strong>repausent.</strong></span> <span class='ocrx_word' id='word_1_314' title='bbox 950 4589 1092 4675; x_wconf 81' lang='lat' dir='ltr'><strong>Scaliger</strong></span> <span class='ocrx_word' id='word_1_315' title='bbox 1116 4598 1237 4654; x_wconf 77' lang='lat' dir='ltr'><strong>temen-</strong></span> <span class='ocrx_word' id='word_1_316' title='bbox 1251 4588 1285 4651; x_wconf 94' lang='lat' dir='ltr'><strong>in</strong></span> <span class='ocrx_word' id='word_1_317' title='bbox 1310 4588 1454 4653; x_wconf 83' lang='lat' dir='ltr'><strong>Elenche</strong></span> 
     </span>
     <span class='ocr_line' id='line_1_40' title="bbox 351 4688 1454 4776; baseline -0.002 -19"><span class='ocrx_word' id='word_1_318' title='bbox 351 4691 519 4758; x_wconf 74' lang='lat' dir='ltr'><strong>trihaeresii</strong></span> <span class='ocrx_word' id='word_1_319' title='bbox 534 4713 605 4776; x_wconf 83' lang='lat' dir='ltr'><strong>cup.</strong></span> <span class='ocrx_word' id='word_1_320' title='bbox 620 4708 669 4776; x_wconf 84' lang='lat'><strong>15.</strong></span> <span class='ocrx_word' id='word_1_321' title='bbox 713 4690 904 4757; x_wconf 88' lang='lat' dir='ltr'><strong>Dositheum</strong></span> <span class='ocrx_word' id='word_1_322' title='bbox 922 4689 1051 4757; x_wconf 76' lang='lat' dir='ltr'><strong>Christe</strong></span> <span class='ocrx_word' id='word_1_323' title='bbox 1067 4688 1277 4756; x_wconf 87' lang='lat' dir='ltr'><strong>recentiorem</strong></span> <span class='ocrx_word' id='word_1_324' title='bbox 1292 4710 1363 4755; x_wconf 85' lang='lat' dir='ltr'><strong>esse</strong></span> <span class='ocrx_word' id='word_1_325' title='bbox 1379 4709 1454 4755; x_wconf 86' lang='lat' dir='ltr'><strong>ceu·</strong></span> 
     </span>
    </p>
   </div>
   <div class='ocr_carea' id='block_1_4' title="bbox 0 0 1912 5650">
    <p class='ocr_par' dir='ltr' id='par_1_7' title="bbox 0 0 1912 5650">
     <span class='ocr_line' id='line_1_41' title="bbox 0 0 1912 5650; baseline 0 0"><span class='ocrx_word' id='word_1_326' title='bbox 0 0 1912 5650; x_wconf 95' lang='lat' dir='ltr'><strong> </strong></span> 
     </span>
    </p>
   </div>
  </div>
 </body>
</html>
