3809 5650
472 687 536 753 192
841 684 1203 748 ANNOTATIONES

468 854 615 918 σιιάσσιαν
629 854 762 917 demotos
776 855 861 918 eirea
876 854 956 917 idem
971 864 1086 940 impos
1101 855 1295 937 Martyrium
1303 856 1394 938 possi
1409 865 1488 918 sont.
1534 859 1578 917 Τὸ

471 958 611 1038 φυτεύειν
632 955 717 1018 enim
739 955 866 1040 phrasis
888 964 937 1020 est
961 956 1307 1041 Scriptuarin.—-—At
1332 957 1385 1040 qui
1411 958 1445 1020 τὸ
1469 958 1580 1039 φοιτᾷν

472 1057 638 1143 Apostolis
660 1057 828 1134 tribueret,
845 1079 900 1121 eos
919 1079 984 1120 non
1003 1058 1151 1120 doctores
1166 1058 1222 1120 sed
1238 1057 1408 1142 discipulos
1429 1058 1579 1121 efficeret.

471 1158 642 1239 —Quin
657 1158 755 1223 etiem
768 1157 913 1222 Valesius
927 1161 1034 1239 άμάσε,
1050 1165 1108 1222 sut
1128 1159 1210 1222 male
1227 1159 1405 1232 transtulit,
1421 1166 1479 1222 ont
1493 1159 1580 1243 peni·

471 1267 525 1324 tus
544 1259 662 1324 omisit.
706 1259 822 1340 Ὀμάσε
843 1261 927 1323 enim
952 1283 1015 1323 non
1036 1261 1137 1346 magis
1159 1260 1210 1323 hio
1232 1261 1326 1323 simet
1349 1282 1446 1343 quom
1472 1262 1580 1339 ὁμοίως

471 1360 641 1447 signifieat,
669 1363 763 1441 άμάσε
793 1362 964 1440 διδάξαντες
996 1362 1116 1447 aliquid
1149 1362 1237 1425 eliud
1272 1362 1440 1446 signifieat,
1465 1384 1579 1447 nempe

472 1483 579 1526 eornm
594 1461 751 1538 hostibus,
767 1470 801 1526 et
815 1462 958 1526 eominus
973 1470 1152 1548 pugnantes
1167 1463 1347 1527 doctrinam
1361 1463 1480 1527 Christi
1496 1485 1577 1546 prae·

471 1563 633 1627 dioabont.
680 1563 773 1642 Quod
797 1585 860 1626 non
884 1563 1005 1628 indicat
1030 1586 1085 1628 eos
1110 1564 1215 1640 simul,
1238 1570 1272 1628 et
1297 1565 1409 1627 eodem
1433 1570 1578 1647 tempore

471 1665 671 1748 praedioosse.
717 1664 799 1728 Nom
817 1666 932 1728 Graeoe
947 1667 1043 1744 ὁμόσε
1057 1669 1135 1728 ῐεναι
1154 1665 1272 1728 dieitur
1286 1665 1385 1728 otiam
1404 1687 1495 1742 unus,
1512 1665 1578 1729 sive

471 1788 608 1850 persona
622 1766 801 1851 singularis,
817 1765 1080 1851 ut—Hyperides
1094 1766 1249 1831 Oratione
1265 1773 1378 1829 contre
1390 1766 1577 1847 Athenoge·

471 1889 544 1931 nem
572 1870 641 1932 ἀλλ’
665 1870 760 1946 ὁμόσε
781 1870 934 1947 βούλομαι
958 1870 1105 1952 τῷλόγῳ
1130 1870 1223 1952 τούτῳ
1248 1868 1460 1931 Mein—Sin
1483 1871 1578 1947 ὁμόσε

469 1970 603 2054 exponit
627 1969 754 2047 Suidns,
778 1972 810 2047 ἐξ
835 1971 980 2043 ἐναντίας,
1005 1975 1152 2051 σφοδρῶς,
1174 1967 1318 2049 θρασέως.
1364 1969 1521 2032 Petason.
1538 1971 1578 2033 de

470 2070 677 2135 Suooessione
702 2072 877 2155 primorum
903 2071 1015 2135 Romae
1040 2070 1280 2155 Episcoporum,
1301 2092 1333 2154 p.
1349 2086 1403 2155 35.
1423 2071 1576 2135 efferente

473 2172 529 2236 W.
544 2172 703 2234 Lownmo.
751 2172 880 2236 Valesio
900 2173 1099 2253 φωνήσαντες
1116 2193 1285 2256 perperam
1303 2172 1475 2255 probatum
1495 2194 1574 2251 esse,

373 2314 375 2318 ,
471 2281 579 2337 oenset
606 2281 639 2337 et
666 2273 839 2338 Strothius.
885 2274 977 2337 Nuno
999 2274 1100 2337 addes
1122 2294 1259 2357 nuperos
1283 2272 1414 2337 Eusebii
1436 2274 1575 2338 editores

471 2375 697 2438 Zimmermnn.
713 2381 747 2439 et
770 2374 1016 2439 Heiniohenum.
1062 2375 1129 2438 Neo
1153 2375 1220 2439 sine
1244 2396 1342 2439 causa
1364 2376 1508 2459 profecto
1529 2376 1577 2441 ita

468 2483 623 2550 oensent;
652 2477 709 2540 sed
730 2498 805 2540 vero
832 2476 883 2539 hio
907 2476 1137 2539 observandum
1160 2483 1234 2560 post
1255 2476 1491 2540 Tillemontium
1515 2485 1575 2554 est,

472 2576 621 2663 Rufinum
636 2579 683 2642 ito.
695 2577 810 2643 Latine
825 2578 966 2650 vertisse,
980 2577 1069 2661 quasi
1084 2576 1213 2662 legisset
1228 2576 1434 2657 φαιτήσαντες.
1481 2577 1576 2642 Ambo

468 2680 577 2743 etenim
605 2680 699 2744 simut
724 2681 927 2756 adventantes,
955 2689 982 2743 et
1009 2681 1042 2741 in
1070 2689 1174 2742 nostro
1199 2680 1426 2744 Corinthiorum
1455 2679 1578 2743 eeclesia

469 2781 643 2848 άνσννιννιι.
688 2783 840 2847 Proxime
854 2788 930 2846 nnte
946 2784 1021 2846 κατά
1036 2802 1094 2866 pro
1110 2783 1153 2849 εἰς
1173 2781 1318 2865 Georyins
1333 2780 1465 2865 Synoslt.

514 2884 551 2947 P.
568 2886 637 2948 180.
653 2885 675 2947 l.
692 2903 742 2948 21.
765 2886 874 2963 ὁμοίως
889 2884 1037 2967 ἐδίδαξαν]
1061 2885 1168 2962 ὁμοίως
1181 2884 1238 2963 μὲν
1253 2885 1279 2946 ἐ.
1297 2882 1466 2966 Christopt.
1481 2883 1577 2946 Leott.

468 2994 566 3050 reete.
584 2986 719 3049 Snnonn.
744 2985 932 3069 Anonymus
947 3007 1072 3070 quoqne
1087 2985 1121 3047 in
1135 2985 1217 3048 libro
1225 2984 1425 3048 bibliotheoae
1440 2984 1575 3047 Leiden-

469 3086 514 3150 sis
537 3088 640 3151 fertur
660 3088 743 3150 hnno
765 3087 841 3149 olim
863 3086 1017 3150 adlevisse
1041 3086 1218 3159 lectionem,
1242 3086 1328 3149 haud
1351 3087 1573 3169 probandam

470 3210 528 3253 nee
550 3189 662 3252 melior
682 3188 736 3253 illa
762 3210 802 3251 ex
824 3188 907 3250 libro
927 3187 1000 3250 MS.
1017 3186 1170 3272 Scaligeri
1189 3187 1233 3250 ibi
1250 3187 1401 3271 adposita
1421 3189 1496 3265 ὑμᾶς
1513 3209 1574 3272 pro

468 3293 563 3370 ἡμᾶςτ
585 3292 735 3374 Utroque
750 3290 819 3354 loeo
834 3291 942 3369 ὁμοίως
956 3289 1043 3352 istud
1058 3290 1098 3352 de
1113 3288 1266 3373 apostolis
1281 3288 1366 3352 inter
1385 3311 1419 3353 ss
1437 3289 1576 3366 collatis,

470 3412 534 3454 non
560 3392 684 3455 ratione
713 3392 825 3455 habita
851 3391 1089 3456 Corinthiorum
1118 3397 1152 3454 et
1181 3390 1407 3467 Romanorum,
1434 3390 1573 3475 positum

470 3492 606 3555 videtur.
653 3494 708 3565 Et,
721 3499 758 3555 ut
773 3493 878 3556 obiter
892 3492 952 3554 hoo
968 3514 1126 3568 moneam,
1142 3493 1294 3577 Gephnm,
1310 3493 1364 3576 qui
1380 3499 1430 3557 est
1447 3494 1575 3569 Petrus,

471 3600 508 3656 ut
523 3600 651 3658 oonstnt
665 3615 706 3656 ex
722 3594 793 3657 Gal.
804 3594 835 3657 ii.
847 3615 877 3678 9.
891 3594 993 3678 egisse
1008 3601 1106 3678 etque
1121 3595 1265 3657 docuisse
1280 3595 1365 3678 opud
1380 3593 1575 3670 Corinthios,

470 3693 591 3757 indicet
612 3694 645 3758 S.
663 3694 782 3759 Paulus
802 3694 834 3757 in
855 3694 999 3779 epistolae
1023 3717 1087 3759 suae
1109 3696 1224 3780 prioris
1246 3717 1339 3780 onpp.
1358 3716 1383 3757 ι.
1397 3703 1431 3758 et
1445 3715 1514 3758 111.
1530 3695 1575 3759 nd

471 3797 611 3860 eosdem.

515 3899 596 3961 Ibid.
626 3899 680 3977 τὴν
704 3897 855 3986 Ἰταλίαν]
889 3899 943 3977 τὴν
971 3898 1087 3979 Ῥωμὴν
1115 3898 1285 3984 ζ’άινζςάνφά.
1311 3899 1407 3962 Lecti.
1433 3903 1467 3961 et
1490 3897 1575 3961 Vere.

471 4002 619 4063 Sinone.
664 3999 776 4063 Vertit
792 4000 934 4076 Rufinus,
950 4010 978 4063 et
994 4023 1052 4085 per
1072 4022 1198 4063 omnem
1213 4000 1343 4064 Itelinm
1363 4000 1396 4062 in
1416 4000 1476 4062 hee
1495 3999 1576 4062 urbe

468 4103 562 4166 νιίιιιιά
574 4103 715 4166 docentes.

514 4204 595 4267 Ibid.
612 4205 705 4281 ὁμόσε
721 4201 901 4286 διδάξαντες]
925 4203 1057 4268 Omittit
1072 4202 1229 4286 Syneellos
1244 4200 1350 4281 ὁμόσε,
1365 4201 1406 4263 de
1420 4221 1485 4283 qun
1499 4221 1577 4264 voco

471 4304 662 4367 Penrsonius
677 4325 782 4386 supra.
829 4303 1002 4389 Hebetque
1018 4305 1221 4381 ἐκδιδάξαντες
1234 4325 1294 4388 pne
1306 4302 1477 4380 διδάξαντες
1491 4300 1577 4364 idem

470 4405 643 4488 Synoellus.
694 4405 791 4467 Codes
806 4412 915 4469 nutem
927 4408 1022 4488 Norf.
1035 4408 1157 4484 διδάξαι.

516 4507 598 4569 lbid.
614 4507 634 4568 Ι.
649 4526 700 4571 22.
720 4511 794 4570 κατὰ
811 4508 865 4569 τὸν
887 4509 977 4571 αὐτὸν
992 4508 1110 4593 καιρὸν]
1136 4508 1208 4571 Νοι]
1230 4508 1308 4570 dicit
1326 4512 1438 4590 aperte
1456 4502 1579 4585 Diony·

468 4608 535 4671 sius
552 4610 685 4671 Petrum
703 4630 741 4671 oo
758 4609 893 4671 Paulum
914 4631 978 4671 uno
999 4610 1174 4693 eodemque
1196 4609 1248 4672 dio
1268 4629 1379 4693 passos
1396 4604 1503 4677 fuisse,
1519 4604 1578 4667 sed

469 4718 596 4774 tantum
615 4710 728 4772 eodem
743 4717 906 4792 tempore;
932 4711 1018 4793 quod
1040 4712 1081 4774 de
1101 4710 1238 4793 plurium
1261 4711 1384 4773 dierum
1406 4706 1577 4770 intervallo
