3809 5650
633 687 853 752 SENIORES
877 688 1007 752 APUD
1032 687 1276 752 IRENAEUM.
1461 692 1504 755 57

402 857 508 919 terra?
534 862 540 908 Ι
561 855 647 918 Venit
661 856 755 932 enim,
771 854 885 940 inquit,
891 856 983 938 fitius
996 856 1126 921 dominis
1139 856 1328 921 eandoem
1342 865 1371 921 ct
1386 854 1503 921 biduom

402 970 435 1027 et
449 985 546 1046 quum
561 965 768 1042 recubuisset,
780 965 985 1043 obdormivit,
996 974 1030 1029 et
1044 987 1189 1030 somnum
1203 964 1296 1050 cepit.
1343 966 1502 1047 Quomod-

399 1074 529 1136 modum
551 1073 618 1157 ipse
639 1074 673 1136 in
695 1073 800 1139 David
823 1074 920 1139 dicit:
945 1076 1046 1161 ¹¹¹qu
1067 1076 1200 1140 dormivi
1221 1084 1249 1140 ct
1269 1095 1404 1139 somnum
1427 1075 1502 1160 cepi.

401 1183 446 1246 Et
469 1182 617 1265 quonism
641 1183 674 1245 in
698 1190 809 1247 nostra
832 1184 1116 1250 communicatione
1139 1196 1172 1249 et
1193 1186 1261 1250 vita
1286 1185 1346 1249 hoc
1372 1186 1503 1270 egebat,

374 1292 515 1359 Sitcrnm
530 1292 596 1357 ait:
623 1315 638 1344 n
653 1295 699 1356 Et
714 1315 833 1356 somnus
852 1315 934 1357 ncces
952 1295 1056 1358 eutecio
1075 1295 1152 1358 mihi
1162 1296 1270 1378 factus
1289 1304 1338 1357 cst.
1384 1294 1501 1358 Totum

399 1410 507 1467 autem
527 1401 766 1486 significabatur
781 1423 838 1486 per
853 1404 932 1478 Lot,
947 1402 1096 1488 quoniam
1112 1425 1219 1467 semen
1233 1402 1336 1487 patris
1350 1402 1501 1480 omnium,

399 1513 431 1576 id
447 1521 505 1590 est,
523 1513 660 1598 Spiritus
676 1513 749 1589 Dei,
756 1535 818 1596 per
832 1534 916 1597 quern
927 1515 1022 1597 facto
1037 1523 1108 1576 sunt
1126 1513 1241 1589 munio,
1256 1513 1447 1576 commixtus
1467 1517 1501 1576 et

400 1622 507 1686 unitus
530 1630 580 1686 cst
602 1621 701 1698 carni,
720 1621 781 1684 hoc
803 1628 862 1699 cst,
878 1621 1027 1707 plasmati
1051 1644 1128 1685 sno:
1153 1643 1212 1707 per
1233 1642 1330 1707 quum
1351 1621 1501 1685 commix-

399 1731 518 1794 tionem
533 1738 566 1795 et
581 1731 737 1794 unitatem
752 1731 823 1793 dnae
838 1751 1019 1815 synagogae,
1032 1729 1065 1791 id
1080 1736 1139 1807 est,
1152 1730 1223 1792 duae
1239 1730 1501 1814 congregationes

356 1839 627 1906 nosmetificantes
651 1843 705 1920 (αα
727 1837 920 1902 fructificant
931 1839 957 1921 3)
979 1859 1020 1900 ex
1041 1844 1135 1922 patre
1157 1859 1215 1900 suo
1232 1837 1314 1900 filios
1330 1838 1416 1901 vivos
1430 1838 1501 1901 vivo

399 1948 481 2011 Deo.

443 2056 487 2121 Et
503 2079 601 2140 quum
622 2056 691 2121 haec
713 2057 836 2136 fierent,
852 2079 933 2122 uxor
952 2057 1106 2121 remansit
1124 2057 1157 2120 in
1176 2055 1331 2134 Sodomis,
1346 2056 1415 2140 jam
1436 2078 1501 2122 non

399 2189 473 2233 caro
498 2169 723 2253 corruptibilis,
750 2170 806 2232 sed
830 2175 939 2235 statua
965 2167 1040 2231 salis
1065 2188 1191 2253 semper
1215 2188 1356 2240 manens,
1384 2173 1418 2232 et
1442 2190 1502 2253 per

398 2278 558 2341 naturalia
594 2300 633 2342 ea
666 2300 736 2363 quae
773 2286 848 2341 sunt
884 2277 1122 2342 consuetudinis
1152 2278 1298 2355 hominis,
1328 2279 1500 2343 ostendens

353 2419 388 2480 15
399 2387 548 2472 quoniam
563 2395 596 2452 et
611 2387 752 2464 ecelesia,
769 2409 839 2471 quae
859 2396 910 2451 est
930 2387 977 2450 sal
1000 2395 1105 2466 terrae,
1121 2387 1293 2452 subrelicta
1308 2397 1357 2453 est
1376 2388 1409 2452 iu
1426 2410 1500 2452 con·

397 2497 474 2561 finio
487 2506 593 2574 terrm,
609 2499 735 2583 patiens
750 2519 820 2583 qnae
835 2504 910 2561 sunt
924 2496 1084 2561 humana:
1109 2505 1143 2562 et
1158 2499 1234 2561 dum
1249 2520 1334 2583 saepe
1354 2498 1501 2561 aufer-um-

397 2614 452 2671 tur
471 2608 513 2671 ab
534 2630 572 2671 ea
591 2609 733 2672 membra
753 2608 888 2693 integra,
905 2615 1087 2692 perseverat
1109 2615 1219 2672 statua
1241 2609 1323 2687 sadis,
1345 2610 1431 2694 quod
1450 2616 1500 2673 est

394 2716 630 2781 firmamentum
654 2717 738 2794 fidei,
760 2718 891 2781 firmans
917 2724 951 2781 et
974 2717 1176 2804 praemittens
1201 2717 1282 2780 filios
1305 2719 1348 2782 ed
1374 2725 1500 2802 patrem

395 2828 545 2912 ipsorum.
602 2838 782 2914 Hujusmodi
810 2857 927 2915 quoque
955 2838 991 2896 de
1019 2839 1134 2896 duobus
1162 2840 1345 2897 testamentis
1372 2839 1499 2896 Samon

349 2961 388 2999 20
395 2944 635 3005 Arosnononuu
652 2967 840 3006 mscrrunus
855 2948 1034 3026 disputabat,
1049 2941 1090 3004 ab
1106 2963 1169 3004 uno
1185 2942 1313 3026 quidem
1333 2949 1366 3005 et
1386 2941 1499 3005 codem

396 3047 466 3111 Deo
480 3056 616 3133 utroque
630 3052 823 3125 ostendens;
843 3073 901 3115 nec
914 3073 983 3115 esse
997 3052 1134 3115 alterum
1149 3052 1254 3115 Deum
1268 3058 1387 3135 praeter
1401 3073 1499 3113 unum

393 3160 449 3244 qui
468 3160 544 3224 fecit
568 3167 602 3224 et
621 3161 790 3246 plasmavit
808 3184 866 3225 nos
875 3187 885 3238 ;
904 3184 963 3225 nec
977 3161 1163 3227 firmitatem
1181 3163 1300 3228 bebere
1322 3183 1498 3226 sermonem

393 3290 504 3331 eorum
527 3269 580 3352 qui
602 3270 723 3347 dicunt,
739 3278 796 3336 out
819 3294 877 3355 por
898 3272 1038 3357 angelos,
1053 3279 1111 3337 aut
1133 3295 1190 3357 per
1207 3272 1382 3358 quamlibet
1401 3272 1498 3337 virtu-

394 3384 472 3454 tem,
497 3385 555 3442 aut
578 3378 620 3441 nb
644 3379 709 3443 alio
733 3381 805 3444 Deo
830 3381 951 3445 iactum
978 3404 1047 3445 esse
1074 3382 1156 3446 hunc
1181 3384 1343 3461 mundum,
1371 3383 1425 3467 qui
1448 3391 1497 3447 est

348 3521 365 3558 2
366 3521 386 3577 5
395 3489 567 3552 secundum
582 3511 649 3552 nos.

761 3714 1123 3756 -4—

894 3922 983 3993 VII.

438 4056 506 4113 Ποῦ
519 4053 572 4114 οὖν
586 4052 672 4130 ἐτέθη
688 4054 704 4113 ὁ
720 4057 834 4132 πρῶτος
849 4052 1022 4130 ἄνθρωπος
1048 4054 1081 4114 ἓν
1100 4056 1140 4136 τῷ
1160 4054 1330 4136 παραδείσῳ
1346 4056 1494 4130 δηλονότι,

395 4162 489 4226 καθὼς
511 4160 684 4241 γέγραπται.
730 4169 772 4227 Et
791 4170 933 4247 plantavit
954 4171 1036 4227 Deus
1054 4169 1218 4246 paradisum
1237 4170 1266 4226 in
1287 4170 1372 4227 Eden
1393 4183 1494 4229 eontra

394 4275 555 4339 Orientem,
581 4288 610 4334 et
640 4278 737 4354 posuit
762 4278 802 4335 ibi
827 4279 973 4336 hominem
996 4299 1081 4355 quern
1108 4278 1261 4355 plasmavit
1271 4290 1292 4336 ⁰.
1346 4274 1395 4336 καὶ
1417 4276 1492 4338 ἐκεῖ·

344 4381 447 4456 3οθεν
465 4377 615 4456 ἐξεβλήθη
636 4382 678 4445 εἷς
696 4382 782 4444 τόνδε
804 4381 858 4445 τὸν
880 4385 995 4462 κόσμον
1013 4384 1212 4462 παρακούσας.
1258 4383 1302 4446 διὸ
1322 4384 1370 4446 καὶ
1388 4383 1494 4465 λέγου-

624 4658 629 4694 Ι
655 4657 716 4703 Mat.
730 4658 763 4703 xi.
775 4672 811 4717 ro.
1095 4668 1118 4697 m
1133 4658 1171 4705 Pe.
1184 4658 1231 4705 cxi.
1244 4658 1266 4705 6.

624 4748 638 4775 n
655 4739 745 4785 dorem,
758 4739 825 4785 xxxi.
840 4738 878 4785 26.
995 4744 998 4749 “
1099 4751 1113 4775 ⁰
1135 4738 1198 4787 Gen.
1210 4739 1235 4785 ii.
1248 4738 1271 4784 8.

438 4836 508 4876 vot.
526 4838 547 4877 1.
940 4839 951 4876 l
