3809 5650
616 1586 1150 1689 APOLLONIUS.

731 1842 1023 1888 -..φ-.-

365 2025 402 2095 S.
422 2028 683 2117 Hrssosruus
708 2033 814 2106 Libro
831 2032 888 2105 De
915 2030 1009 2106 Viris
1030 2034 1241 2118 Ibastribrrs,
1264 2058 1339 2127 cap.
1354 2035 1402 2105 xl.

792 2174 870 2245 pag.
890 2157 973 2223 114.

334 2259 720 2389 aAPOLLONIUS,
748 2310 800 2376 vir
822 2310 1079 2392 disertissimus,
1103 2311 1241 2403 scripsit
1266 2311 1433 2379 adversus

336 2426 560 2509 Montanum,
580 2427 735 2498 Priscam
761 2439 798 2498 et
822 2431 1061 2502 Maximillam
1078 2435 1214 2526 insigne
1230 2442 1269 2501 et
1286 2432 1432 2526 longum

334 2550 512 2634 volumen,
537 2546 594 2618 ''in
620 2573 690 2640 quo
715 2552 838 2621 asserit
863 2550 1080 2622 Montanum
1106 2563 1144 2623 et
1169 2555 1307 2623 insanas
1332 2562 1432 2623 vates

334 2672 477 2764 periisse
502 2674 708 2765 suspendio:
734 2683 772 2744 et
797 2675 912 2745 multa
936 2676 1014 2758 alia,
1032 2677 1069 2745 in
1087 2677 1214 2767 quibus
1241 2678 1285 2746 de
1312 2674 1432 2748 Prisca

334 2803 372 2866 et
396 2794 599 2868 Maximilla
622 2799 750 2870 refert:
777 2798 886 2892 (apurd
910 2796 1041 2872 Euseb.
1057 2822 1091 2870 v.
1112 2804 1186 2894 18.)
1238 2796 1284 2874 Si
1308 2810 1433 2899 repant

333 2945 390 2991 eas
406 2922 573 3016 aeeepbrse
589 2946 741 3006 manna,
760 2922 984 3016 confiteantur
1000 2946 1070 2994 non
1086 2945 1157 2993 esse
1167 2919 1354 3016 propbetas
1371 2923 1432 3015 qai

333 3046 528 3139 accipiant:
560 3055 592 3116 et
616 3044 708 3116 mille
732 3044 795 3117 boe
820 3045 957 3116 testibus
982 3044 1183 3140 approbabo.
1234 3045 1308 3117 Sed
1331 3055 1363 3116 et
1388 3069 1433 3116 er

333 3167 414 3238 abiar
428 3165 608 3263 srnrctibas
627 3168 820 3263 probantur
840 3166 1028 3263 propbeta.
1078 3167 1151 3239 Die
1175 3166 1273 3251 mibi,
1301 3170 1430 3239 manem

321 3289 428 3384 sacal
444 3288 666 3385 Prophetes?
690 3289 803 3364 Stib'r'o
816 3289 1056 3363 oeabosbinr‘t?
1085 3289 1431 3385 Prophetesaestr‘bas

333 3425 365 3486 et
380 3416 525 3512 peremis
547 3415 726 3485 ornatur?
752 3411 941 3509 Prophetes
964 3413 1077 3486 tabula
1097 3411 1189 3487 ladit
1208 3425 1240 3487 et
1262 3415 1432 3487 tesseris?

331 3537 508 3632 Propheta
519 3537 641 3634 sanas
664 3537 822 3634 accipit?
847 3537 1101 3633 Respondeant,
1123 3549 1240 3610 atrurn
1267 3538 1329 3611 boe
1342 3539 1431 3632 fieri

331 3662 441 3747 liceat,
475 3687 522 3733 an
554 3688 649 3736 non:
686 3687 796 3735 meam
830 3672 879 3733 est
912 3662 1114 3757 approbare,
1143 3661 1237 3755 qaod
1262 3661 1428 3757 fecerint.

333 3786 432 3857 Dicit
470 3789 508 3857 in
547 3790 672 3858 eodem
711 3787 800 3857 libro
839 3786 1145 3877 quadragesimum
1183 3806 1259 3853 esse
1297 3805 1429 3853 annum

331 3912 511 4001 usquead
538 3919 688 4002 tempus,
715 3931 785 3999 quo
810 3908 885 3999 ipse
913 3906 1090 3977 scribebat
1118 3904 1260 3986 librum,
1286 3928 1332 3975 ex
1359 3929 1429 3996 quo

371 4141 387 4172 ⁸
402 4131 489 4188 Hunc
512 4128 706 4206 Ephesiorum
728 4127 890 4186 antistitem
911 4127 1002 4184 fuisse
1022 4125 1124 4182 asserit
1145 4128 1258 4183 Auctor
1278 4125 1430 4184 Proedestr'·

331 4238 392 4291 nati
405 4235 452 4292 De
467 4232 576 4291 Haeret.
592 4253 655 4311 cap.
671 4233 717 4291 26.
733 4231 839 4298 nescio,
854 4250 939 4308 quam
956 4250 1033 4288 vere.

370 4336 386 4381 b
404 4340 468 4397 Hoc
482 4357 541 4396 non
555 4357 592 4395 ex
606 4334 777 4415 Apollonio,
792 4334 887 4393 sedet
907 4334 999 4392 altero
1020 4333 1161 4410 scriptore
1181 4332 1429 4391 Montanistarum

329 4445 502 4510 adversario,
526 4455 623 4502 narrat
642 4443 791 4501 Eusebius
813 4461 841 4498 v.
862 4441 908 4500 16.
932 4440 1111 4497 Fsaarcrus.
1155 4438 1214 4497 Sed
1233 4438 1310 4497 idem
1334 4438 1428 4516 ipsum

329 4549 367 4607 (le
380 4549 527 4607 Montano
541 4547 683 4624 sociisque
706 4546 903 4623 Hieronymus
922 4543 1039 4601 videtur
1055 4542 1197 4600 invenisse
1214 4541 1291 4620 opud
1302 4539 1429 4620 Apollo-

329 4652 423 4721 nium,
438 4652 522 4728 cujus
534 4670 608 4729 opus
626 4649 765 4708 adversus
778 4648 894 4707 eosdem
913 4647 1028 4726 insigne
1045 4655 1071 4706 et
1094 4647 1207 4725 longam
1221 4644 1350 4703 solamen
1364 4644 1431 4723 ipse

842 4761 900 4826 30
