3809 5650
402 657 468 719 424
559 710 566 718 ,
780 651 1133 716 ANNOTATIONES

400 812 500 878 menti
517 813 641 875 Auctor
654 809 695 873 de
714 810 849 894 epistola
870 811 975 896 priore
996 812 1030 874 S.
1046 810 1143 901 Petri,
1160 833 1230 896 quoe
1250 818 1335 876 teste
1356 811 1512 889 Eusebio,

400 923 499 998 atque
521 913 590 998 ipso
615 913 701 996 apud
728 912 901 976 Eusebium
927 913 1074 998 Origene,
1099 915 1134 976 lv
1158 919 1223 980 reis
1252 914 1514 994 ὁμολογουμένως

400 1031 548 1081 censetur
572 1014 756 1097 Scripturis,
782 1013 859 1089 sivo,
888 1035 959 1096 quae
987 1013 1073 1097 apud
1099 1033 1219 1089 omnes,
1245 1021 1279 1078 et
1308 1035 1449 1099 semper,
1477 1022 1513 1078 et

400 1117 528 1201 ubique,
542 1123 670 1199 recepta
685 1114 767 1188 fnit;
785 1136 942 1198 quamque
954 1122 1004 1178 tot
1019 1122 1128 1198 patres
1138 1136 1159 1178 a
1168 1114 1337 1199 Polycarpi
1348 1123 1382 1178 et
1396 1115 1512 1199 Papiae

400 1239 500 1301 usque
513 1215 709 1301 temporibus
730 1215 762 1278 in
778 1215 925 1299 operibus
945 1215 1011 1279 suis
1030 1215 1254 1281 adduxerunt?
1276 1216 1357 1279 Rern
1375 1236 1511 1299 prorsus

400 1318 556 1382 intactam
575 1326 609 1381 et
631 1316 796 1381 Stoschius
817 1325 851 1381 et
875 1315 1075 1380 Muratorius
1095 1315 1221 1381 silentio
1240 1317 1509 1402 praetermittunt.

401 1417 532 1482 Dictum
547 1418 580 1482 id
594 1419 662 1482 lore
681 1440 703 1482 a
717 1438 877 1502 quoquam
892 1416 944 1480 vix
961 1425 1083 1501 putem,
1100 1417 1249 1494 ecclesiae,
1262 1417 1294 1480 in
1309 1438 1373 1501 qua
1389 1417 1511 1482 vixerit

400 1519 453 1582 hic
473 1540 648 1603 anonymus
663 1518 703 1581 de
719 1520 851 1581 Canone
865 1518 1011 1603 scriptor,
1028 1519 1061 1582 S.
1076 1518 1165 1582 Petri
1181 1517 1349 1601 epistolam
1363 1519 1510 1582 nondum

401 1619 586 1696 innotuisse,
593 1631 665 1705 post
676 1619 813 1683 medium
823 1617 971 1683 saeculum
982 1619 1153 1684 secundum
1164 1619 1353 1685 eofloreute.
1370 1622 1433 1686 Ait
1439 1621 1509 1706 qui-

401 1721 483 1798 dem,
495 1728 533 1784 ut
548 1720 624 1783 mihi
635 1720 705 1804 jam
719 1728 856 1796 constat,
872 1721 910 1784 cl.
924 1721 1131 1785 Freindaller.
1156 1730 1176 1758 “
1189 1722 1431 1786 Praetereuntur
1445 1724 1509 1789 hoc

402 1830 422 1859 ‘⁶
437 1822 506 1886 loco
518 1823 589 1886 duae
608 1823 698 1887 Petri
713 1823 865 1907 epistolas,
882 1845 1016 1906 quarum
1031 1824 1134 1907 prima
1148 1845 1186 1887 eo
1200 1846 1268 1888 aevo
1279 1825 1348 1908 jam
1364 1846 1509 1888 commu·

401 1932 421 1963 ‘⁴
438 1926 522 1989 niter
536 1931 664 2010 recepta
675 1924 853 1998 iuvenitur;
881 1947 945 1988 uon
961 1925 1065 1989 minus
1079 1925 1214 2010 epistola
1224 1925 1248 1988 J
1249 1926 1349 2002 acobi,
1363 1948 1435 2011 quae
1450 1949 1508 1991 au-

402 2033 422 2062 “
437 2027 518 2090 ctori
533 2027 643 2089 Romae
659 2025 775 2089 viventi
791 2026 943 2110 nequibat
961 2048 1030 2091 esse
1049 2026 1230 2111 incognita;
1255 2027 1351 2091 tertia
1368 2029 1508 2114 denique

401 2132 421 2162 “
435 2125 459 2188 J
461 2125 572 2189 oannis
583 2125 717 2208 epistola
728 2148 858 2209 prorsus
869 2127 1032 2192 reticetur.
1067 2129 1181 2191 Verum
1194 2150 1233 2192 ex
1246 2149 1310 2192 una
1323 2137 1418 2212 parts
1429 2152 1508 2215 pen·

401 2233 421 2263 “
436 2227 570 2289 sandum
585 2233 644 2301 est,
659 2226 712 2309 agi
733 2227 784 2290 hic
804 2228 845 2291 de
859 2228 1049 2313 fragmento,
1064 2230 1148 2315 quod
1168 2230 1245 2294 locis
1265 2230 1507 2316 quamplurimis

401 2326 621 2410 “integritate
636 2348 746 2390 sensus
766 2328 961 2406 destituitur,
977 2336 1012 2393 et
1025 2328 1073 2393 vel
1089 2329 1206 2393 idcirco
1225 2329 1314 2394 litem
1329 2331 1506 2397 etiamnum

400 2436 421 2465 “
436 2427 584 2512 pendere,
599 2449 640 2490 au
661 2450 725 2491 uon
744 2429 777 2491 in
792 2436 945 2494 contextu
959 2430 1009 2495 vel
1028 2430 1200 2514 praemisso,
1216 2432 1265 2496 vel
1286 2433 1455 2518 subsequa,
1470 2442 1506 2499 et

401 2537 422 2569 “
436 2529 486 2593 hae
507 2528 682 2592 Bibliorum
704 2537 812 2614 partes
834 2538 1088 2596 commemoratus
1108 2532 1235 2610 luerint,
1256 2542 1363 2618 atque,
1385 2535 1503 2598 solum·

401 2641 422 2670 ‘⁵
437 2633 532 2695 modo
547 2633 687 2697 mutilati
703 2633 807 2716 operis
822 2634 908 2710 vitio,
925 2635 1019 2698 hodie
1034 2634 1153 2698 mentio
1164 2655 1273 2699 earum
1286 2636 1505 2714 desideretur3

401 2740 421 2771 “
436 2755 476 2797 ex
490 2734 594 2798 altera
613 2742 706 2818 parte
721 2733 982 2798 dissimulandum
997 2757 1060 2798 non
1075 2743 1136 2812 est,
1150 2757 1214 2799 non
1229 2758 1338 2800 omnes
1352 2736 1385 2799 in
1404 2738 1504 2801 omni·

398 2843 421 2873 ‘⁶
436 2836 495 2899 bus
517 2836 656 2900 ecclesiis
675 2837 772 2900 libros
786 2836 909 2900 divinos
931 2837 1041 2901 eodem
1064 2844 1207 2922 tempore
1230 2838 1326 2902 fuisse
1347 2846 1505 2925 receptos,

400 2944 420 2974 “
434 2951 531 3021 atque
560 2938 602 3002 ab
632 2937 701 3022 ipso
732 2938 871 3002 Eusebio
900 2939 1084 3025 singillatim
1109 2939 1275 3023 epistolam
1301 2939 1430 3016 Jacobi,
1456 2962 1505 3005 se·

398 3046 419 3078 “
435 3040 571 3103 cundum
596 3040 697 3116 Petri,
719 3046 753 3103 et
775 3040 905 3104 tertiam
927 3040 1061 3104 Joaunis
1084 3041 1325 3126 antilegomenis
1349 3063 1503 3106 annume-

400 3149 421 3179 “
435 3140 532 3205 rari.''
558 3143 613 3205 Ita
627 3141 697 3216 ille;
720 3141 820 3205 solum
831 3142 961 3218 notabo,
977 3141 1159 3218 Eusebium,
1176 3143 1230 3226 qui
1244 3142 1341 3206 libros
1352 3143 1385 3206 S.
1397 3141 1505 3227 Scrip-

398 3250 480 3309 turae
494 3243 663 3329 praedictos
674 3244 742 3310 τοὺς
756 3246 1006 3325 ἆντιλεγομέοους
1016 3245 1086 3328 plus
1097 3246 1193 3309 semel
1206 3252 1359 3321 recenset,
1371 3245 1503 3320 addere,

398 3348 561 3427 γνωρίμους
572 3342 596 3407 δ’
608 3345 661 3408 οὖν
676 3346 753 3423 ὅμως
766 3351 829 3411 τοῖς
842 3352 979 3423 πολλοῖς,
993 3352 1035 3423 et,
1048 3347 1126 3424 ὅμως
1140 3348 1173 3410 δὲ
1185 3349 1219 3410 ἓν
1231 3347 1388 3413 πλείστοις
1399 3349 1504 3425 ἔκκλη-

398 3447 478 3511 σίοις
496 3448 576 3525 παρὰ
589 3451 718 3510 πολλοῖς
738 3446 1025 3525 δεδημοσιευμένους.
1073 3448 1130 3511 IV.
1144 3446 1194 3511 Ut
1208 3456 1245 3512 ut
1268 3469 1319 3511 res
1339 3470 1373 3512 se
1392 3448 1504 3526 habet,

398 3566 585 3630 quacunque
600 3545 640 3607 de
655 3566 753 3607 causa
764 3546 797 3609 S.
814 3546 903 3609 Petri
915 3547 1051 3630 epistola
1061 3548 1112 3611 hic
1127 3549 1245 3613 omissa
1255 3556 1316 3623 est,
1331 3549 1503 3634 Epistolm

398 3668 474 3711 saue
499 3646 595 3710 choe
618 3646 744 3709 Auctor
765 3646 934 3732 fragmenti
956 3650 1233 3723 commemoravit;
1266 3671 1361 3733 quam
1381 3657 1502 3727 tamen,

397 3757 516 3813 norunt
539 3770 648 3813 omnes
674 3748 758 3813 inter
783 3753 836 3817 τὰς
861 3751 1095 3831 ἀντιλεγομέναις
1120 3750 1301 3835 Scripturas
1328 3749 1502 3814 Eusebium

397 3852 599 3929 recensuisse,
620 3851 673 3937 qui
694 3851 748 3915 lib.
773 3873 897 3937 quoque
916 3852 1000 3915 Hac.
1016 3852 1048 3915 ii.
1065 3873 1134 3936 cap.
1150 3869 1200 3936 23.
1223 3852 1292 3914 loco
1310 3873 1332 3915 a
1353 3850 1503 3916 Stoschio

397 3977 493 4039 supra
507 3955 657 4033 adducto,
673 3955 730 4031 ait,
747 3976 811 4019 non
825 3954 943 4018 multos
957 3976 998 4018 ex
1012 3953 1238 4018 vetustioribus
1251 3952 1346 4037 hujus
1360 3953 1503 4038 epistolas

396 4057 589 4120 mentionem
605 4055 726 4120 fecisse.

441 4157 492 4219 Ex
507 4156 557 4219 his
570 4155 680 4241 paucis
692 4155 754 4220 vidi
764 4178 824 4241 ego
835 4155 1005 4220 afferentes
1014 4157 1037 4218 J
1039 4156 1110 4219 udae
1122 4154 1289 4239 epistolam
1301 4161 1455 4238 tanquam
1467 4156 1501 4220 S.

397 4257 570 4342 Scriptura
579 4257 704 4334 librum,
712 4256 1152 4333 TertullianumOlementem
1163 4256 1503 4332 Alexandrinum,0ri·

395 4380 582 4441 genemque,
596 4366 630 4422 et
644 4358 778 4422 fortasse
793 4358 967 4423 Concilium
983 4357 1218 4422 Antiochenum
1233 4350 1346 4422 contra
1364 4356 1503 4422 Paulum

397 4458 640 4524 Samosatenum
662 4460 819 4536 habitum,
836 4462 1075 4544 Auctoremque
1096 4466 1208 4523 contra
1231 4459 1458 4534 Novatianum,
1481 4480 1502 4522 a
1521 4437 1534 4460 ⁹

396 4579 459 4642 quo
482 4559 618 4642 quidem,
634 4584 673 4624 ea
696 4561 809 4624 saltem
830 4584 901 4645 quae
921 4562 1032 4626 Judas
1049 4562 1116 4646 ipse
1138 4583 1177 4625 ex
1199 4561 1288 4624 libris
1311 4560 1501 4645 protulerat,

396 4658 584 4724 referuntur.
630 4662 752 4740 Quibus
774 4663 982 4746 scriptoribus
1004 4685 1088 4727 nunc
1111 4664 1237 4727 demum
1261 4662 1426 4727 addendus
1451 4670 1503 4725 est
