<?xml version="1.0" encoding="UTF-8"?>
<!DOCTYPE html PUBLIC "-//W3C//DTD XHTML 1.0 Transitional//EN"
    "http://www.w3.org/TR/xhtml1/DTD/xhtml1-transitional.dtd">
<html xmlns="http://www.w3.org/1999/xhtml" xml:lang="en" lang="en">
 <head>
  <title>
</title>
<meta http-equiv="Content-Type" content="text/html;charset=utf-8" />
  <meta name='ocr-system' content='tesseract 3.04.00' />
  <meta name='ocr-capabilities' content='ocr_page ocr_carea ocr_par ocr_line ocrx_word'/>
</head>
<body>
  <div class='ocr_page' id='page_1' title='image "./reliquiaesacrae07routgoog_0407.png"; bbox 0 0 3809 5650; ppageno 0'>
   <div class='ocr_carea' id='block_1_1' title="bbox 393 672 1123 738">
    <p class='ocr_par' dir='ltr' id='par_1_1' title="bbox 393 672 1123 738">
     <span class='ocr_line' id='line_1_1' title="bbox 393 672 1123 738; baseline -0.003 0"><span class='ocrx_word' id='word_1_1' title='bbox 393 674 458 738; x_wconf 68' lang='lat'><strong>326</strong></span> <span class='ocrx_word' id='word_1_2' title='bbox 765 672 1123 737; x_wconf 87' lang='lat' dir='ltr'><strong>ANNOTATIONES</strong></span> 
     </span>
    </p>
   </div>
   <div class='ocr_carea' id='block_1_2' title="bbox 394 839 1505 2348">
    <p class='ocr_par' dir='ltr' id='par_1_2' title="bbox 394 839 1505 2348">
     <span class='ocr_line' id='line_1_2' title="bbox 394 839 1504 924; baseline -0.003 -20"><span class='ocrx_word' id='word_1_3' title='bbox 394 855 415 879; x_wconf 75' lang='lat'><strong>⁶·</strong></span> <span class='ocrx_word' id='word_1_4' title='bbox 430 863 555 904; x_wconf 90' lang='lat' dir='ltr'><strong>omnem</strong></span> <span class='ocrx_word' id='word_1_5' title='bbox 571 839 694 902; x_wconf 86' lang='lat' dir='ltr'><strong>dicendi</strong></span> <span class='ocrx_word' id='word_1_6' title='bbox 711 840 773 902; x_wconf 92' lang='lat' dir='ltr'><strong>vim</strong></span> <span class='ocrx_word' id='word_1_7' title='bbox 788 849 928 924; x_wconf 88' lang='lat' dir='ltr'><strong>superat.</strong></span> <span class='ocrx_word' id='word_1_8' title='bbox 977 842 1086 924; x_wconf 81' lang='lat' dir='ltr'><strong>Atque</strong></span> <span class='ocrx_word' id='word_1_9' title='bbox 1109 840 1141 904; x_wconf 91' lang='lat' dir='ltr'><strong>id</strong></span> <span class='ocrx_word' id='word_1_10' title='bbox 1162 841 1347 904; x_wconf 82' lang='lat' dir='ltr'><strong>fatebuntur</strong></span> <span class='ocrx_word' id='word_1_11' title='bbox 1367 839 1504 923; x_wconf 87' lang='lat' dir='ltr'><strong>quicun-</strong></span> 
     </span>
     <span class='ocr_line' id='line_1_3' title="bbox 397 940 1505 1028; baseline -0.004 -22"><span class='ocrx_word' id='word_1_12' title='bbox 397 953 416 978; x_wconf 88' lang='lat'>“</span> <span class='ocrx_word' id='word_1_13' title='bbox 433 965 493 1027; x_wconf 92' lang='lat' dir='ltr'><strong>que</strong></span> <span class='ocrx_word' id='word_1_14' title='bbox 508 964 579 1005; x_wconf 88' lang='lat' dir='ltr'><strong>eam</strong></span> <span class='ocrx_word' id='word_1_15' title='bbox 595 942 710 1026; x_wconf 86' lang='lat' dir='ltr'><strong>saepius</strong></span> <span class='ocrx_word' id='word_1_16' title='bbox 725 942 868 1026; x_wconf 86' lang='lat' dir='ltr'><strong>legerint.</strong></span> <span class='ocrx_word' id='word_1_17' title='bbox 914 943 985 1022; x_wconf 77' lang='lat' dir='ltr'><strong>Quo</strong></span> <span class='ocrx_word' id='word_1_18' title='bbox 1000 942 1070 1026; x_wconf 87' lang='lat' dir='ltr'><strong>plus</strong></span> <span class='ocrx_word' id='word_1_19' title='bbox 1085 944 1168 1006; x_wconf 90' lang='lat' dir='ltr'><strong>enim</strong></span> <span class='ocrx_word' id='word_1_20' title='bbox 1184 940 1310 1028; x_wconf 87' lang='lat' dir='ltr'><strong>legitur,</strong></span> <span class='ocrx_word' id='word_1_21' title='bbox 1322 965 1360 1005; x_wconf 91' lang='lat' dir='ltr'><strong>eo</strong></span> <span class='ocrx_word' id='word_1_22' title='bbox 1372 963 1505 1025; x_wconf 91' lang='lat' dir='ltr'><strong>semper</strong></span> 
     </span>
     <span class='ocr_line' id='line_1_4' title="bbox 396 1044 1504 1127; baseline -0.002 -20"><span class='ocrx_word' id='word_1_23' title='bbox 396 1056 418 1084; x_wconf 89' lang='lat'>“</span> <span class='ocrx_word' id='word_1_24' title='bbox 436 1045 645 1108; x_wconf 88' lang='lat' dir='ltr'><strong>videturesse</strong></span> <span class='ocrx_word' id='word_1_25' title='bbox 661 1044 894 1127; x_wconf 54' lang='lat' dir='ltr'><strong>praestantior?</strong></span> <span class='ocrx_word' id='word_1_26' title='bbox 940 1047 1022 1108; x_wconf 86' lang='lat' dir='ltr'><strong>llaec</strong></span> <span class='ocrx_word' id='word_1_27' title='bbox 1043 1045 1197 1109; x_wconf 79' lang='lat' dir='ltr'>Valesius.</span> <span class='ocrx_word' id='word_1_28' title='bbox 1243 1046 1427 1108; x_wconf 86' lang='lat' dir='ltr'><strong>Memorata</strong></span> <span class='ocrx_word' id='word_1_29' title='bbox 1449 1052 1504 1105; x_wconf 85' lang='lat' dir='ltr'><strong>est</strong></span> 
     </span>
     <span class='ocr_line' id='line_1_5' title="bbox 396 1144 1502 1230; baseline -0.004 -20"><span class='ocrx_word' id='word_1_30' title='bbox 396 1145 531 1230; x_wconf 87' lang='lat' dir='ltr'><strong>epistola</strong></span> <span class='ocrx_word' id='word_1_31' title='bbox 560 1145 592 1208; x_wconf 92' lang='lat' dir='ltr'><strong>in</strong></span> <span class='ocrx_word' id='word_1_32' title='bbox 616 1146 764 1208; x_wconf 78' lang='lat' dir='ltr'><strong>Passieno</strong></span> <span class='ocrx_word' id='word_1_33' title='bbox 790 1148 850 1207; x_wconf 84' lang='lat' dir='ltr'><strong>SS.</strong></span> <span class='ocrx_word' id='word_1_34' title='bbox 875 1146 1029 1230; x_wconf 73' lang='lat' dir='ltr'><strong>Epipodii</strong></span> <span class='ocrx_word' id='word_1_35' title='bbox 1057 1157 1084 1209; x_wconf 79' lang='lat' dir='ltr'><strong>et</strong></span> <span class='ocrx_word' id='word_1_36' title='bbox 1110 1146 1280 1210; x_wconf 80' lang='lat' dir='ltr'><strong>Alecondri</strong></span> <span class='ocrx_word' id='word_1_37' title='bbox 1309 1146 1358 1208; x_wconf 90' lang='lat' dir='ltr'><strong>his</strong></span> <span class='ocrx_word' id='word_1_38' title='bbox 1383 1144 1502 1208; x_wconf 88' lang='lat' dir='ltr'><strong>verbis.</strong></span> 
     </span>
     <span class='ocr_line' id='line_1_6' title="bbox 396 1248 1503 1334; baseline -0.003 -23"><span class='ocrx_word' id='word_1_39' title='bbox 396 1250 472 1311; x_wconf 83' lang='lat' dir='ltr'><strong>Post</strong></span> <span class='ocrx_word' id='word_1_40' title='bbox 497 1248 698 1311; x_wconf 72' lang='lat' dir='ltr'><strong>oasdmimam</strong></span> <span class='ocrx_word' id='word_1_41' title='bbox 724 1259 893 1331; x_wconf 63' lang='lat' dir='ltr'><strong>martyriam</strong></span> <span class='ocrx_word' id='word_1_42' title='bbox 914 1259 1043 1334; x_wconf 64' lang='lat' dir='ltr'><strong>stragem</strong></span> <span class='ocrx_word' id='word_1_43' title='bbox 1064 1260 1092 1312; x_wconf 80' lang='lat' dir='ltr'><strong>ot</strong></span> <span class='ocrx_word' id='word_1_44' title='bbox 1116 1251 1301 1314; x_wconf 83' lang='lat' dir='ltr'><strong>soecientinm</strong></span> <span class='ocrx_word' id='word_1_45' title='bbox 1318 1248 1503 1332; x_wconf 78' lang='lat' dir='ltr'><strong>passionum</strong></span> 
     </span>
     <span class='ocr_line' id='line_1_7' title="bbox 396 1348 1503 1434; baseline -0.004 -22"><span class='ocrx_word' id='word_1_46' title='bbox 396 1349 610 1422; x_wconf 68' lang='lat' dir='ltr'><em>crudelitatem,</em></span> <span class='ocrx_word' id='word_1_47' title='bbox 623 1349 660 1411; x_wconf 83' lang='lat' dir='ltr'><strong>do</strong></span> <span class='ocrx_word' id='word_1_48' title='bbox 673 1371 734 1433; x_wconf 87' lang='lat' dir='ltr'><strong>qna</strong></span> <span class='ocrx_word' id='word_1_49' title='bbox 745 1350 834 1412; x_wconf 81' lang='lat' dir='ltr'><strong>otiam</strong></span> <span class='ocrx_word' id='word_1_50' title='bbox 847 1351 965 1415; x_wconf 73' lang='lat' dir='ltr'><strong>Christi</strong></span> <span class='ocrx_word' id='word_1_51' title='bbox 972 1351 1104 1434; x_wconf 81' lang='lat' dir='ltr'><strong>somnii,</strong></span> <span class='ocrx_word' id='word_1_52' title='bbox 1115 1373 1185 1434; x_wconf 86' lang='lat' dir='ltr'><strong>qnos</strong></span> <span class='ocrx_word' id='word_1_53' title='bbox 1199 1361 1269 1413; x_wconf 70' lang='lat' dir='ltr'><strong>inm</strong></span> <span class='ocrx_word' id='word_1_54' title='bbox 1283 1348 1503 1412; x_wconf 65' lang='lat' dir='ltr'><strong>illustrissimos</strong></span> 
     </span>
     <span class='ocr_line' id='line_1_8' title="bbox 397 1449 1503 1534; baseline -0.002 -21"><span class='ocrx_word' id='word_1_55' title='bbox 397 1450 482 1514; x_wconf 78' lang='lat' dir='ltr'><strong>nrbes</strong></span> <span class='ocrx_word' id='word_1_56' title='bbox 505 1451 622 1513; x_wconf 83' lang='lat' dir='ltr'><strong>Vienna</strong></span> <span class='ocrx_word' id='word_1_57' title='bbox 636 1459 664 1513; x_wconf 81' lang='lat' dir='ltr'><strong>ct</strong></span> <span class='ocrx_word' id='word_1_58' title='bbox 679 1451 865 1534; x_wconf 72' lang='lat' dir='ltr'><strong>Lnydnnnm</strong></span> <span class='ocrx_word' id='word_1_59' title='bbox 879 1451 1027 1527; x_wconf 74' lang='lat' dir='ltr'><strong>tenebant,</strong></span> <span class='ocrx_word' id='word_1_60' title='bbox 1041 1453 1087 1515; x_wconf 82' lang='lat' dir='ltr'><strong>od</strong></span> <span class='ocrx_word' id='word_1_61' title='bbox 1099 1451 1236 1515; x_wconf 68' lang='lat' dir='ltr'><strong>coenem</strong></span> <span class='ocrx_word' id='word_1_62' title='bbox 1250 1452 1336 1514; x_wconf 82' lang='lat' dir='ltr'><strong>Aciae</strong></span> <span class='ocrx_word' id='word_1_63' title='bbox 1351 1460 1379 1512; x_wconf 79' lang='lat' dir='ltr'><strong>et</strong></span> <span class='ocrx_word' id='word_1_64' title='bbox 1394 1449 1503 1531; x_wconf 68' lang='lat' dir='ltr'><em>Pny-</em></span> 
     </span>
     <span class='ocr_line' id='line_1_9' title="bbox 394 1553 1504 1639; baseline -0.001 -25"><span class='ocrx_word' id='word_1_65' title='bbox 394 1554 456 1637; x_wconf 68' lang='grc' dir='ltr'><strong>οἱα</strong></span> <span class='ocrx_word' id='word_1_66' title='bbox 476 1553 593 1636; x_wconf 63' lang='lat' dir='ltr'><strong>sorpto</strong></span> <span class='ocrx_word' id='word_1_67' title='bbox 614 1553 768 1628; x_wconf 69' lang='lat' dir='ltr'><strong>roborant,</strong></span> <span class='ocrx_word' id='word_1_68' title='bbox 784 1575 851 1616; x_wconf 86' lang='lat' dir='ltr'><strong>cnm</strong></span> <span class='ocrx_word' id='word_1_69' title='bbox 866 1576 958 1639; x_wconf 78' lang='lat' dir='ltr'><strong>pano</strong></span> <span class='ocrx_word' id='word_1_70' title='bbox 979 1555 1024 1617; x_wconf 85' lang='lat' dir='ltr'><strong>od</strong></span> <span class='ocrx_word' id='word_1_71' title='bbox 1043 1555 1192 1639; x_wconf 67' lang='lat' dir='ltr'><strong>intectam</strong></span> <span class='ocrx_word' id='word_1_72' title='bbox 1215 1554 1326 1616; x_wconf 71' lang='lat' dir='ltr'><strong>carnii</strong></span> <span class='ocrx_word' id='word_1_73' title='bbox 1349 1573 1457 1614; x_wconf 76' lang='lat' dir='ltr'><strong>maren</strong></span> <span class='ocrx_word' id='word_1_74' title='bbox 1481 1573 1504 1613; x_wconf 89' lang='lat' dir='ltr'><strong>a</strong></span> 
     </span>
     <span class='ocr_line' id='line_1_10' title="bbox 394 1653 1503 1740; baseline -0.005 -22"><span class='ocrx_word' id='word_1_75' title='bbox 394 1654 554 1740; x_wconf 69' lang='lat' dir='ltr'><strong>gentilibus</strong></span> <span class='ocrx_word' id='word_1_76' title='bbox 583 1655 750 1718; x_wconf 67' lang='lat' dir='ltr'><strong>eraderetur</strong></span> <span class='ocrx_word' id='word_1_77' title='bbox 778 1657 964 1728; x_wconf 73' lang='lat' dir='ltr'><strong>aminnium,-</strong></span> <span class='ocrx_word' id='word_1_78' title='bbox 991 1678 1053 1740; x_wconf 86' lang='lat' dir='ltr'><strong>per</strong></span> <span class='ocrx_word' id='word_1_79' title='bbox 1075 1656 1279 1740; x_wconf 73' lang='lat' dir='ltr'><em>proditionem</em></span> <span class='ocrx_word' id='word_1_80' title='bbox 1308 1653 1503 1716; x_wconf 72' lang='lat' dir='ltr'><em>domesticam</em></span> 
     </span>
     <span class='ocr_line' id='line_1_11' title="bbox 397 1754 1504 1843; baseline -0.006 -21"><span class='ocrx_word' id='word_1_81' title='bbox 397 1758 572 1843; x_wconf 75' lang='lat' dir='ltr'><strong>Eprpodins</strong></span> <span class='ocrx_word' id='word_1_82' title='bbox 600 1767 627 1821; x_wconf 82' lang='lat' dir='ltr'><strong>ot</strong></span> <span class='ocrx_word' id='word_1_83' title='bbox 655 1757 834 1821; x_wconf 68' lang='lat' dir='ltr'><strong>Alexander</strong></span> <span class='ocrx_word' id='word_1_84' title='bbox 862 1758 970 1821; x_wconf 78' lang='lat' dir='ltr'><strong>occulto</strong></span> <span class='ocrx_word' id='word_1_85' title='bbox 995 1780 1114 1842; x_wconf 78' lang='lat' dir='ltr'><strong>opernm</strong></span> <span class='ocrx_word' id='word_1_86' title='bbox 1142 1758 1216 1820; x_wconf 80' lang='lat' dir='ltr'><strong>doro</strong></span> <span class='ocrx_word' id='word_1_87' title='bbox 1246 1754 1398 1820; x_wconf 71' lang='lat' dir='ltr'><strong>Catholico</strong></span> <span class='ocrx_word' id='word_1_88' title='bbox 1419 1754 1504 1835; x_wconf 73' lang='lat' dir='ltr'><strong>fidei</strong></span> 
     </span>
     <span class='ocr_line' id='line_1_12' title="bbox 398 1856 1504 1924; baseline -0.006 0"><span class='ocrx_word' id='word_1_89' title='bbox 398 1860 494 1924; x_wconf 80' lang='lat' dir='ltr'><strong>cnltni</strong></span> <span class='ocrx_word' id='word_1_90' title='bbox 516 1859 657 1922; x_wconf 67' lang='lat' dir='ltr'><strong>Prasino·</strong></span> <span class='ocrx_word' id='word_1_91' title='bbox 678 1860 869 1922; x_wconf 70' lang='lat' dir='ltr'><strong>nuntiantur.</strong></span> <span class='ocrx_word' id='word_1_92' title='bbox 914 1863 996 1923; x_wconf 74' lang='lat' dir='ltr'><strong>Acta</strong></span> <span class='ocrx_word' id='word_1_93' title='bbox 1022 1861 1121 1922; x_wconf 77' lang='lat' dir='ltr'><strong>Mart.</strong></span> <span class='ocrx_word' id='word_1_94' title='bbox 1147 1881 1167 1922; x_wconf 88' lang='lat' dir='ltr'><strong>a</strong></span> <span class='ocrx_word' id='word_1_95' title='bbox 1193 1858 1312 1921; x_wconf 89' lang='lat' dir='ltr'><strong>Theod.</strong></span> <span class='ocrx_word' id='word_1_96' title='bbox 1340 1856 1504 1918; x_wconf 86' lang='lat' dir='ltr'><strong>Ruinarto</strong></span> 
     </span>
     <span class='ocr_line' id='line_1_13' title="bbox 398 1959 1504 2044; baseline -0.004 -19"><span class='ocrx_word' id='word_1_97' title='bbox 398 1962 476 2025; x_wconf 90' lang='lat' dir='ltr'><strong>edit.</strong></span> <span class='ocrx_word' id='word_1_98' title='bbox 499 1966 523 2039; x_wconf 80' lang='lat'><strong>§.</strong></span> <span class='ocrx_word' id='word_1_99' title='bbox 547 1960 578 2023; x_wconf 93' lang='lat' dir='ltr'><strong>ii.</strong></span> <span class='ocrx_word' id='word_1_100' title='bbox 602 1983 633 2044; x_wconf 89' lang='lat' dir='ltr'><strong>p.</strong></span> <span class='ocrx_word' id='word_1_101' title='bbox 659 1981 708 2039; x_wconf 86' lang='lat'><strong>74.</strong></span> <span class='ocrx_word' id='word_1_102' title='bbox 729 1962 779 2023; x_wconf 91' lang='lat' dir='ltr'><strong>ed.</strong></span> <span class='ocrx_word' id='word_1_103' title='bbox 803 1961 908 2026; x_wconf 89' lang='lat' dir='ltr'><strong>Amst.</strong></span> <span class='ocrx_word' id='word_1_104' title='bbox 955 1961 1004 2025; x_wconf 92' lang='lat' dir='ltr'><strong>Ut</strong></span> <span class='ocrx_word' id='word_1_105' title='bbox 1028 1960 1155 2024; x_wconf 88' lang='lat' dir='ltr'><strong>Eusebii</strong></span> <span class='ocrx_word' id='word_1_106' title='bbox 1181 1959 1335 2024; x_wconf 80' lang='lat' dir='ltr'><strong>editiones</strong></span> <span class='ocrx_word' id='word_1_107' title='bbox 1361 1967 1504 2033; x_wconf 87' lang='lat' dir='ltr'><strong>taceam,</strong></span> 
     </span>
     <span class='ocr_line' id='line_1_14' title="bbox 399 2059 1504 2147; baseline -0.005 -21"><span class='ocrx_word' id='word_1_108' title='bbox 399 2063 520 2126; x_wconf 90' lang='lat' dir='ltr'><strong>editum</strong></span> <span class='ocrx_word' id='word_1_109' title='bbox 540 2070 589 2125; x_wconf 90' lang='lat' dir='ltr'><strong>est</strong></span> <span class='ocrx_word' id='word_1_110' title='bbox 609 2063 694 2145; x_wconf 91' lang='lat' dir='ltr'><strong>quod</strong></span> <span class='ocrx_word' id='word_1_111' title='bbox 714 2071 816 2126; x_wconf 83' lang='lat' dir='ltr'><strong>restat</strong></span> <span class='ocrx_word' id='word_1_112' title='bbox 835 2064 988 2147; x_wconf 76' lang='lat' dir='ltr'><strong>epistola,</strong></span> <span class='ocrx_word' id='word_1_113' title='bbox 1005 2063 1061 2126; x_wconf 87' lang='lat' dir='ltr'><strong>sed</strong></span> <span class='ocrx_word' id='word_1_114' title='bbox 1082 2085 1122 2126; x_wconf 83' lang='lat' dir='ltr'><strong>ex</strong></span> <span class='ocrx_word' id='word_1_115' title='bbox 1138 2061 1244 2124; x_wconf 82' lang='lat' dir='ltr'><strong>Rufini</strong></span> <span class='ocrx_word' id='word_1_116' title='bbox 1261 2060 1378 2124; x_wconf 86' lang='lat' dir='ltr'><strong>Latina</strong></span> <span class='ocrx_word' id='word_1_117' title='bbox 1402 2059 1504 2122; x_wconf 85' lang='lat' dir='ltr'><strong>inter-</strong></span> 
     </span>
     <span class='ocr_line' id='line_1_15' title="bbox 401 2163 1502 2248; baseline -0.003 -22"><span class='ocrx_word' id='word_1_118' title='bbox 401 2163 580 2248; x_wconf 85' lang='lat' dir='ltr'><strong>pretatione</strong></span> <span class='ocrx_word' id='word_1_119' title='bbox 608 2170 745 2236; x_wconf 89' lang='lat' dir='ltr'><strong>tantum,</strong></span> <span class='ocrx_word' id='word_1_120' title='bbox 776 2186 796 2226; x_wconf 92' lang='lat' dir='ltr'><strong>a</strong></span> <span class='ocrx_word' id='word_1_121' title='bbox 825 2164 918 2227; x_wconf 82' lang='lat' dir='ltr'><strong>Godf.</strong></span> <span class='ocrx_word' id='word_1_122' title='bbox 950 2164 1153 2228; x_wconf 88' lang='lat' dir='ltr'><strong>Henschenio</strong></span> <span class='ocrx_word' id='word_1_123' title='bbox 1182 2164 1215 2227; x_wconf 91' lang='lat' dir='ltr'><strong>in</strong></span> <span class='ocrx_word' id='word_1_124' title='bbox 1244 2163 1332 2226; x_wconf 80' lang='lat' dir='ltr'><strong>Actis</strong></span> <span class='ocrx_word' id='word_1_125' title='bbox 1360 2163 1502 2224; x_wconf 72' lang='lat' dir='ltr'><strong>Sanmor.</strong></span> 
     </span>
     <span class='ocr_line' id='line_1_16' title="bbox 401 2262 1504 2348; baseline -0.002 -22"><span class='ocrx_word' id='word_1_126' title='bbox 401 2272 479 2327; x_wconf 89' lang='lat' dir='ltr'><strong>tom.</strong></span> <span class='ocrx_word' id='word_1_127' title='bbox 499 2265 527 2325; x_wconf 94' lang='lat'><strong>1.</strong></span> <span class='ocrx_word' id='word_1_128' title='bbox 544 2264 633 2325; x_wconf 88' lang='lat' dir='ltr'><strong>Junii</strong></span> <span class='ocrx_word' id='word_1_129' title='bbox 656 2285 754 2327; x_wconf 88' lang='lat' dir='ltr'><strong>mens.</strong></span> <span class='ocrx_word' id='word_1_130' title='bbox 770 2287 799 2348; x_wconf 93' lang='lat' dir='ltr'><strong>p.</strong></span> <span class='ocrx_word' id='word_1_131' title='bbox 823 2268 891 2328; x_wconf 85' lang='lat'><strong>162.</strong></span> <span class='ocrx_word' id='word_1_132' title='bbox 908 2287 995 2348; x_wconf 83' lang='lat' dir='ltr'><strong>seqq.</strong></span> <span class='ocrx_word' id='word_1_133' title='bbox 1014 2273 1047 2329; x_wconf 94' lang='lat' dir='ltr'><strong>et</strong></span> <span class='ocrx_word' id='word_1_134' title='bbox 1068 2267 1110 2329; x_wconf 93' lang='lat' dir='ltr'><strong>ab</strong></span> <span class='ocrx_word' id='word_1_135' title='bbox 1133 2267 1243 2329; x_wconf 91' lang='lat' dir='ltr'><strong>eodem</strong></span> <span class='ocrx_word' id='word_1_136' title='bbox 1266 2264 1422 2326; x_wconf 83' lang='lat' dir='ltr'><strong>Ruinarto</strong></span> <span class='ocrx_word' id='word_1_137' title='bbox 1444 2262 1504 2325; x_wconf 89' lang='lat' dir='ltr'><strong>ubi</strong></span> 
     </span>
    </p>
   </div>
   <div class='ocr_carea' id='block_1_3' title="bbox 400 2363 1504 2635">
    <p class='ocr_par' dir='ltr' id='par_1_3' title="bbox 400 2363 1504 2635">
     <span class='ocr_line' id='line_1_17' title="bbox 400 2363 1504 2450; baseline -0.002 -23"><span class='ocrx_word' id='word_1_138' title='bbox 400 2387 497 2449; x_wconf 88' lang='lat' dir='ltr'><strong>supra</strong></span> <span class='ocrx_word' id='word_1_139' title='bbox 519 2387 550 2448; x_wconf 92' lang='lat' dir='ltr'><strong>p.</strong></span> <span class='ocrx_word' id='word_1_140' title='bbox 568 2383 618 2443; x_wconf 84' lang='lat'><strong>74.</strong></span> <span class='ocrx_word' id='word_1_141' title='bbox 634 2372 667 2427; x_wconf 85' lang='lat' dir='ltr'><strong>et</strong></span> <span class='ocrx_word' id='word_1_142' title='bbox 690 2386 778 2448; x_wconf 88' lang='lat' dir='ltr'><strong>seqq.</strong></span> <span class='ocrx_word' id='word_1_143' title='bbox 795 2387 889 2448; x_wconf 91' lang='lat' dir='ltr'><strong>quem</strong></span> <span class='ocrx_word' id='word_1_144' title='bbox 911 2389 970 2450; x_wconf 90' lang='lat' dir='ltr'><strong>ego</strong></span> <span class='ocrx_word' id='word_1_145' title='bbox 993 2366 1146 2439; x_wconf 88' lang='lat' dir='ltr'><strong>imitatus,</strong></span> <span class='ocrx_word' id='word_1_146' title='bbox 1166 2366 1305 2450; x_wconf 82' lang='lat' dir='ltr'><strong>episbolae</strong></span> <span class='ocrx_word' id='word_1_147' title='bbox 1328 2363 1413 2447; x_wconf 87' lang='lat' dir='ltr'><strong>quod</strong></span> <span class='ocrx_word' id='word_1_148' title='bbox 1435 2385 1504 2427; x_wconf 88' lang='lat' dir='ltr'><strong>ser-</strong></span> 
     </span>
     <span class='ocr_line' id='line_1_18' title="bbox 401 2464 1504 2553; baseline -0.003 -24"><span class='ocrx_word' id='word_1_149' title='bbox 401 2475 508 2529; x_wconf 91' lang='lat' dir='ltr'><strong>vatum</strong></span> <span class='ocrx_word' id='word_1_150' title='bbox 524 2475 573 2530; x_wconf 85' lang='lat' dir='ltr'><strong>ost</strong></span> <span class='ocrx_word' id='word_1_151' title='bbox 589 2467 621 2529; x_wconf 93' lang='lat' dir='ltr'><strong>in</strong></span> <span class='ocrx_word' id='word_1_152' title='bbox 636 2467 792 2530; x_wconf 78' lang='lat' dir='ltr'><strong>sectiones</strong></span> <span class='ocrx_word' id='word_1_153' title='bbox 807 2467 940 2531; x_wconf 90' lang='lat' dir='ltr'><strong>divisum</strong></span> <span class='ocrx_word' id='word_1_154' title='bbox 957 2469 1097 2545; x_wconf 83' lang='lat' dir='ltr'><strong>exhibui,</strong></span> <span class='ocrx_word' id='word_1_155' title='bbox 1114 2491 1176 2553; x_wconf 92' lang='lat' dir='ltr'><strong>quo</strong></span> <span class='ocrx_word' id='word_1_156' title='bbox 1196 2468 1307 2531; x_wconf 90' lang='lat' dir='ltr'><strong>melius</strong></span> <span class='ocrx_word' id='word_1_157' title='bbox 1327 2464 1504 2548; x_wconf 91' lang='lat' dir='ltr'><strong>legentium</strong></span> 
     </span>
     <span class='ocr_line' id='line_1_19' title="bbox 402 2567 1504 2635; baseline -0.002 -4"><span class='ocrx_word' id='word_1_158' title='bbox 402 2569 575 2631; x_wconf 89' lang='lat' dir='ltr'><strong>commodis</strong></span> <span class='ocrx_word' id='word_1_159' title='bbox 599 2569 825 2633; x_wconf 78' lang='lat' dir='ltr'><strong>consuleretur.</strong></span> <span class='ocrx_word' id='word_1_160' title='bbox 872 2571 963 2635; x_wconf 86' lang='lat' dir='ltr'><strong>Idem</strong></span> <span class='ocrx_word' id='word_1_161' title='bbox 984 2572 1044 2634; x_wconf 89' lang='lat' dir='ltr'><strong>hoc</strong></span> <span class='ocrx_word' id='word_1_162' title='bbox 1066 2571 1176 2634; x_wconf 81' lang='lat' dir='ltr'><strong>fecisse</strong></span> <span class='ocrx_word' id='word_1_163' title='bbox 1202 2591 1285 2633; x_wconf 87' lang='lat' dir='ltr'><strong>nunc</strong></span> <span class='ocrx_word' id='word_1_164' title='bbox 1308 2568 1398 2630; x_wconf 88' lang='lat' dir='ltr'><strong>video</strong></span> <span class='ocrx_word' id='word_1_165' title='bbox 1425 2567 1504 2630; x_wconf 85' lang='lat' dir='ltr'><strong>Gal-</strong></span> 
     </span>
    </p>
   </div>
   <div class='ocr_carea' id='block_1_4' title="bbox 400 2670 1503 2759">
    <p class='ocr_par' dir='ltr' id='par_1_4' title="bbox 400 2670 1503 2759">
     <span class='ocr_line' id='line_1_20' title="bbox 400 2670 1503 2759; baseline -0.004 -21"><span class='ocrx_word' id='word_1_166' title='bbox 400 2674 553 2749; x_wconf 81' lang='lat' dir='ltr'><strong>lendium,</strong></span> <span class='ocrx_word' id='word_1_167' title='bbox 565 2674 618 2757; x_wconf 91' lang='lat' dir='ltr'><strong>qui</strong></span> <span class='ocrx_word' id='word_1_168' title='bbox 634 2675 665 2737; x_wconf 91' lang='lat' dir='ltr'><strong>in</strong></span> <span class='ocrx_word' id='word_1_169' title='bbox 677 2675 737 2738; x_wconf 91' lang='lat' dir='ltr'><strong>vol.</strong></span> <span class='ocrx_word' id='word_1_170' title='bbox 748 2675 850 2759; x_wconf 90' lang='lat' dir='ltr'><strong>primo</strong></span> <span class='ocrx_word' id='word_1_171' title='bbox 859 2676 1052 2740; x_wconf 67' lang='lat' dir='ltr'><strong>Bibliotheca</strong></span> <span class='ocrx_word' id='word_1_172' title='bbox 1063 2699 1126 2740; x_wconf 86' lang='lat' dir='ltr'><strong>suae</strong></span> <span class='ocrx_word' id='word_1_173' title='bbox 1136 2677 1212 2738; x_wconf 88' lang='lat' dir='ltr'><strong>PP.</strong></span> <span class='ocrx_word' id='word_1_174' title='bbox 1224 2675 1306 2737; x_wconf 89' lang='lat' dir='ltr'><strong>hano</strong></span> <span class='ocrx_word' id='word_1_175' title='bbox 1322 2670 1503 2756; x_wconf 87' lang='lat' dir='ltr'><strong>epistolam,</strong></span> 
     </span>
    </p>
   </div>
   <div class='ocr_carea' id='block_1_5' title="bbox 401 2775 1547 4796">
    <p class='ocr_par' dir='ltr' id='par_1_5' title="bbox 401 2775 1504 3267">
     <span class='ocr_line' id='line_1_21' title="bbox 401 2775 1504 2863; baseline -0.003 -23"><span class='ocrx_word' id='word_1_176' title='bbox 401 2776 484 2840; x_wconf 88' lang='lat' dir='ltr'><strong>siout</strong></span> <span class='ocrx_word' id='word_1_177' title='bbox 499 2776 681 2861; x_wconf 81' lang='lat' dir='ltr'><strong>Martyrum</strong></span> <span class='ocrx_word' id='word_1_178' title='bbox 704 2775 962 2861; x_wconf 86' lang='lat' dir='ltr'><strong>Lugdunensium</strong></span> <span class='ocrx_word' id='word_1_179' title='bbox 983 2778 1213 2863; x_wconf 83' lang='lat' dir='ltr'><strong>Fragmentum</strong></span> <span class='ocrx_word' id='word_1_180' title='bbox 1235 2777 1323 2852; x_wconf 90' lang='lat' dir='ltr'><strong>illud,</strong></span> <span class='ocrx_word' id='word_1_181' title='bbox 1343 2796 1406 2838; x_wconf 82' lang='lat' dir='ltr'><strong>una</strong></span> <span class='ocrx_word' id='word_1_182' title='bbox 1428 2796 1504 2838; x_wconf 89' lang='lat' dir='ltr'><strong>cum</strong></span> 
     </span>
     <span class='ocr_line' id='line_1_22' title="bbox 402 2878 1502 2963; baseline -0.001 -23"><span class='ocrx_word' id='word_1_183' title='bbox 402 2878 523 2942; x_wconf 90' lang='lat' dir='ltr'><strong>Valesii</strong></span> <span class='ocrx_word' id='word_1_184' title='bbox 549 2879 634 2942; x_wconf 90' lang='lat' dir='ltr'><strong>notis</strong></span> <span class='ocrx_word' id='word_1_185' title='bbox 659 2879 834 2955; x_wconf 90' lang='lat' dir='ltr'><strong>collocavit,</strong></span> <span class='ocrx_word' id='word_1_186' title='bbox 857 2881 976 2944; x_wconf 90' lang='lat' dir='ltr'><strong>additis</strong></span> <span class='ocrx_word' id='word_1_187' title='bbox 999 2880 1069 2943; x_wconf 88' lang='lat' dir='ltr'><strong>aliis</strong></span> <span class='ocrx_word' id='word_1_188' title='bbox 1094 2880 1282 2963; x_wconf 86' lang='lat' dir='ltr'><strong>quibusdam</strong></span> <span class='ocrx_word' id='word_1_189' title='bbox 1304 2878 1502 2941; x_wconf 91' lang='lat' dir='ltr'><strong>observatio-</strong></span> 
     </span>
     <span class='ocr_line' id='line_1_23' title="bbox 402 2979 1503 3065; baseline -0.001 -23"><span class='ocrx_word' id='word_1_190' title='bbox 402 2979 496 3043; x_wconf 90' lang='lat' dir='ltr'><strong>nibus</strong></span> <span class='ocrx_word' id='word_1_191' title='bbox 518 3003 557 3043; x_wconf 85' lang='lat' dir='ltr'><strong>ex</strong></span> <span class='ocrx_word' id='word_1_192' title='bbox 578 2981 736 3044; x_wconf 86' lang='lat' dir='ltr'><strong>Ruinarto</strong></span> <span class='ocrx_word' id='word_1_193' title='bbox 759 2981 988 3065; x_wconf 86' lang='lat' dir='ltr'><strong>Readingiique</strong></span> <span class='ocrx_word' id='word_1_194' title='bbox 1011 2982 1060 3044; x_wconf 89' lang='lat' dir='ltr'><strong>ed.</strong></span> <span class='ocrx_word' id='word_1_195' title='bbox 1084 2981 1265 3045; x_wconf 85' lang='lat' dir='ltr'><strong>Eusebiana</strong></span> <span class='ocrx_word' id='word_1_196' title='bbox 1289 2979 1410 3064; x_wconf 90' lang='lat' dir='ltr'><strong>petitis.</strong></span> <span class='ocrx_word' id='word_1_197' title='bbox 1459 2980 1503 3041; x_wconf 92' lang='lat' dir='ltr'><strong>In</strong></span> 
     </span>
     <span class='ocr_line' id='line_1_24' title="bbox 401 3080 1504 3168; baseline 0 -24"><span class='ocrx_word' id='word_1_198' title='bbox 401 3083 529 3144; x_wconf 84' lang='lat' dir='ltr'><strong>Memor.</strong></span> <span class='ocrx_word' id='word_1_199' title='bbox 545 3091 653 3146; x_wconf 88' lang='lat' dir='ltr'><strong>autem</strong></span> <span class='ocrx_word' id='word_1_200' title='bbox 668 3083 841 3146; x_wconf 74' lang='lat' dir='ltr'><strong>Ecclesiam.</strong></span> <span class='ocrx_word' id='word_1_201' title='bbox 857 3091 934 3146; x_wconf 91' lang='lat' dir='ltr'><strong>tom.</strong></span> <span class='ocrx_word' id='word_1_202' title='bbox 956 3082 999 3146; x_wconf 93' lang='lat' dir='ltr'><strong>iii.</strong></span> <span class='ocrx_word' id='word_1_203' title='bbox 1022 3085 1061 3146; x_wconf 91' lang='lat' dir='ltr'><strong>de</strong></span> <span class='ocrx_word' id='word_1_204' title='bbox 1083 3083 1132 3145; x_wconf 90' lang='lat' dir='ltr'><strong>his</strong></span> <span class='ocrx_word' id='word_1_205' title='bbox 1154 3084 1220 3168; x_wconf 88' lang='lat' dir='ltr'><strong>egit</strong></span> <span class='ocrx_word' id='word_1_206' title='bbox 1242 3080 1427 3166; x_wconf 83' lang='lat' dir='ltr'><strong>fragmentis</strong></span> <span class='ocrx_word' id='word_1_207' title='bbox 1449 3102 1504 3144; x_wconf 87' lang='lat' dir='ltr'><strong>ac-</strong></span> 
     </span>
     <span class='ocr_line' id='line_1_25' title="bbox 402 3183 1226 3267; baseline 0 -21"><span class='ocrx_word' id='word_1_208' title='bbox 402 3184 602 3246; x_wconf 89' lang='lat' dir='ltr'><strong>commodate</strong></span> <span class='ocrx_word' id='word_1_209' title='bbox 616 3185 657 3247; x_wconf 89' lang='lat' dir='ltr'><strong>ad</strong></span> <span class='ocrx_word' id='word_1_210' title='bbox 674 3184 816 3247; x_wconf 91' lang='lat' dir='ltr'><strong>ordinem</strong></span> <span class='ocrx_word' id='word_1_211' title='bbox 831 3183 983 3267; x_wconf 89' lang='lat' dir='ltr'><strong>temporis</strong></span> <span class='ocrx_word' id='word_1_212' title='bbox 997 3184 1226 3247; x_wconf 89' lang='lat' dir='ltr'><strong>Tillemontius.</strong></span> 
     </span>
    </p>

    <p class='ocr_par' dir='ltr' id='par_1_6' title="bbox 402 3284 1547 4796">
     <span class='ocr_line' id='line_1_26' title="bbox 445 3284 1503 3369; baseline 0.002 -23"><span class='ocrx_word' id='word_1_213' title='bbox 445 3284 539 3363; x_wconf 76' lang='lat' dir='ltr'><strong>Quod</strong></span> <span class='ocrx_word' id='word_1_214' title='bbox 560 3286 601 3346; x_wconf 92' lang='lat' dir='ltr'><strong>ad</strong></span> <span class='ocrx_word' id='word_1_215' title='bbox 627 3306 745 3347; x_wconf 90' lang='lat' dir='ltr'><strong>annum</strong></span> <span class='ocrx_word' id='word_1_216' title='bbox 770 3286 898 3360; x_wconf 87' lang='lat' dir='ltr'><strong>attinet,</strong></span> <span class='ocrx_word' id='word_1_217' title='bbox 922 3308 985 3369; x_wconf 92' lang='lat' dir='ltr'><strong>quo</strong></span> <span class='ocrx_word' id='word_1_218' title='bbox 1010 3286 1078 3350; x_wconf 86' lang='lat' dir='ltr'><strong>haeo</strong></span> <span class='ocrx_word' id='word_1_219' title='bbox 1106 3286 1270 3350; x_wconf 85' lang='lat' dir='ltr'><strong>Gallicana</strong></span> <span class='ocrx_word' id='word_1_220' title='bbox 1294 3284 1421 3348; x_wconf 84' lang='lat' dir='ltr'><strong>vexatio</strong></span> <span class='ocrx_word' id='word_1_221' title='bbox 1447 3306 1503 3348; x_wconf 89' lang='lat' dir='ltr'><strong>ex-</strong></span> 
     </span>
     <span class='ocr_line' id='line_1_27' title="bbox 403 3385 1502 3472; baseline 0.004 -25"><span class='ocrx_word' id='word_1_222' title='bbox 403 3385 528 3459; x_wconf 84' lang='lat' dir='ltr'><strong>arserit,</strong></span> <span class='ocrx_word' id='word_1_223' title='bbox 545 3385 715 3469; x_wconf 90' lang='lat' dir='ltr'><strong>contigisse</strong></span> <span class='ocrx_word' id='word_1_224' title='bbox 729 3408 797 3449; x_wconf 89' lang='lat' dir='ltr'><strong>eam</strong></span> <span class='ocrx_word' id='word_1_225' title='bbox 813 3409 898 3450; x_wconf 90' lang='lat' dir='ltr'><strong>anno</strong></span> <span class='ocrx_word' id='word_1_226' title='bbox 917 3387 1041 3472; x_wconf 90' lang='lat' dir='ltr'><strong>imperii</strong></span> <span class='ocrx_word' id='word_1_227' title='bbox 1057 3388 1212 3451; x_wconf 88' lang='lat' dir='ltr'><strong>Antonini</strong></span> <span class='ocrx_word' id='word_1_228' title='bbox 1228 3387 1303 3450; x_wconf 86' lang='lat' dir='ltr'><strong>Veri</strong></span> <span class='ocrx_word' id='word_1_229' title='bbox 1322 3405 1370 3468; x_wconf 87' lang='lat'><strong>17.</strong></span> <span class='ocrx_word' id='word_1_230' title='bbox 1386 3387 1502 3462; x_wconf 82' lang='lat' dir='ltr'><strong>tradit,</strong></span> 
     </span>
     <span class='ocr_line' id='line_1_28' title="bbox 403 3484 1503 3574; baseline 0.006 -28"><span class='ocrx_word' id='word_1_231' title='bbox 403 3491 440 3547; x_wconf 92' lang='lat' dir='ltr'><strong>ut</strong></span> <span class='ocrx_word' id='word_1_232' title='bbox 456 3484 584 3561; x_wconf 92' lang='lat' dir='ltr'><strong>videbis,</strong></span> <span class='ocrx_word' id='word_1_233' title='bbox 603 3485 758 3549; x_wconf 84' lang='lat' dir='ltr'><strong>Eusebius</strong></span> <span class='ocrx_word' id='word_1_234' title='bbox 779 3488 811 3549; x_wconf 91' lang='lat' dir='ltr'><strong>in</strong></span> <span class='ocrx_word' id='word_1_235' title='bbox 830 3489 925 3572; x_wconf 87' lang='lat' dir='ltr'><strong>hujus</strong></span> <span class='ocrx_word' id='word_1_236' title='bbox 944 3489 997 3552; x_wconf 93' lang='lat' dir='ltr'><strong>lib.</strong></span> <span class='ocrx_word' id='word_1_237' title='bbox 1015 3489 1116 3573; x_wconf 91' lang='lat' dir='ltr'><strong>quinti</strong></span> <span class='ocrx_word' id='word_1_238' title='bbox 1137 3489 1299 3574; x_wconf 91' lang='lat' dir='ltr'><strong>principio,</strong></span> <span class='ocrx_word' id='word_1_239' title='bbox 1316 3488 1369 3552; x_wconf 91' lang='lat' dir='ltr'><strong>ubi</strong></span> <span class='ocrx_word' id='word_1_240' title='bbox 1389 3512 1503 3553; x_wconf 89' lang='lat' dir='ltr'><strong>consu·</strong></span> 
     </span>
     <span class='ocr_line' id='line_1_29' title="bbox 402 3586 1547 3678; baseline 0.006 -30"><span class='ocrx_word' id='word_1_241' title='bbox 402 3586 514 3649; x_wconf 89' lang='lat' dir='ltr'><strong>lendus</strong></span> <span class='ocrx_word' id='word_1_242' title='bbox 535 3593 585 3649; x_wconf 90' lang='lat' dir='ltr'><strong>est</strong></span> <span class='ocrx_word' id='word_1_243' title='bbox 609 3587 763 3649; x_wconf 83' lang='lat' dir='ltr'><strong>Valesius.</strong></span> <span class='ocrx_word' id='word_1_244' title='bbox 809 3590 934 3653; x_wconf 87' lang='lat' dir='ltr'><strong>Auctor</strong></span> <span class='ocrx_word' id='word_1_245' title='bbox 955 3613 1080 3675; x_wconf 89' lang='lat' dir='ltr'><strong>quoque</strong></span> <span class='ocrx_word' id='word_1_246' title='bbox 1100 3592 1268 3668; x_wconf 76' lang='lat' dir='ltr'><strong>Passionis,</strong></span> <span class='ocrx_word' id='word_1_247' title='bbox 1288 3615 1383 3678; x_wconf 91' lang='lat' dir='ltr'><strong>quam</strong></span> <span class='ocrx_word' id='word_1_248' title='bbox 1404 3592 1503 3655; x_wconf 92' lang='lat' dir='ltr'><strong>modo</strong></span> <span class='ocrx_word' id='word_1_249' title='bbox 1542 3611 1547 3622; x_wconf 93' lang='grc'>·</span> 
     </span>
     <span class='ocr_line' id='line_1_30' title="bbox 404 3687 1502 3772; baseline 0.007 -23"><span class='ocrx_word' id='word_1_250' title='bbox 404 3687 584 3763; x_wconf 87' lang='lat' dir='ltr'><strong>memoravi,</strong></span> <span class='ocrx_word' id='word_1_251' title='bbox 601 3689 659 3751; x_wconf 79' lang='lat' dir='ltr'><strong>SS.</strong></span> <span class='ocrx_word' id='word_1_252' title='bbox 675 3689 828 3772; x_wconf 76' lang='lat' dir='ltr'><strong>Epipodii</strong></span> <span class='ocrx_word' id='word_1_253' title='bbox 841 3701 867 3752; x_wconf 78' lang='lat' dir='ltr'><strong>et</strong></span> <span class='ocrx_word' id='word_1_254' title='bbox 882 3692 1067 3768; x_wconf 72' lang='lat' dir='ltr'><strong>Maeandri,</strong></span> <span class='ocrx_word' id='word_1_255' title='bbox 1084 3692 1133 3757; x_wconf 89' lang='lat' dir='ltr'><strong>vel</strong></span> <span class='ocrx_word' id='word_1_256' title='bbox 1154 3696 1288 3758; x_wconf 87' lang='lat' dir='ltr'><strong>eundem</strong></span> <span class='ocrx_word' id='word_1_257' title='bbox 1307 3717 1438 3771; x_wconf 89' lang='lat' dir='ltr'><strong>annum,</strong></span> <span class='ocrx_word' id='word_1_258' title='bbox 1452 3695 1502 3758; x_wconf 90' lang='lat' dir='ltr'><strong>vel</strong></span> 
     </span>
     <span class='ocr_line' id='line_1_31' title="bbox 402 3789 1502 3870; baseline 0.006 -17"><span class='ocrx_word' id='word_1_259' title='bbox 402 3791 435 3853; x_wconf 92' lang='lat' dir='ltr'><strong>in</strong></span> <span class='ocrx_word' id='word_1_260' title='bbox 450 3789 610 3853; x_wconf 89' lang='lat' dir='ltr'><strong>codicibus</strong></span> <span class='ocrx_word' id='word_1_261' title='bbox 625 3790 782 3853; x_wconf 88' lang='lat' dir='ltr'><strong>nonnullis</strong></span> <span class='ocrx_word' id='word_1_262' title='bbox 797 3791 944 3855; x_wconf 61' lang='lat' dir='ltr'><em>mmmmm</em></span> <span class='ocrx_word' id='word_1_263' title='bbox 959 3804 1105 3870; x_wconf 69' lang='grc' dir='ltr'>οαίαοαοο,</span> <span class='ocrx_word' id='word_1_264' title='bbox 1120 3795 1227 3859; x_wconf 87' lang='lat' dir='ltr'><strong>habet.</strong></span> <span class='ocrx_word' id='word_1_265' title='bbox 1273 3797 1327 3859; x_wconf 92' lang='lat' dir='ltr'><strong>Ad</strong></span> <span class='ocrx_word' id='word_1_266' title='bbox 1342 3796 1410 3860; x_wconf 77' lang='lat' dir='ltr'><strong>haec</strong></span> <span class='ocrx_word' id='word_1_267' title='bbox 1427 3818 1502 3860; x_wconf 91' lang='lat' dir='ltr'><strong>con-</strong></span> 
     </span>
     <span class='ocr_line' id='line_1_32' title="bbox 402 3889 1501 3980; baseline 0.008 -28"><span class='ocrx_word' id='word_1_268' title='bbox 402 3898 455 3953; x_wconf 89' lang='lat' dir='ltr'><strong>tra</strong></span> <span class='ocrx_word' id='word_1_269' title='bbox 474 3890 553 3964; x_wconf 91' lang='lat' dir='ltr'><strong>illos,</strong></span> <span class='ocrx_word' id='word_1_270' title='bbox 570 3889 623 3972; x_wconf 82' lang='lat' dir='ltr'><strong>qui</strong></span> <span class='ocrx_word' id='word_1_271' title='bbox 643 3890 684 3953; x_wconf 90' lang='lat' dir='ltr'><strong>ad</strong></span> <span class='ocrx_word' id='word_1_272' title='bbox 705 3911 822 3954; x_wconf 89' lang='lat' dir='ltr'><strong>annum</strong></span> <span class='ocrx_word' id='word_1_273' title='bbox 840 3908 870 3973; x_wconf 91' lang='lat'><strong>7.</strong></span> <span class='ocrx_word' id='word_1_274' title='bbox 887 3893 1028 3976; x_wconf 89' lang='lat' dir='ltr'><strong>ejusdem</strong></span> <span class='ocrx_word' id='word_1_275' title='bbox 1048 3895 1169 3980; x_wconf 88' lang='lat' dir='ltr'><strong>imperii</strong></span> <span class='ocrx_word' id='word_1_276' title='bbox 1190 3897 1303 3960; x_wconf 91' lang='lat' dir='ltr'><strong>horum</strong></span> <span class='ocrx_word' id='word_1_277' title='bbox 1323 3904 1501 3980; x_wconf 86' lang='lat' dir='ltr'><strong>martyrum</strong></span> 
     </span>
     <span class='ocr_line' id='line_1_33' title="bbox 403 3990 1503 4083; baseline 0.011 -31"><span class='ocrx_word' id='word_1_278' title='bbox 403 3990 589 4074; x_wconf 89' lang='lat' dir='ltr'><strong>triumphos,</strong></span> <span class='ocrx_word' id='word_1_279' title='bbox 607 3990 670 4054; x_wconf 90' lang='lat' dir='ltr'><strong>fide</strong></span> <span class='ocrx_word' id='word_1_280' title='bbox 685 3992 751 4054; x_wconf 85' lang='lat' dir='ltr'><strong>nixi</strong></span> <span class='ocrx_word' id='word_1_281' title='bbox 767 3993 914 4057; x_wconf 70' lang='lat' dir='ltr'><strong>chronici</strong></span> <span class='ocrx_word' id='word_1_282' title='bbox 932 3996 1070 4073; x_wconf 83' lang='lat' dir='ltr'><strong>Eusebii,</strong></span> <span class='ocrx_word' id='word_1_283' title='bbox 1088 3998 1172 4081; x_wconf 89' lang='lat' dir='ltr'><strong>quod</strong></span> <span class='ocrx_word' id='word_1_284' title='bbox 1189 3999 1341 4062; x_wconf 86' lang='lat' dir='ltr'><strong>Historiae</strong></span> <span class='ocrx_word' id='word_1_285' title='bbox 1357 4000 1424 4083; x_wconf 90' lang='lat' dir='ltr'><strong>ojus</strong></span> <span class='ocrx_word' id='word_1_286' title='bbox 1440 4001 1503 4065; x_wconf 87' lang='lat' dir='ltr'><strong>bac</strong></span> 
     </span>
     <span class='ocr_line' id='line_1_34' title="bbox 403 4090 1503 4184; baseline 0.011 -31"><span class='ocrx_word' id='word_1_287' title='bbox 403 4090 434 4153; x_wconf 91' lang='lat' dir='ltr'><strong>in</strong></span> <span class='ocrx_word' id='word_1_288' title='bbox 462 4101 554 4175; x_wconf 89' lang='lat' dir='ltr'><strong>parte</strong></span> <span class='ocrx_word' id='word_1_289' title='bbox 579 4093 776 4165; x_wconf 84' lang='lat' dir='ltr'><strong>adversatur,</strong></span> <span class='ocrx_word' id='word_1_290' title='bbox 798 4094 923 4178; x_wconf 87' lang='lat' dir='ltr'><strong>signare</strong></span> <span class='ocrx_word' id='word_1_291' title='bbox 949 4096 1055 4172; x_wconf 82' lang='lat' dir='ltr'><strong>velint,</strong></span> <span class='ocrx_word' id='word_1_292' title='bbox 1082 4099 1183 4162; x_wconf 90' lang='lat' dir='ltr'><strong>multa</strong></span> <span class='ocrx_word' id='word_1_293' title='bbox 1208 4121 1291 4163; x_wconf 88' lang='lat' dir='ltr'><strong>nova</strong></span> <span class='ocrx_word' id='word_1_294' title='bbox 1312 4110 1503 4184; x_wconf 87' lang='lat' dir='ltr'><strong>argumenta</strong></span> 
     </span>
     <span class='ocr_line' id='line_1_35' title="bbox 403 4192 1501 4287; baseline 0.011 -33"><span class='ocrx_word' id='word_1_295' title='bbox 403 4192 513 4257; x_wconf 88' lang='lat' dir='ltr'><strong>attulit</strong></span> <span class='ocrx_word' id='word_1_296' title='bbox 530 4193 741 4269; x_wconf 90' lang='lat' dir='ltr'><strong>Moshomius‚</strong></span> <span class='ocrx_word' id='word_1_297' title='bbox 759 4194 877 4257; x_wconf 81' lang='lat' dir='ltr'><strong>Obsorc.</strong></span> <span class='ocrx_word' id='word_1_298' title='bbox 894 4197 980 4259; x_wconf 84' lang='lat' dir='ltr'><strong>Scor.</strong></span> <span class='ocrx_word' id='word_1_299' title='bbox 996 4208 1024 4261; x_wconf 83' lang='lat' dir='ltr'><strong>et</strong></span> <span class='ocrx_word' id='word_1_300' title='bbox 1040 4200 1160 4263; x_wconf 76' lang='lat' dir='ltr'><strong>Histoi.</strong></span> <span class='ocrx_word' id='word_1_301' title='bbox 1177 4200 1229 4264; x_wconf 92' lang='lat' dir='ltr'><strong>lib.</strong></span> <span class='ocrx_word' id='word_1_302' title='bbox 1249 4202 1277 4264; x_wconf 93' lang='lat' dir='ltr'><strong>I.</strong></span> <span class='ocrx_word' id='word_1_303' title='bbox 1294 4223 1361 4286; x_wconf 85' lang='lat' dir='ltr'><strong>cap.</strong></span> <span class='ocrx_word' id='word_1_304' title='bbox 1378 4223 1408 4287; x_wconf 86' lang='lat'><strong>3.</strong></span> <span class='ocrx_word' id='word_1_305' title='bbox 1427 4204 1456 4284; x_wconf 68' lang='grc' dir='ltr'><strong>δ.</strong></span> <span class='ocrx_word' id='word_1_306' title='bbox 1469 4225 1501 4265; x_wconf 88' lang='lat' dir='ltr'><strong>x.</strong></span> 
     </span>
     <span class='ocr_line' id='line_1_36' title="bbox 403 4295 1503 4388; baseline 0.011 -32"><span class='ocrx_word' id='word_1_307' title='bbox 403 4301 436 4356; x_wconf 92' lang='lat' dir='ltr'><strong>ot</strong></span> <span class='ocrx_word' id='word_1_308' title='bbox 458 4315 545 4377; x_wconf 89' lang='lat' dir='ltr'><strong>seqq.</strong></span> <span class='ocrx_word' id='word_1_309' title='bbox 561 4295 761 4358; x_wconf 85' lang='lat' dir='ltr'><strong>vexationem</strong></span> <span class='ocrx_word' id='word_1_310' title='bbox 783 4297 885 4361; x_wconf 90' lang='lat' dir='ltr'><strong>istanc</strong></span> <span class='ocrx_word' id='word_1_311' title='bbox 907 4320 992 4362; x_wconf 92' lang='lat' dir='ltr'><strong>anno</strong></span> <span class='ocrx_word' id='word_1_312' title='bbox 1012 4301 1131 4365; x_wconf 81' lang='lat' dir='ltr'><strong>Christi</strong></span> <span class='ocrx_word' id='word_1_313' title='bbox 1156 4320 1223 4385; x_wconf 90' lang='lat'><strong>177.</strong></span> <span class='ocrx_word' id='word_1_314' title='bbox 1240 4304 1429 4381; x_wconf 88' lang='lat' dir='ltr'><strong>attribuens,</strong></span> <span class='ocrx_word' id='word_1_315' title='bbox 1447 4306 1503 4388; x_wconf 91' lang='lat' dir='ltr'><strong>qui</strong></span> 
     </span>
     <span class='ocr_line' id='line_1_37' title="bbox 403 4399 1503 4483; baseline 0.015 -27"><span class='ocrx_word' id='word_1_316' title='bbox 403 4417 504 4458; x_wconf 88' lang='lat' dir='ltr'><strong>annus</strong></span> <span class='ocrx_word' id='word_1_317' title='bbox 527 4406 576 4460; x_wconf 90' lang='lat' dir='ltr'><strong>est</strong></span> <span class='ocrx_word' id='word_1_318' title='bbox 598 4416 646 4476; x_wconf 89' lang='lat'><strong>17.</strong></span> <span class='ocrx_word' id='word_1_319' title='bbox 667 4399 821 4462; x_wconf 86' lang='lat' dir='ltr'><strong>Antonini</strong></span> <span class='ocrx_word' id='word_1_320' title='bbox 841 4401 922 4483; x_wconf 92' lang='lat' dir='ltr'><strong>lmp.</strong></span> <span class='ocrx_word' id='word_1_321' title='bbox 970 4404 1122 4467; x_wconf 85' lang='lat' dir='ltr'><strong>Ceterum</strong></span> <span class='ocrx_word' id='word_1_322' title='bbox 1143 4406 1210 4470; x_wconf 83' lang='lat' dir='ltr'><strong>haeo</strong></span> <span class='ocrx_word' id='word_1_323' title='bbox 1231 4408 1328 4471; x_wconf 86' lang='lat' dir='ltr'><strong>verba</strong></span> <span class='ocrx_word' id='word_1_324' title='bbox 1344 4407 1503 4473; x_wconf 87' lang='lat' dir='ltr'><strong>Eusebius</strong></span> 
     </span>
     <span class='ocr_line' id='line_1_38' title="bbox 403 4496 1502 4590; baseline 0.016 -34"><span class='ocrx_word' id='word_1_325' title='bbox 403 4496 588 4579; x_wconf 84' lang='lat' dir='ltr'><strong>fragmentis</strong></span> <span class='ocrx_word' id='word_1_326' title='bbox 610 4501 764 4582; x_wconf 82' lang='lat' dir='ltr'><strong>praemisit</strong></span> <span class='ocrx_word' id='word_1_327' title='bbox 787 4502 877 4566; x_wconf 89' lang='lat' dir='ltr'><strong>initio</strong></span> <span class='ocrx_word' id='word_1_328' title='bbox 899 4504 952 4567; x_wconf 93' lang='lat' dir='ltr'><strong>lib.</strong></span> <span class='ocrx_word' id='word_1_329' title='bbox 969 4528 997 4568; x_wconf 89' lang='lat' dir='ltr'><strong>v.</strong></span> <span class='ocrx_word' id='word_1_330' title='bbox 1014 4504 1052 4571; x_wconf 87' lang='lat'><strong>‘0</strong></span> <span class='ocrx_word' id='word_1_331' title='bbox 1067 4511 1123 4586; x_wconf 71' lang='grc' dir='ltr'><strong>μὲν</strong></span> <span class='ocrx_word' id='word_1_332' title='bbox 1144 4511 1197 4572; x_wconf 76' lang='grc' dir='ltr'><strong>οὖν</strong></span> <span class='ocrx_word' id='word_1_333' title='bbox 1217 4515 1267 4589; x_wconf 80' lang='grc' dir='ltr'><strong>τῆς</strong></span> <span class='ocrx_word' id='word_1_334' title='bbox 1280 4510 1432 4590; x_wconf 75' lang='grc' dir='ltr'>Ῥωμαίων</span> <span class='ocrx_word' id='word_1_335' title='bbox 1455 4515 1502 4574; x_wconf 75' lang='grc' dir='ltr'><strong>ἐκ·</strong></span> 
     </span>
     <span class='ocr_line' id='line_1_39' title="bbox 404 4600 1502 4694; baseline 0.018 -38"><span class='ocrx_word' id='word_1_336' title='bbox 404 4600 528 4673; x_wconf 68' lang='lat' dir='ltr'><strong>ennoias</strong></span> <span class='ocrx_word' id='word_1_337' title='bbox 544 4601 704 4666; x_wconf 77' lang='grc' dir='ltr'>ἐπίσκοπος</span> <span class='ocrx_word' id='word_1_338' title='bbox 719 4604 820 4682; x_wconf 76' lang='grc' dir='ltr'>Σωτὴρ</span> <span class='ocrx_word' id='word_1_339' title='bbox 837 4606 885 4666; x_wconf 80' lang='grc' dir='ltr'><strong>ἐπὶ</strong></span> <span class='ocrx_word' id='word_1_340' title='bbox 900 4608 1009 4685; x_wconf 82' lang='grc' dir='ltr'>ὄγδοον</span> <span class='ocrx_word' id='word_1_341' title='bbox 1025 4610 1088 4674; x_wconf 83' lang='grc' dir='ltr'>ἔτος</span> <span class='ocrx_word' id='word_1_342' title='bbox 1103 4610 1299 4690; x_wconf 80' lang='grc' dir='ltr'>ἡγησάμενος,</span> <span class='ocrx_word' id='word_1_343' title='bbox 1311 4616 1434 4694; x_wconf 78' lang='grc' dir='ltr'>τελευτᾷ</span> <span class='ocrx_word' id='word_1_344' title='bbox 1446 4612 1502 4676; x_wconf 82' lang='grc' dir='ltr'><strong>τὸν</strong></span> 
     </span>
     <span class='ocr_line' id='line_1_40' title="bbox 402 4699 1500 4796; baseline 0.016 -39"><span class='ocrx_word' id='word_1_345' title='bbox 402 4699 484 4772; x_wconf 83' lang='grc' dir='ltr'>βίον·</span> <span class='ocrx_word' id='word_1_346' title='bbox 507 4703 611 4761; x_wconf 80' lang='grc' dir='ltr'>τοῦτον</span> <span class='ocrx_word' id='word_1_347' title='bbox 626 4703 787 4770; x_wconf 79' lang='grc' dir='ltr'>δωδέκατος</span> <span class='ocrx_word' id='word_1_348' title='bbox 801 4706 860 4767; x_wconf 81' lang='grc' dir='ltr'><strong>ἀπὸ</strong></span> <span class='ocrx_word' id='word_1_349' title='bbox 873 4713 931 4769; x_wconf 81' lang='grc' dir='ltr'><strong>τῶν</strong></span> <span class='ocrx_word' id='word_1_350' title='bbox 943 4710 1121 4774; x_wconf 79' lang='grc' dir='ltr'>ἀποστόλων</span> <span class='ocrx_word' id='word_1_351' title='bbox 1129 4710 1306 4792; x_wconf 78' lang='grc' dir='ltr'>Ἐλεύθερος</span> <span class='ocrx_word' id='word_1_352' title='bbox 1321 4713 1500 4796; x_wconf 67' lang='grc' dir='ltr'>διαδέχεται·</span> 
     </span>
    </p>
   </div>
   <div class='ocr_carea' id='block_1_6' title="bbox 0 0 1916 5650">
    <p class='ocr_par' dir='ltr' id='par_1_7' title="bbox 0 0 1916 5650">
     <span class='ocr_line' id='line_1_41' title="bbox 0 0 1916 5650; baseline 0 0"><span class='ocrx_word' id='word_1_353' title='bbox 0 0 1916 5650; x_wconf 95' lang='lat' dir='ltr'><strong> </strong></span> 
     </span>
    </p>
   </div>
  </div>
 </body>
</html>
