3809 5650
679 677 727 742 IN
751 677 910 742 PAPIAE
934 679 1233 745 FRAGMENTA.
1467 682 1506 741 41

450 844 488 908 P.
501 864 550 922 ¹4·
564 845 584 906 l.
601 859 649 927 17.
665 844 812 909 Andreas
823 846 1042 930 Caesariensis]
1065 846 1257 910 Pearsouius
1271 847 1391 910 Vindio.
1404 847 1507 931 Ιριιαι.

407 945 445 1009 Ρ.
460 945 480 1009 i.
504 967 531 1010 o.
546 964 596 1008 10.
627 946 810 1010 “Andreas
835 946 1040 1013 Caesariensis
1065 947 1242 1031 episeopus,
1269 947 1317 1010 vir
1340 948 1447 1033 gravis
1474 956 1508 1012 et

405 1053 426 1082 “
440 1045 627 1123 catholicus,
642 1047 913 1112 eonsentientibus
934 1047 1128 1112 Bellarmino
1149 1055 1183 1112 et
1197 1047 1332 1113 Usserio
1352 1049 1438 1114 eirea
1452 1071 1509 1113 an-

406 1154 427 1183 ⁴‘
441 1168 517 1210 num
543 1146 830 1232 quingentesimum
852 1147 1000 1234 scripsit;
1032 1156 1118 1213 eerte
1148 1150 1306 1214 neminem
1335 1150 1431 1228 eitat,
1454 1151 1509 1234 qui

406 1254 426 1282 ‘⁶
440 1248 537 1311 fuerit
553 1249 585 1310 S.
601 1247 718 1332 Oyrillo
726 1247 865 1333 junior.”
886 1271 918 1334 p.
932 1269 1004 1334 139.
1044 1250 1145 1314 Cavio
1159 1271 1285 1334 quoque
1299 1251 1333 1314 iu
1346 1252 1430 1314 Her.
1441 1252 1507 1314 Le.

405 1347 465 1411 rol.
478 1349 504 1414 I.
520 1370 552 1432 p.
562 1351 638 1431 467.
661 1348 745 1413 idem
766 1349 940 1414 verisimile
957 1372 1026 1415 esse
1052 1349 1188 1428 videtur,
1214 1352 1270 1415 sed
1296 1351 1416 1417 nullam
1439 1351 1508 1435 ejus

405 1448 463 1512 viri
477 1471 547 1514 esse
560 1449 608 1514 ait
622 1450 706 1533 apud
721 1457 843 1514 veteres
857 1450 1063 1515 mentionem.

450 1550 570 1614 1bid.i.
587 1571 634 1635 19.
659 1551 772 1630 δηλαδὴ
785 1557 846 1616 τῶν
858 1551 954 1615 πάλαι
978 1554 1067 1616 θείων
1089 1552 1245 1639 ἀγγέλων]
1270 1553 1423 1618 Forsitan
1437 1554 1506 1619 haeo

405 1651 556 1728 Andreae,
571 1673 635 1715 uon
650 1651 771 1736 Papia,
786 1653 884 1716 verba
899 1659 984 1718 sunt.

449 1750 531 1817 ibid.
545 1751 567 1815 l.
579 1770 629 1818 20.
651 1755 702 1830 τῆς
718 1752 786 1832 περὶ
806 1752 861 1830 τὴν
880 1756 937 1833 γῆν
952 1755 1190 1840 διακοσμήσεως]
1221 1755 1373 1820 Similiter
1387 1754 1506 1819 sentire

403 1849 482 1915 alios
503 1851 657 1934 quosdam
676 1871 716 1914 ex
737 1852 885 1936 patribus
900 1854 1142 1920 Ante-Nieaenis
1157 1856 1197 1921 de
1217 1878 1294 1920 eura
1314 1877 1421 1920 rerum
1442 1863 1506 1919 ter-

403 1973 553 2017 renarum
576 1953 744 2018 commissa
764 1954 894 2039 angelis,
916 1977 956 2020 ex
979 1957 1094 2042 quibus
1119 1957 1260 2022 nonnulii
1285 1963 1399 2041 postea
1424 1956 1506 2040 lapsi

403 2053 542 2131 fuerunt,
557 2054 626 2118 fuse
640 2055 781 2119 ostendit
796 2056 910 2120 doetus
921 2057 973 2121 ille
993 2056 1175 2122 Halloixius
1189 2057 1232 2121 ad
1251 2057 1311 2121 Vir.
1328 2058 1364 2121 S.
1379 2058 1505 2142 Papiae,

402 2176 435 2239 p.
450 2155 523 2240 665.
569 2154 633 2219 Sed
652 2178 726 2220 vero
745 2157 820 2221 nixa
844 2166 919 2222 sunt
940 2159 1009 2222 haeo
1030 2159 1137 2222 omnia
1159 2158 1236 2222 loeis
1257 2158 1447 2243 quibusdam
1470 2159 1504 2223 S.

403 2255 575 2344 Scriptura
590 2258 669 2322 satis
684 2260 845 2334 obseuns3
869 2267 907 2324 ut
921 2259 1053 2323 dubium
1068 2260 1123 2336 sit,
1135 2269 1240 2322 utrum
1256 2259 1295 2322 iis
1306 2259 1506 2343 opinionibus

402 2358 480 2424 insit
498 2359 628 2446 aliquid,
648 2382 711 2444 quo
732 2367 819 2425 reete
840 2360 888 2424 uti
908 2359 1020 2445 possis.
1067 2361 1199 2424 interea
1216 2382 1370 2445 perquam
1390 2360 1507 2425 similia

403 2460 444 2524 de
467 2460 599 2547 singuiis
626 2462 721 2527 rebus
743 2483 782 2526 ao
803 2463 954 2546 gentibue
976 2485 997 2526 a
1018 2483 1142 2527 summo
1163 2461 1235 2525 Deo
1256 2482 1353 2548 penes
1374 2460 1506 2526 numina

401 2560 553 2626 inferiora
567 2562 679 2647 positis
693 2563 813 2627 ethniei
828 2565 1027 2629 statuebant.

446 2662 532 2727 Ibid.
547 2664 570 2727 1.
587 2681 638 2729 22.
661 2665 715 2743 την
732 2667 816 2743 τάξιν
837 2666 945 2749 αὐτῶν]
971 2666 1013 2728 In
1033 2686 1144 2729 reeens
1166 2663 1254 2728 edito
1276 2685 1297 2727 a
1318 2664 1358 2727 el.
1377 2663 1505 2729 Joanne

402 2763 543 2829 Cramer.
572 2765 742 2830 OE'atmenii
771 2775 799 2832 et
823 2766 950 2831 Arete
975 2767 1195 2832 Oomnaentario
1223 2766 1259 2829 ιἰι
1284 2765 1504 2851 Apocalypsin,

401 2866 507 2944 verba,
523 2888 594 2951 quae
609 2875 794 2952 sequuntur,
809 2869 922 2933 addita
937 2876 1013 2933 sunt
1028 2869 1070 2933 ab
1084 2889 1123 2932 eo
1138 2889 1178 2931 ex
1195 2867 1294 2931 MSto
1309 2868 1480 2953 desumpta
1493 2895 1502 2941 ς

401 2972 498 3032 Τοῦτο
520 2969 569 3032 καὶ
590 2969 726 3051 πατέρων
743 2969 908 3051 παράδοσις
930 2970 979 3033 καὶ
1002 2970 1122 3032 Παπίου
1144 2969 1284 3050 διαδόχου
1308 2972 1359 3030 τοῦ
1382 2970 1505 3050 εὐαγγε-

401 3073 508 3132 λιστοῦ
532 3068 684 3144 Ἰωάννου,
708 3072 743 3134 οδ
772 3072 821 3134 καὶ
848 3072 866 3150 ἡ
895 3068 1074 3151 προκειμένη
1099 3067 1300 3150 δποκάλυψις,
1321 3072 1503 3146 διαβεβαιοῖ.

402 3172 571 3237 Παπίαςδέ
587 3173 635 3235 καὶ
651 3170 695 3236 ἐπ’
712 3173 801 3251 αὐτῆς
820 3172 930 3250 λέξεως
949 3174 1042 3239 οὕτως
1056 3171 1132 3252 φησὶ
1147 3169 1216 3250 περὶ
1231 3174 1283 3232 τοῦ
1298 3168 1442 3248 πολέμου,
1458 3170 1505 3234 ὅτι

402 3272 445 3338 είς
466 3271 554 3336 οὐδὲν
575 3272 691 3351 συνέβη
713 3277 889 3351 τελευτῆσαι
910 3272 965 3351 την
989 3272 1073 3350 τάξιν
1096 3271 1203 3343 αὐτῶν,
1224 3270 1317 3333 οἱονεὶ
1338 3269 1393 3349 τὴν
1413 3279 1504 3333 πολε·

400 3371 489 3451 μιτῆν
510 3374 691 3456 ἐγχείρησιν.
714 3374 850 3453 Ἐβλήθη
873 3377 930 3456 γὰρ
948 3376 965 3438 ὁ
985 3374 1136 3455 δράκωνό
1157 3370 1262 3453 μέγας,
1286 3373 1302 3432 ά
1324 3373 1394 3453 ὄφις
1413 3374 1429 3433 d
1451 3373 1504 3453 άρ-

400 3477 496 3553 χαῖος,
522 3474 571 3536 καὶ
594 3476 611 3535 d
637 3479 775 3541 Σατανᾶς
799 3476 847 3538 καί
870 3474 1013 3554 διάβολος
1039 3474 1226 3552 καλούμενοι,
1248 3471 1297 3535 καὶ
1320 3470 1436 3549 ἐβλήθη
1462 3473 1505 3538 εἰς

400 3570 455 3649 τὴν
472 3575 540 3652 γῆν,
560 3573 650 3641 αι’ντδς
670 3575 719 3638 καὶ
739 3578 768 3638 οἱ
790 3577 917 3657 ἄγγελοι
939 3577 1028 3639 αὐτοῦ
1043 3574 1154 3661 (Αρυα.
1171 3572 1226 3636 xii.
1244 3571 1290 3658 9.)
1311 3573 1453 3650 διάνυμος
1470 3573 1503 3635 δὲ

400 3672 496 3747 οὗτος,
509 3680 646 3742 Σατανᾶς
659 3679 718 3757 γὰρ
730 3677 778 3739 καὶ
788 3675 933 3755 διάβολος
947 3683 1096 3740 καλεῖταιι
1111 3696 1224 3739 oomm.
1234 3674 1268 3737 in
1277 3674 1379 3758 Apoe.
1389 3696 1420 3757 p.
1426 3675 1502 3755 360.

400 3772 455 3837 xii.
477 3794 507 3858 9.
554 3776 619 3841 Sed
644 3799 684 3840 ex
705 3776 756 3841 his
777 3778 881 3842 verbis
903 3799 942 3843 ea
968 3785 1095 3843 tantum
1120 3775 1230 3861 Papiae
1256 3781 1341 3850 sunt,
1366 3794 1438 3857 quae
1462 3794 1503 3837 ex

400 3874 534 3940 Andros
549 3877 739 3942 Caesariensi
752 3877 858 3951 attuli,
872 3880 913 3945 είς
928 3879 1016 3943 οὐδὲν
1030 3876 1146 3956 συνέβη
1161 3879 1338 3953 τελευτῆσαι
1351 3874 1407 3952 τὴν
1418 3872 1503 3949 τάξιν

400 3976 507 4055 αὐτῶν,
518 3978 641 4063 reliqua
656 3979 818 4063 pertinent
829 3980 871 4043 ad
883 3985 1176 4053 commentatorem,
1189 3975 1302 4038 dubito
1314 3996 1356 4037 an
1366 3972 1502 4056 Papiam

399 4086 487 4142 reete
498 4078 772 4164 interpretantem,
784 4086 870 4143 eerte
878 4079 982 4157 aliter,
994 4100 1089 4163 quam
1101 4078 1192 4142 video
1203 4075 1314 4138 feeisse
1323 4074 1500 4136 Andream.

445 4179 483 4241 P.
500 4194 549 4263 15.
564 4178 584 4241 l.
598 4186 629 4242 8.
647 4180 682 4243 τδ
696 4181 883 4264 ἀξιόπιστον]
909 4179 1127 4244 domnamaria
1145 4176 1316 4241 OE'etmwaii
1334 4184 1362 4238 et
1376 4174 1503 4237 Aretdoe

399 4283 434 4345 ιἰτ
449 4283 654 4368 Apoealypsis
674 4285 770 4348 modo
787 4283 875 4347 dioto
895 4283 1059 4368 praemissa
1079 4289 1129 4347 est
1149 4303 1180 4365 p.
1194 4297 1265 4362 174,
1282 4301 1322 4342 ex
1336 4278 1418 4342 libro
1434 4281 1504 4342 An-

399 4383 484 4448 dreae
500 4384 705 4448 Caesariensis
728 4385 761 4448 in
777 4384 994 4470 Apocalypsin
1008 4384 1112 4448 brevis
1130 4380 1277 4466 quaedam
1292 4380 1445 4464 Synopsis
1460 4380 1502 4444 ab

399 4485 527 4549 Aretha
543 4485 699 4571 apposita,
716 4508 787 4570 quae
801 4486 846 4550 sic
864 4486 1045 4561 mauditum
1078 4485 1154 4567 Περὶ
1176 4486 1208 4548 δὲ
1229 4489 1280 4546 τοῦ
1301 4485 1502 4546 θεοπνεύστου

399 4589 450 4663 τῆς
463 4589 588 4666 βίβλου,
601 4590 618 4649 δ
631 4590 665 4650 έν
680 4588 775 4668 ἁγίοις
787 4590 957 4661 Βασίλειος,
972 4587 1019 4651 καὶ
1034 4588 1193 4668 Γρεγόριος
1207 4587 1224 4646 δ
1240 4589 1320 4651 θεῖος
1330 4584 1384 4647 τὸν
1395 4586 1503 4665 λόγον,

400 4688 449 4750 καὶ
464 4690 623 4769 Κάμιλλος,
641 4690 689 4753 καί
705 4690 836 4762 Παπίας,
853 4690 901 4752 καὶ
917 4691 1085 4768 Εἰρηναῖος,
1101 4688 1149 4750 καὶ
1165 4688 1321 4762 Μεθόδιος,
1339 4684 1388 4747 καὶ
1401 4683 1502 4747 Ἱππά·

443 4810 508 4852 νοτ..
525 4811 545 4852 1.
940 4813 961 4850 ο
