3809 5650
625 681 675 746 nr
699 657 949 747 euersuri
975 683 1278 750 cessurum.
1354 685 1357 693 ·
1435 685 1502 754 scu

440 850 772 935 P.215.l.19.draroirc
785 852 914 915 ἐκάλουν
924 853 979 930 τὴν
990 854 1152 931 ἐκκλησίαν
1161 853 1324 938 παρθένον]
1332 854 1501 920 Meliusde·

398 959 528 1036 geretur
542 951 631 1033 μέχρι
642 955 756 1015 τούτου.
788 953 840 1016 Sic
851 952 935 1015 enim
950 953 1050 1016 hebet
1065 952 1222 1016 Eusebius
1237 954 1270 1016 in
1285 954 1338 1018 lib.
1349 955 1393 1020 iii.
1408 979 1435 1020 c.
1447 977 1500 1044 32.

398 1051 453 1114 ubi
476 1051 559 1114 hunc
582 1051 756 1137 Hegesippi
779 1053 882 1116 locum
903 1053 1043 1117 adducit.
1068 1053 1233 1116 Vunnsrus.
1280 1056 1384 1140 Supra
1401 1057 1454 1120 lin.
1470 1079 1502 1140 4·

399 1152 494 1235 hujus
508 1174 581 1236 pag.
626 1153 726 1217 Recte
746 1162 854 1218 monet
875 1154 1050 1230 strothius,
1068 1154 1237 1218 lectionem
1255 1159 1305 1220 διὰ
1323 1163 1411 1221 τοῦτο
1430 1180 1504 1224 oon·

399 1253 519 1317 {innoti
545 1255 587 1317 ab
614 1255 724 1339 Rufino
750 1269 784 1318 et
808 1254 995 1337 Nicephoru..
1038 1254 1099 1317 Est
1125 1255 1209 1319 euim
1235 1257 1392 1322 cretionis
1416 1259 1503 1324 houd

399 1356 582 1439 infrequens
595 1355 738 1417 inversio.
763 1358 811 1418 διὰ
826 1360 912 1417 τοῦτο
927 1359 986 1436 γὰρ
1001 1358 1046 1419 ἐκ.
1062 1356 1161 1419 habet
1175 1357 1214 1418 N
1212 1357 1380 1441 wepdom

445 1455 532 1519 Ivbidl-
548 1454 578 1516 l.-
594 1475 650 1520 21..
668 1457 792 1537 ἄρχεται
813 1454 837 1517 b’
861 1459 877 1517 ὁ
901 1455 1065 1539 Θέβοοθις]
1089 1457 1244 1535 Θέβονλις
1264 1459 1309 1522 ed.
1332 1461 1375 1522 Id.
1396 1460 1498 1546 Scapt

400 1558 463 1622 Sed
486 1558 518 1620 iu
541 1557 649 1620 codiee
672 1557 751 1640 Beg.
768 1556 854 1619 Mun.
877 1567 910 1620 et
934 1557 1017 1620 Fuk.
1040 1578 1163 1620 necnon
1183 1559 1269 1642 opud
1286 1559 1500 1644 Nicephorum

399 1657 515 1741 iegitur
537 1657 698 1734 Θέβονθις.
744 1657 879 1720 Rufinus
904 1655 1078 1720 Μαίων
1100 1657 1209 1733 vertit,
1223 1659 1359 1723 nominis
1381 1663 1500 1746 esperi-

399 1767 503 1822 tstem
519 1757 751 1840 eliquantulum
765 1757 919 1821 molliens.
964 1758 1017 1822 Sic
1031 1780 1089 1842 pre
1104 1759 1204 1843 Glopo
1218 1759 1306 1822 idone
1317 1759 1451 1827 Rufina
1466 1772 1501 1828 st

399 1868 525 1922 veteres
542 1858 608 1920 iere
628 1879 738 1920 omnes
755 1858 906 1943 Cleopcm
926 1859 1045 1921 dixere.
1092 1859 1129 1920 ln
1154 1859 1373 1924 vetustissimo,
1391 1868 1502 1927 tenen

401 1958 507 2022 Rufini
524 1958 632 2021 codice
647 1959 700 2041 qui
716 1958 777 2022 suit
791 1959 867 2021 olim
882 1960 915 2022 in
930 1958 1124 2023 bibliotheca
1142 1961 1329 2025 Purisiensis
1349 1962 1500 2029 Ecclesiae

400 2059 549 2124 scribitur
566 2057 717 2123 Thomu.
751 2061 903 2122 Ceterum
918 2060 951 2122 in
966 2059 1069 2123 tribus
1083 2060 1244 2124 codicibus
1259 2061 1344 2125 Mas.
1361 2064 1452 2128 Med.
1466 2071 1501 2128 et

401 2160 430 2223 F
431 2162 485 2223 ιιΙι.
508 2161 667 2244 scriptum.
689 2161 791 2224 inveni
815 2164 939 2244 ἄρχεται
965 2165 1024 2242 γὰρ
1043 2165 1060 2224 d
1083 2161 1168 2241 Θίβ.
1189 2162 1355 2227 Vnumne.
1377 2165 1501 2249 ἄρχεται

400 2265 458 2342 γορ
480 2264 498 2324 d
522 2267 673 2339 Θεβοΰθις
697 2262 932 2327 circumflexum
956 2264 1031 2326 Me.
1055 2261 1156 2327 eavit
1179 2285 1237 2328 seu
1258 2264 1349 2329 Bodt.
1373 2268 1408 2330 δὶ
1432 2266 1501 2333 siue

399 2363 529 2427 elisione
543 2363 673 2447 Nicepd.
711 2363 774 2426 Sed
789 2362 940 2426 scribitur
954 2363 990 2425 in
1004 2363 1076 2426 cod.
1091 2365 1167 2428 Mu.
1182 2366 1325 2448 Ncefolc
1363 2371 1501 2447 Θειβον-

400 2467 473 2538 θεὶς,
491 2467 578 2550 quod
596 2465 705 2528 forsan
728 2465 848 2528 invenit
868 2464 901 2527 in
925 2465 1055 2549 scriptis
1072 2466 1137 2529 suie
1158 2467 1298 2549 Rufinus,
1318 2467 1374 2552 qui
1392 2470 1499 2548 vertit,

399 2567 453 2630 rod
474 2565 631 2630 Theonoe
651 2567 787 2650 quidem,
804 2565 865 2629 etei
886 2565 959 2630 MS.
983 2588 1073 2630 meus
1090 2567 1196 2630 Rufini
1219 2569 1408 2634 veterrimum
1427 2593 1500 2636 eum

402 2667 574 2731 Perieiensi
593 2667 681 2731 fecit.
710 2668 878 2746 Θοιβουθὶς
892 2674 987 2731 extet
1002 2667 1036 2729 iu
1055 2668 1142 2732 cedd.
1156 2668 1292 2732 Flormt.
1337 2671 1499 2750 Ueterum,

400 2769 527 2834 otienrsi
547 2768 714 2847 Eusebius,
733 2776 771 2833 ut
785 2790 826 2833 ex
840 2767 910 2832 loco
927 2768 1071 2853 proxime
1091 2778 1169 2833 ente
1188 2769 1272 2833 hunc
1292 2790 1314 2834 a
1327 2792 1379 2835 me
1394 2772 1500 2856 posito

400 2880 575 2955 comperet,
590 2892 641 2933 res
656 2892 754 2934 nores
767 2871 913 2934 molitum
928 2892 998 2933 esse
1011 2870 1095 2933 bunc
1110 2870 1289 2934 Thebutem
1302 2878 1377 2955 post
1391 2872 1499 2957 Syme·

400 2974 470 3037 onis
495 2972 695 3057 martyrium,
715 2972 785 3057 jem
810 2971 946 3035 mortuis
970 2970 1137 3056 apostolis,
1157 2971 1359 3049 intellexerit,
1384 2973 1500 3058 illoque

400 3081 544 3158 tempore
555 3073 716 3158 putaverit
730 3072 950 3157 posthabitum
964 3073 988 3133 J
989 3078 1063 3135 usto
1077 3071 1175 3135 tertio
1188 3070 1419 3156 Hierosolymae
1432 3075 1498 3159 epi.

400 3195 497 3260 scopo
523 3176 707 3238 Thebutem
729 3174 837 3250 fuisse,
862 3173 949 3237 uliud
970 3180 1078 3237 temen
1099 3174 1225 3238 ostendi
1247 3174 1373 3238 videtur
1396 3176 1500 3241 verbis

402 3277 658 3363 Hegesippisnis‚
680 3284 714 3340 et
735 3298 810 3339 vero
830 3276 931 3339 simile
950 3282 1011 3349 est,
1027 3284 1064 3339 ut
1079 3275 1155 3352 dixi,
1170 3277 1231 3339 hoc
1252 3276 1376 3341 focinus
1398 3279 1500 3363 egisse

402 3380 596 3453 Thebutem,
608 3401 672 3464 quo
686 3387 831 3463 ternpore
846 3377 983 3461 Symeon
999 3379 1193 3441 constitutus
1206 3378 1302 3443 fucrit
1313 3380 1498 3466 episcopueg

401 3482 441 3545 de
463 3482 554 3565 cujus
573 3480 800 3563 subrogatione
821 3479 854 3541 in
875 3480 980 3543 locum
1003 3480 1120 3544 Jucobi
1146 3480 1297 3546 nonnullo
1320 3483 1419 3547 hebet
1436 3483 1501 3548 Eu·

401 3583 507 3647 sebius
520 3582 573 3645 lib.
590 3582 633 3645 iii.
648 3582 732 3645 Hier.
747 3603 818 3665 cop.
837 3600 885 3644 ιι.

445 3682 507 3745 Vir
523 3690 631 3745 entem
649 3682 687 3745 cl.
707 3681 796 3744 Frid.
811 3681 952 3765 Adelph.
970 3681 1132 3766 Lampus,
1147 3684 1181 3746 in
1196 3684 1364 3769 Prolepom.
1382 3687 1448 3751 suis
1465 3688 1501 3754 ie

400 3785 532 3848 Jmcc
546 3785 668 3867 Eccny.
687 3782 740 3846 lib.
756 3782 788 3845 ii.
805 3803 875 3866 cap.
891 3782 923 3845 ii.
943 3783 973 3863 ξ.
996 3801 1041 3857 ¹7·
1060 3805 1092 3866 p.
1113 3786 1182 3847 182.
1206 3785 1246 3847 de
1267 3793 1412 3869 tempore
1433 3809 1501 3851 cor.

400 3884 558 3969 ruptionis
572 3883 624 3947 hic
638 3891 823 3945 memoretur
841 3881 937 3945 eliter
954 3882 1106 3957 sentiens,
1122 3884 1342 3967 Hegesippum
1356 3907 1414 3969 per
1427 3908 1500 3972 sup-

400 3986 604 4070 plementum,
619 3984 705 4068 quod
720 4005 760 4046 ex
775 3983 846 4046 eliis
864 3983 943 4045 locie
962 3982 1049 4058 fecit,
1064 3982 1159 4045 aliter
1172 3986 1393 4068 exponendum
1407 3993 1500 4050 cutu-

399 4095 479 4151 mut.
508 4087 589 4149 Post
603 4086 699 4148 verba
714 4084 798 4147 enim
813 4084 867 4145 lin.
887 4103 935 4168 19.
952 4082 989 4144 ὃν
1001 4082 1165 4161 προέθεντο
1179 4082 1290 4148 πάντες
1303 4085 1434 4165 ἀνεψιὸν
1447 4090 1501 4149 τοῦ

401 4189 511 4267 Κνρίον
534 4189 683 4266 δεύτερον,
706 4185 757 4248 hic
783 4183 950 4246 inserendo
976 4190 1082 4266 putet,
1104 4203 1176 4266 quae
1202 4182 1359 4247 Eusebius
1381 4184 1435 4247 lib.
1455 4186 1499 4249 iii.

399 4304 427 4350 u
445 4299 499 4369 32.
522 4286 687 4361 attulerat,
708 4306 842 4369 quaequc
864 4283 898 4345 in
919 4304 994 4367 peg.
1015 4300 1087 4363 214.
1111 4304 1132 4346 c
1155 4304 1205 4346 me
1228 4282 1334 4366 posito
1357 4291 1440 4362 sunt,
1459 4286 1501 4351 de

399 4387 486 4452 fecte
504 4387 672 4471 Symeonis
691 4408 749 4471 per
767 4384 948 4461 baereticos,
966 4383 1019 4469 qui
1040 4385 1169 4447 Jocnne
1190 4405 1230 4447 ex
1252 4384 1330 4447 vivis
1351 4392 1501 4471 exempto

398 4497 497 4574 ceput
518 4488 686 4559 tollebant.
699 4485 904 4551 ocwsctioue
919 4493 954 4549 et
966 4484 1130 4569 supplicio.
1175 4483 1301 4547 Deinde
1317 4492 1391 4568 post
1404 4487 1502 4552 verbe

398 4588 452 4653 liu.
466 4607 518 4653 21.
540 4591 620 4653 οὕτω
635 4591 693 4667 γὰρ
709 4587 840 4665 ἔφθαρτο
858 4586 962 4651 ἀκοαῖς
979 4587 1126 4665 ματαίοις,
1142 4584 1260 4648 iterum
1278 4583 1502 4672 subjungenda

400 4691 458 4766 ait,
483 4712 554 4775 quae
577 4689 621 4752 iii.
647 4707 699 4769 32.
730 4687 769 4749 de
795 4695 938 4768 tempore
966 4708 1028 4769 quo
1058 4685 1199 4751 berterici
1226 4698 1442 4770 proruperunt
1467 4690 1500 4757 in
