3809 5650
462 693 527 759 472
809 689 1048 771 RELIQUIAE
1072 689 1244 755 SAGRAE.

460 877 522 938 τοῖς
536 872 625 934 αὐτοῦ
638 868 828 942 ἀποστόλοις,
845 872 894 933 ἐπὶ
908 873 1020 934 δώδεκα
1035 871 1116 934 ἔτεσι
1133 870 1173 948 μὴ
1187 874 1369 952 χωρισθῆναι
1389 876 1441 949 τῆς
1456 872 1573 954 Ἱερου.

461 973 572 1051 σαλήμ.
596 972 734 1054 κέχρηται
749 975 781 1035 δὲ
798 974 845 1035 καὶ
859 975 1027 1054 μαρτυρίαις
1042 972 1101 1035 άπὸ
1116 976 1167 1050 τῆς
1177 969 1317 1035 Ἰωάννου
1333 974 1572 1056 ἀποκαλύψεως

462 1082 510 1147 καὶ
525 1083 629 1163 νεκρὸν
644 1084 677 1144 δὲ
692 1081 812 1161 δυνάμει
827 1084 892 1166 θεία
907 1084 980 1163 πρὸς
995 1084 1085 1146 αὐτοῦ
1097 1082 1239 1146 Ἰωάννου
1254 1085 1288 1146 ἔν
1302 1086 1338 1168 τῇ
1352 1082 1478 1169 Ἐφέσῳ
1495 1088 1570 1167 ἐγη-

461 1194 565 1275 γέρθαι
588 1196 708 1273 ἱστορεῖ.
731 1195 778 1256 καὶ
800 1195 882 1256 ἄλλα
904 1198 971 1257 τινὰ
992 1195 1078 1275 φησὶ,
1101 1195 1138 1257 δι’
1160 1196 1201 1257 ὧν
1225 1197 1328 1260 ἱκανῶς
1350 1198 1401 1272 τῆς
1421 1221 1569 1278 προειρη-

461 1302 551 1381 μένης
565 1303 706 1382 αἱρέσεως
720 1301 913 1382 πληρέστατα
928 1306 1064 1381 διηύθυνε
1078 1304 1134 1381 τὴν
1146 1304 1274 1380 πλάνην.
1580 1322 1597 1376 5

464 1497 656 1568 Hierosolymis
683 1497 846 1550 excederent.
893 1496 986 1551 Utitur
1036 1505 1133 1549 narrat.
1171 1496 1259 1550 Multa
1271 1496 1383 1567 denique
1396 1499 1447 1551 elia
1460 1501 1567 1564 scribit,

462 1584 568 1647 quoque
586 1567 743 1620 testimoniis
759 1584 791 1619 ex
807 1566 920 1620 loannis
934 1565 985 1619 Re-
1036 1566 1133 1636 quibus
1152 1567 1405 1636 perniciosissimum
1423 1568 1501 1624 illum
1522 1589 1567 1625 er-

461 1638 590 1690 velattone
621 1635 798 1705 depromptis:
835 1645 985 1689 mortuum-
1035 1652 1122 1689 rorem
1156 1635 1262 1689 abunde
1293 1645 1319 1689 et
1350 1637 1567 1694 luculentissime

461 1724 513 1828 pue
532 1705 631 1774 Ephesi
649 1706 682 1760 ab
703 1705 796 1759 eodem
816 1704 921 1758 Joanne
939 1722 986 1774 per
1036 1705 1190 1759 confutavit.

482 1777 579 1829 ivinam
593 1776 739 1845 potentiam
755 1775 912 1828 suscitatum
928 1792 986 1826 esse
1578 1803 1589 1839 4
1597 1803 1617 1838 0

848 1976 1174 2010 4

801 2125 849 2186 De
863 2124 960 2185 eodem
966 2123 1100 2204 sortasse
1115 2120 1218 2183 Libro.

733 2241 765 2302 S.
778 2240 910 2302 Hieron.
927 2241 975 2302 De
995 2239 1078 2302 Viris
1092 2239 1117 2300 I
1116 2238 1147 2300 ll.
1163 2260 1229 2322 cap.
1243 2237 1285 2301 xl.

495 2377 705 2435 Anonnonrus,
718 2374 759 2426 vir
771 2373 969 2437 disertissimus,
986 2375 1092 2444 scripsit
1107 2373 1234 2427 adversus
1255 2372 1425 2436 Montanum,
1440 2373 1563 2430 Priscam

458 2470 485 2515 et
500 2459 683 2521 Maximillam,
696 2459 800 2530 insigne
812 2469 838 2513 et
853 2461 966 2530 longum
981 2462 1116 2522 volumen,
1128 2461 1157 2513 in
1170 2477 1223 2530 quo
1239 2461 1340 2522 asserit,
1354 2459 1517 2515 Montanum
1533 2472 1564 2517 et

459 2547 565 2600 insanas
577 2553 649 2598 vates
661 2544 769 2613 periisse
780 2544 932 2615 suspendio.
1575 2569 1589 2606 1
1595 2569 1612 2627 5
