3809 5650
896 701 1074 766 PAPIAS.

930 919 1041 990 VIII.

466 1066 518 1130 De
532 1065 655 1148 Ραρία,
671 1064 818 1149 aliisque,
833 1065 916 1126 idem
931 1061 1083 1125 Andreas
1098 1061 1161 1123 ltoec
1175 1059 1269 1122 labet
1283 1060 1318 1122 in
1334 1059 1517 1144 Prolegom.

677 1165 819 1248 ejusdem
834 1163 1013 1228 Commeat.
1028 1159 1062 1223 in
1078 1158 1303 1244 Apocalypsin.

482 1314 560 1393 Περὶ
576 1311 634 1391 μέν
655 1338 701 1375 τοι
720 1317 773 1375 τοῦ
794 1312 996 1374 θεοπνεύστου
1010 1311 1062 1386 τῆς
1075 1309 1191 1388 βίβλου
1206 1312 1427 1392 (Apocalypsisl
1444 1333 1543 1388 περιτ-

412 1413 492 1496 5τὸν
508 1415 650 1492 μηκύνειν
663 1413 716 1476 τὸν
730 1413 826 1494 λόγον
847 1412 1010 1492 ἡγούμεθα,
1025 1415 1084 1473 τῶν
1102 1408 1256 1489 μακαρίων
1278 1410 1441 1490 Γρηγορίου
1467 1411 1544 1490 φημὶ

440 1517 493 1578 τού
520 1514 666 1595 θεολόγον
696 1515 744 1577 καὶ
774 1513 936 1593 Κυρίλλου,
963 1506 1089 1590 προσέτι
1113 1511 1145 1571 δὲ
1172 1509 1221 1571 καὶ
1246 1513 1304 1572 τῶν
1330 1509 1542 1591 ἀρχαιοτέρων,

440 1618 615 1691 ΠΑΠΙΟΥ,
637 1617 805 1695 Εἰρηναίου,
826 1613 987 1687 Μεθοδίου,
1004 1611 1053 1673 καὶ
1067 1608 1257 1683 Ἱππολύτου,
1277 1612 1367 1689 ταύτῃ
1388 1637 1543 1692 προσμαρ·

441 1717 606 1797 κυρούντων
631 1714 665 1777 τό
690 1717 872 1793 ἀξιόπιστον.
912 1711 980 1794 παρ’
1005 1715 1047 1776 ὧν
1074 1713 1122 1775 καὶ
1147 1713 1230 1790 ἡμεῖς
1257 1713 1377 1776 πολλὰς
1396 1715 1545 1789 λαβόντες

442 1817 579 1897 ἆφορμᾶς
603 1818 646 1881 εἰς
668 1820 754 1878 τοῦτο
781 1817 981 1893 ἐληλύθαμεν.
1027 1817 1132 1879 Καθῶς
1156 1815 1190 1875 ἐν
1210 1818 1273 1878 τοῖς
1297 1814 1398 1878 τόποις
1423 1813 1545 1894 χρήσεις

398 1941 434 1981 το
442 1918 553 1981 τοτ’πων
567 1916 766 1997 παρεθέμεθα.

861 2039 1005 2110 interprete
1017 2040 1135 2095 Peltono.

480 2155 563 2209 Porro
581 2164 668 2208 autern
688 2154 721 2208 de
739 2154 799 2208 libri
817 2155 898 2226 hujus
917 2155 970 2209 fide
1019 2165 1078 2210 tum
1096 2155 1217 2209 divinum
1233 2154 1337 2226 fideque
1353 2155 1465 2226 dignum
1479 2173 1545 2220 esee,

443 2234 470 2278 et
490 2225 630 2278 autoritate
647 2225 748 2293 prolixe
765 2224 817 2278 hoc
836 2226 896 2278 loco
915 2225 970 2279 dla-
1019 2242 1075 2279 non
1098 2243 1154 2279 uno
1177 2226 1237 2278 loco
1260 2224 1371 2278 tradere.
1393 2243 1407 2278 e
1431 2243 1546 2296 quorum

444 2311 530 2348 serere
554 2310 778 2363 supervacaneum
801 2294 970 2348 arbitramur.
1020 2294 1200 2348 monumentis
1220 2295 1357 2347 occasione
1373 2303 1479 2364 accepta
1496 2311 1546 2347 noe

402 2363 558 2429 tscomtat
578 2379 693 2433 nmque
710 2362 801 2416 beatos
821 2364 881 2443 illos
899 2364 971 2417 viros
1021 2363 1055 2418 ad
1073 2363 1125 2417 hoc
1142 2362 1283 2417 consilium
1306 2364 1446 2444 venimus;
1469 2362 1547 2416 sicuti

445 2431 971 2581 llmqmfflffillllllllll'
1021 2434 1393 2571 &telettum
1405 2449 1548 2572 ‘effi

445 2589 473 2624 m
502 2541 583 2641 toque
594 2569 668 2624 hisce
678 2570 844 2650 vetustiores,
855 2542 973 2652 lffapiam:
1023 2571 1122 2626 nostrie
1133 2570 1329 2625 commentariis
1340 2541 1510 2625 inseluimus.

449 2639 589 2704 Irenaeum,
603 2637 782 2702 Methodrum,
797 2648 823 2694 et
841 2640 974 2711 H1ppoly·

887 2848 1110 2879 .........-.-

403 3028 441 3068 20
966 3004 1036 3075 IX.

450 3139 504 3201 De
520 3140 637 3223 Ραρία,
653 3141 800 3225 aliisque,
815 3142 863 3203 ito
877 3139 1069 3203 Anastasius
1083 3140 1214 3203 Sinoito
1230 3141 1283 3203 lib.
1297 3141 1324 3203 1.
1336 3139 1551 3225 Contemplat.

492 3239 526 3302 in
541 3239 765 3304 Hexaemeron
779 3240 820 3305 ab
836 3239 1000 3303 Halloixio
1014 3241 1050 3303 in
1064 3241 1147 3304 Vite.
1172 3242 1240 3304 PP.
1258 3242 1414 3306 Oriental.
1426 3263 1465 3325 ρ.
1478 3242 1497 3303 8
1498 3257 1550 3325 51.

491 3339 615 3404 allatas.

495 3484 653 3561 Λαβόντες
666 3487 720 3550 τὰς
734 3485 872 3565 ἀφορμὰς
886 3486 919 3547 ἐκ
934 3489 1101 3549 namot
1114 3491 1166 3549 τοῦ
1180 3485 1258 3550 πάνυ
1272 3489 1325 3549 τοῦ
1338 3484 1553 3567 Ἱεραπολίτου,

406 3606 442 3665 25
453 3588 506 3646 τοῦ
522 3585 556 3647 ἐν
570 3585 610 3668 τῷ
634 3585 794 3669 ἑπιστηθίῳ
815 3585 1024 3665 φωνήσαντος,
1041 3586 1089 3648 καὶ
1113 3585 1294 3665 Κλήμεντος,
1312 3588 1483 3651 Πανταίνου
1504 3590 1555 3664 τῆς

452 3682 678 3765 Ἀλεξανδρέων
701 3684 811 3765 ἱερέως,
834 3687 883 3749 καὶ
895 3685 1064 3765 Ἀμμωνίου
1079 3687 1266 3768 σοφωτάτου,
1281 3695 1340 3751 τῶν
1358 3690 1492 3770 ἀρχαίων
1507 3688 1556 3751 καὶ

455 3785 578 3865 κρότων
593 3783 733 3870 συνᾴδων
748 3787 906 3867 ἑξηγητόν,
920 3790 962 3852 εἰς
975 3787 1109 3867 Χριστὸν
1128 3788 1177 3851 καὶ
1198 3788 1253 3867 τήν
1275 3790 1437 3868 ἐκκλησίαν
1452 3792 1555 3851 πᾶσαν

455 3885 509 3963 τὴν
523 3883 685 3967 ἑξαήμερον
701 3885 972 3966 νοησόντων·-

813 4042 958 4112 Interpme
969 4044 1049 4098 Petro
1061 4045 1204 4098 Helloieio.

406 4166 448 4223 30
492 4150 577 4221 Capta
604 4152 743 4206 occasione
772 4169 787 4205 e
811 4151 900 4222 Papiae
922 4153 981 4206 viro
1031 4171 1060 4207 sa
1078 4154 1233 4215 nntinimo,
1264 4153 1356 4222 primis
1389 4162 1416 4206 et
1446 4157 1557 4210 vetustis

455 4221 601 4275 clarissimo
631 4221 839 4289 Hierapolitano,
869 4222 982 4289 apostoli
1031 4172 1094 4291 (elli
1120 4223 1234 4275 invicem
1258 4223 1453 4291 consentaneis)
1476 4225 1557 4279 inter·

473 4290 554 4371 uisu
572 4307 602 4343 ra
621 4298 715 4360 pectus
735 4289 845 4343 Domini
859 4290 982 4343 recubuit
1032 4291 1161 4359 pretibus,
1179 4291 1226 4371 qui
1242 4299 1330 4344 totum
1348 4308 1416 4361 opus
1435 4310 1481 4346 sex
1501 4293 1556 4348 die-

456 4375 596 4481 negrrdog
604 4366 640 4481 ρει
652 4357 982 4481 Clerppintpoettffitnno
1032 4376 1096 4482 mul
1103 4358 1135 4412 de
1146 4359 1412 4415 Chnetoetecclesiet
1423 4362 1557 4417 intellexe-

639 4445 707 4481 exau
749 4445 793 4490 n,
919 4445 982 4482 omo
1032 4445 1084 4481 run
1104 4448 1184 4481 :—

903 4578 1110 4610 ...ο-..ψ
