3809 5650
448 713 497 778 IN
519 713 659 780 EPIST.
685 713 901 778 VlENNEN.
925 714 983 779 ΕΤ
1008 714 1276 781 LUGDUNEN.
1348 717 1414 781 857

308 885 439 949 conviva
461 885 495 948 in
516 885 678 969 evangelio
697 895 894 950 memoratus
910 886 943 950 in
958 887 1109 950 tenebras
1122 887 1280 951 ιοιοννῗονοο
1299 865 1413 948 missus

309 995 380 1063 est3
417 987 463 1050 sic
484 988 570 1051 infra
593 987 636 1050 ad
659 987 807 1068 ννμφικὸν
832 993 955 1051 δεῖτνον
980 998 1092 1052 sancta
1114 996 1237 1073 martyr
1257 988 1414 1051 Blandina

311 1096 426 1153 vocata
439 1111 508 1153 esse
523 1088 649 1152 dicitur.

353 1191 391 1254 P.
407 1211 480 1275 3¹4
507 1191 527 1253 l.
545 1209 574 1255 2.
600 1195 855 1271 βλασφημοῦντες
880 1191 934 1268 τὴν
959 1190 1041 1275 ὁδὸν]
1078 1190 1152 1254 Ηοο
1177 1191 1246 1254 loco
1269 1197 1413 1270 βλασφη-

309 1298 434 1372 μοῦντες
448 1293 532 1355 idem
547 1294 682 1356 valetne
697 1297 949 1372 βλασφημεῖσθαι
964 1297 1127 1358 ποιοῦντες.
1168 1293 1245 1372 Quae
1266 1292 1414 1376 loquendi

309 1395 412 1458 forma
425 1394 546 1457 usitata
560 1401 611 1458 est
626 1394 659 1456 in
674 1392 772 1456 sacris
786 1393 896 1464 libris;
921 1400 959 1456 ut
974 1415 1044 1457 cum
1061 1394 1177 1457 dicitur
1192 1394 1223 1456 in
1239 1393 1408 1478 evangelio.

313 1495 378 1558 viri
397 1494 546 1559 Ninivitae
568 1504 700 1580 surgent
721 1501 755 1558 et
778 1494 1034 1558 condemnabunt
1054 1516 1110 1557 vos
1132 1494 1164 1557 in
1189 1494 1325 1558 Judicio.
1374 1496 1414 1558 Id

310 1603 369 1674 est,
399 1589 603 1660 condemnari
633 1596 760 1660 facient.
805 1595 850 1659 Et
880 1595 1045 1659 Musculus
1074 1596 1202 1680 quidem
1231 1596 1329 1660 vertit
1354 1596 1414 1661 hoc

310 1700 414 1775 modo,
433 1721 494 1784 per
519 1700 590 1763 oitae
612 1721 675 1762 aaa
699 1699 945 1761 mactationem
974 1699 1057 1761 ciam
1084 1699 1144 1761 Dei
1172 1696 1414 1782 blasphemantes.

310 1798 615 1884 Ohristophorsonus
639 1818 714 1862 vero
729 1798 969 1882 interpretatur,
986 1800 1069 1862 αιὀννι
1083 1798 1219 1861 veritatis
1233 1798 1418 1862 contumeliis

310 1901 476 1982 afficientes.
523 1901 572 1963 At
596 1900 795 1984 Nicephorus
817 1922 888 1962 cum
911 1901 980 1964 haec
1001 1922 1065 1964 non
1090 1901 1290 1984 intelligeret,
1311 1899 1415 1963 locum

311 2000 525 2084 interpolavit.
551 2000 714 2063 Vacemus.
759 2000 882 2085 Religio
897 2000 1080 2065 Christiana
1095 2000 1209 2084 saepius
1228 2000 1261 2063 in
1277 2000 1414 2063 Actibus

312 2103 541 2186 Apostolorum
563 2111 596 2166 et
616 2109 758 2166 veterum
782 2102 908 2186 scriptis
930 2104 948 2181 ἡ
976 2104 1043 2168 ὁδὸς
1067 2102 1191 2178 dicitur,
1217 2103 1293 2166 Act.
1315 2103 1357 2164 ix.
1383 2122 1413 2168 ν.

312 2202 426 2267 Saulus
440 2203 632 2266 Damascum
651 2203 811 2287 profectus
826 2212 885 2281 est,
902 2205 981 2270 ὅπως
997 2204 1051 2267 ἐάν
1074 2229 1156 2269 τινας
1184 2205 1252 2288 εὕρῃ
1275 2207 1326 2280 τῆς
1346 2205 1415 2265 ὁδοῦ

311 2306 410 2381 ὄντας,
429 2305 528 2386 ἀγάγῃ
553 2308 594 2370 εἰς
616 2303 823 2386 Ἰερουσαλήμ.
872 2306 964 2372 Idem
982 2328 1091 2369 rursus
1106 2327 1177 2369 cum
1200 2305 1232 2368 in
1254 2326 1416 2389 synagoga

312 2409 334 2468 J
336 2408 499 2470 udaecrum
515 2406 634 2491 Ephesi
649 2407 862 2491 praedicasset,
879 2430 948 2492 cap.
964 2407 1026 2470 xix.
1044 2429 1107 2470 ver.
1121 2428 1151 2487 9.
1173 2406 1314 2469 indurati
1329 2414 1414 2481 sunt,

312 2515 546 2591 κακολογοῦντες
568 2510 622 2588 τὴν
644 2510 714 2573 ὁδὸν
736 2511 864 2573 ἐνώπιον
882 2517 934 2573 τοῦ
948 2511 1089 2588 πλήθους.
1136 2510 1270 2585 Ibidem,
1286 2531 1349 2572 ver.
1364 2526 1414 2592 23.

312 2617 402 2674 ortus
417 2626 466 2674 est
490 2610 647 2675 tumultus
667 2633 730 2674 non
755 2633 870 2695 parvus
893 2614 961 2692 περὶ
983 2617 1034 2690 τῆς
1056 2615 1134 2674 ὀδοῦ.
1181 2613 1301 2673 Postea
1324 2611 1416 2674 Felix

311 2712 475 2797 ampliavit
490 2713 627 2777 Paulum
642 2735 710 2798 cap.
724 2713 807 2776 xxiv.
826 2736 888 2777 ver.
901 2733 950 2778 22.
968 2714 1068 2776 donec
1083 2713 1270 2797 exquisitius
1286 2713 1414 2776 resciret

311 2819 348 2878 τὰ
362 2816 430 2896 περὶ
449 2819 500 2892 τῆς
514 2817 584 2879 ὁδοῦ
600 2817 655 2880 uo.
674 2816 823 2880 Ροανςαιι.
839 2816 951 2900 Επγνον.
972 2813 1108 2898 Symboli
1129 2838 1158 2898 p.
1179 2835 1246 2899 ¹03·
1270 2837 1290 2877 a
1312 2814 1415 2877 Raro

311 2940 374 2980 mo.
399 2917 524 2981 allatus.
586 2918 652 2980 Via
678 2919 758 2980 caim
783 2917 1008 3002 οορνιοιηιῗιιοιιιν
1035 2916 1202 3001 disciplina
1231 2927 1342 2992 costra,
1369 2918 1416 2981 ait

313 3019 532 3082 Tertullianus
548 3020 598 3082 De
612 3019 755 3082 Orntime
770 3041 838 3102 cap.
849 3018 890 3081 xi.

356 3121 440 3185 Ibid.
456 3122 476 3185 l.
490 3136 519 3202 7.
544 3122 598 3200 τὴν
620 3121 693 3202 πρὸς
715 3121 767 3183 τὸν
783 3121 867 3185 Θεὸν
883 3120 1016 3204 ἀγάπην]
1039 3121 1144 3204 Supra
1166 3120 1186 3182 l.
1200 3138 1228 3183 2.
1248 3121 1359 3184 deerat
1381 3122 1414 3184 in

312 3225 392 3288 MS.
407 3223 547 3306 Norfolc.
572 3226 601 3286 ol
624 3230 700 3286 ante
722 3225 790 3285 υἱοί.
828 3223 1007 3286 Burtonum
1030 3246 1111 3287 nunc
1135 3231 1262 3286 secutus
1282 3245 1352 3286 sum
1376 3246 1415 3287 ex

312 3334 434 3410 septem
448 3324 575 3410 scriptis
590 3324 759 3388 articulum
774 3326 827 3387 τὸν
841 3325 1055 3409 recipientem.

356 3428 439 3491 Ibid.
473 3429 521 3490 sul
549 3428 717 3506 παῤῥησίαν
749 3431 801 3489 τοῦ
834 3430 938 3508 λόγον·
977 3428 1014 3507 ἦν
1044 3432 1101 3509 γὰρ
1135 3429 1183 3491 καὶ
1214 3429 1266 3490 οὐκ
1297 3430 1417 3508 ἄμοιρος

312 3531 512 3594 ὀποστολικοΰ
546 3533 741 3612 χαρίσματος]
784 3533 911 3595 Auctor
949 3533 1134 3598 recordatus
1168 3540 1218 3595 est
1250 3533 1415 3597 verborum

312 3631 346 3694 S,
361 3631 466 3707 Luoae,
481 3634 552 3695 Act.
569 3633 670 3715 Apost.
687 3632 792 3716 capite
806 3633 846 3696 iv.
862 3656 975 3697 comm.
991 3655 1041 3716 29,
1057 3654 1100 3718 30
1121 3655 1175 3717 31.

356 3733 439 3797 Ibid.
454 3733 474 3796 l.
488 3754 537 3796 12.
558 3735 607 3796 ἐπὶ
620 3734 673 3818 τῷ]
699 3735 748 3796 ἐπὶ
762 3738 802 3818 τῷ
819 3740 931 3819 ιῐίονρο
951 3736 1147 3820 Ecentplnris
1160 3737 1261 3799 «lactas.
1285 3735 1414 3799 Smorn.

313 3835 385 3898 Ηοο
401 3836 450 3901 ἐπὶ
469 3838 508 3919 τῷ
530 3833 733 3917 recipientem
749 3857 789 3898 ex
810 3844 932 3920 septem
952 3837 1111 3900 codicibus
1132 3837 1310 3901 Burtonum
1333 3858 1415 3899 nuno

312 3945 438 4001 secutus
451 3958 532 3999 sum.
561 3935 631 3999 Ἐπὶ
646 3936 679 3998 τὸ
700 3936 821 4000 editum
836 3937 990 4002 exhibent
1008 3938 1120 4002 Mssti
1133 3940 1207 4023 Bac.
1226 3939 1369 4000 Parisiac'
1381 3948 1413 4002 et

311 4040 494 4103 Παννονίαν.
525 4037 570 4101 Et
582 4060 678 4121 supra
689 4038 710 4101 1.
726 4058 773 4100 10.
790 4060 847 4121 pro
862 4046 1041 4119 περιεστῶσι
1055 4042 1264 4118 περιεστηκόσι
1278 4041 1414 4123 reposui,

239 4139 241 4141 ’
312 4142 396 4224 quod
413 4143 567 4217 Burtono
584 4140 740 4224 probante
757 4140 966 4215 Heinicheno,
979 4163 1018 4204 ex
1034 4141 1178 4203 omnibus
1195 4148 1314 4224 praeter
1329 4142 1414 4204 codd.

312 4245 387 4328 Ray.
403 4252 431 4306 et
442 4242 635 4305 Parisicascs
646 4242 786 4326 recipere
799 4242 901 4305 visum
916 4251 1089 4327 estusque
1104 4242 1189 4307 aliud
1204 4250 1287 4306 teste
1304 4244 1416 4307 Heini-

312 4343 411 4406 oheno
425 4343 489 4409 cod.
506 4343 689 4407 Dromos
703 4343 813 4406 habet.

356 4443 437 4507 Ibid.
458 4445 478 4506 l.
495 4465 540 4524 14.
567 4445 784 4523 ἐπιστήσαντος
798 4451 850 4507 τοῦ
873 4445 1031 4529 ἡγεμόνος]
1053 4444 1186 4507 Rufinus
1205 4444 1311 4521 vertit,
1327 4446 1381 4528 φιν
1395 4469 1416 4510 a

312 4544 453 4608 Proeside
466 4546 500 4607 ι’νι
514 4545 645 4608 malma
663 4546 757 4609 actui
772 4546 885 4628 jffassas
933 4546 1098 4609 Musculus
1112 4552 1221 4609 autem
1241 4545 1287 4609 ita
1306 4548 1414 4623 vertit,

318 4646 445 4729 Uenetae
458 4668 526 4710 cero
542 4646 697 4721 Praeeida
713 4647 767 4722 lise.
784 4668 878 4730 quem
893 4653 1020 4710 secutus
1035 4656 1084 4711 est
1099 4648 1414 4732 Ohristophorsonus.

314 4748 422 4813 Possis
437 4749 534 4814 etiam
549 4750 596 4814 ita
607 4761 738 4814 vertere.
773 4751 860 4828 Quod
871 4772 938 4813 caua
948 4752 1209 4816 onacudccrtisset
1222 4753 1351 4828 Preces,
1360 4754 1413 4825 &a
