3809 5650
399 647 450 713 88,
775 640 1126 706 ANNOTATIONES

400 811 609 885 colossenses,
634 815 731 892 atque
754 808 991 883 Philemonem
1020 814 1055 872 et
1081 830 1153 872 cum
1176 809 1293 872 iterum
1318 808 1361 872 ad
1387 808 1499 873 urbem

399 912 546 985 venisset,
561 932 582 973 a
602 910 635 972 S.
651 909 818 972 Timotheo
835 909 996 993 petivisse,
1011 924 1047 971 ut
1064 910 1199 972 eundem
1222 909 1370 973 Marcum
1392 931 1500 974 seeum

399 1014 582 1086 adduceret,
608 1009 724 1072 2'l'im.
741 1009 781 1072 iv.
797 1029 844 1071 11.
868 1009 895 1071 si
917 1017 1041 1072 certum
1063 1021 1147 1072 esset
1169 1010 1398 1094 evangelistam
1419 1031 1498 1086 esse,

400 1113 453 1195 qui
477 1111 528 1173 his
552 1110 629 1172 locis
654 1109 796 1172 Paulinis
819 1108 1012 1192 designetur.
1057 1109 1238 1173 Verisimile
1261 1110 1294 1172 id
1314 1109 1392 1172 mihi
1414 1109 1499 1173 vide·

400 1225 463 1288 tur,
479 1233 550 1275 eum
573 1211 605 1273 S.
619 1212 719 1273 Petro
741 1210 821 1273 bene
847 1217 942 1272 notus
967 1210 1065 1273 fuerit
1089 1209 1221 1272 Marcus
1244 1210 1402 1273 Bsmabae
1426 1231 1499 1294 cog·

401 1319 504 1386 natus,
528 1311 618 1394 cujus
647 1318 784 1373 matrem
810 1332 827 1373 e
852 1332 981 1374 carcere
1013 1311 1167 1375 liberatus
1196 1311 1360 1396 apostolus
1386 1311 1499 1375 statim

399 1413 509 1489 adivit,
524 1416 594 1476 Act.
612 1412 853 1496 Apost.xii.12.
900 1412 964 1474 Sed
982 1411 1021 1474 de
1041 1410 1102 1474 hoc
1122 1412 1285 1496 evangelio
1298 1412 1369 1496 plus
1384 1419 1499 1488 restat,

400 1515 485 1598 quod
509 1520 682 1577 annotetur
705 1513 747 1576 ad
761 1513 981 1595 Fropmentam
996 1511 1033 1574 ds
1050 1513 1168 1574 θουοαο
1182 1513 1215 1574 S.
1231 1514 1403 1597 Scriptum
1416 1513 1500 1576 infra

400 1614 598 1679 collocatum.

445 1715 527 1777 Ibid.
539 1715 561 1777 l.
575 1733 624 1797 13.
640 1717 677 1776 τὰ
690 1714 748 1776 ὑπὸ
764 1719 815 1775 τοῦ
831 1718 964 1793 Χριστοῦ
979 1710 997 1790 ἢ
1011 1711 1175 1794 λεχθέντα]
1201 1715 1238 1774 τὰ
1253 1713 1310 1775 ὑπὸ
1325 1717 1377 1775 τοῦ
1389 1715 1499 1794 Κυρίου

398 1814 548 1897 λεχθέντα
563 1814 630 1877 sine
644 1812 662 1892 ἢ
677 1814 722 1876 ed.
738 1813 837 1897 soph.
853 1813 929 1876 Ms.
944 1811 1084 1895 Norsble.
1098 1813 1293 1896 Replicatoque.
1317 1813 1409 1876 Nunc
1423 1835 1499 1878 vero

398 1916 490 1978 addit
512 1915 687 1985 Burtonus‚
709 1913 795 1976 codd.
811 1914 896 1976 Med.
911 1914 999 1976 Mas.
1015 1912 1122 1974 Fara.
1138 1913 1240 1976 Saoil.
1261 1915 1356 1976 Versat.
1371 1915 1500 1978 Phren-

398 2016 531 2098 tiaosqee
553 2022 587 2077 et
611 2014 818 2097 Νἱσορλοιυιυ
839 2036 898 2097 pro
923 2013 1060 2076 lectione
1078 2013 1210 2076 Valesii.
1266 2013 1345 2077 Mox
1369 2036 1390 2077 α
1404 2015 1499 2078 Nice-

391 2115 489 2200 ploro
514 2116 625 2178 abesse
649 2118 703 2179 τὰς
726 2122 803 2177 aute
831 2115 1026 2179 διδασκαλίας
1055 2120 1148 2177 notat
1176 2114 1349 2178 Strothius.
1394 2115 1500 2179 (lausa

398 2223 506 2279 autem
520 2214 572 2278 vix
590 2213 762 2298 probabilis
778 2214 828 2277 hic
843 2214 976 2278 affertur
989 2214 1108 2277 ordinis
1130 2236 1236 2277 rerum
1258 2222 1292 2278 et
1318 2237 1499 2280 sermonum

398 2317 484 2401 apud
509 2316 657 2378 Marcum
681 2315 713 2378 iu
738 2314 900 2399 evangelio
926 2314 1054 2392 servati,
1076 2315 1129 2399 qui
1154 2315 1295 2378 nonnihil
1315 2315 1458 2380 diversus
1478 2339 1500 2381 a

398 2441 472 2483 vero
488 2417 599 2502 Papiae
615 2416 792 2480 videbatur.

441 2519 525 2582 Ibid.
540 2518 561 2581 l.
579 2537 627 2597 17.
650 2517 777 2598 λογίων]
804 2517 900 2579 Hauc
921 2538 1030 2579 vocem
1052 2539 1110 2601 pro
1132 2519 1234 2598 λόγων
1257 2540 1297 2580 ex
1323 2519 1370 2583 ed.
1393 2519 1498 2603 soph.

397 2620 557 2685 revocavit
587 2618 761 2694 strothius,
783 2617 986 2680 firmantibus
1016 2640 1086 2682 eam
1109 2618 1281 2702 Νἱοορλοτυ
1308 2620 1499 2703 Norfodrien-

397 2723 481 2806 eique
501 2722 639 2805 ser-ipo·
664 2741 766 2803 neque
791 2719 916 2782 diversa
937 2724 1030 2781 extat
1051 2719 1084 2780 in
1111 2719 1246 2802 Pupieni
1269 2720 1373 2802 operis
1391 2720 1498 2796 titulo,

397 2833 455 2889 aut
475 2823 571 2910 paulo
590 2823 674 2887 inira
690 2822 776 2907 apud
797 2821 943 2905 Papiam.
990 2819 1152 2883 Burtouus
1171 2841 1255 2896 vero,
1276 2820 1336 2884 etsi
1358 2843 1418 2905 pro
1439 2821 1499 2886 lec·

397 2927 484 2990 tione
504 2929 617 3007 λογίον
636 2924 762 2989 addidit
781 2922 872 2986 codd.
884 2922 1023 3006 Βορίιιοα,
1041 2921 1144 2983 Paris.
1155 2930 1312 3004 atrumque
1326 2928 1359 2984 et
1372 2922 1499 2986 Furor

397 3030 482 3105 ticos,
497 3028 636 3111 reliquos
658 3035 766 3090 tamen
785 3032 821 3088 ut
836 3022 993 3096 meliores,
1013 3021 1070 3096 ait,
1086 3027 1213 3083 secutus
1229 3024 1330 3102 λόγων
1345 3024 1499 3106 praetulit,

397 3131 473 3192 dum
484 3130 663 3212 suspicatus
678 3133 739 3199 est,
749 3125 822 3189 libri
837 3123 967 3188 titulum
981 3122 1117 3206 Papiani
1128 3121 1225 3184 luisse
1235 3122 1356 3186 fontem
1367 3124 1499 3188 alterius

396 3229 542 3293 lectionis
557 3231 683 3309 λογίων.

441 3331 481 3392 Ρ.
498 3347 547 3411 13.
559 3328 580 3390 l.
599 3327 645 3389 18.
667 3325 732 3388 ἔνια
743 3324 878 3405 γράψας]
902 3323 967 3386 ἔνια
979 3322 1160 3404 ἀναγράψας
1173 3324 1244 3387 dod.
1254 3325 1353 3389 Vertat.
1364 3326 1498 3389 Srsoru.

397 3430 449 3491 De
464 3426 572 3490 codice
587 3426 647 3489 hoc
658 3426 782 3488 Veneto
799 3423 1025 3487 Praelationem
1040 3424 1112 3487 vide
1127 3446 1231 3487 meam
1246 3425 1300 3487 lin.
1315 3447 1433 3489 versus.

441 3527 477 3589 P.
492 3546 541 3604 14.
554 3526 574 3590 l.
589 3547 615 3589 1.
631 3529 665 3589 ἔν
680 3526 794 3611 αὐτοῖς]
819 3528 853 3588 ἔν
867 3525 958 3590 deest
972 3526 1005 3589 in
1020 3528 1065 3590 ed.
1077 3526 1179 3610 Stepd.
1192 3529 1325 3590 sisois.
1338 3531 1373 3591 ἐν
1386 3530 1499 3595 τούτοις

396 3628 472 3690 Ms,
489 3628 629 3709 Norfolo.

441 3727 479 3791 P.
500 3748 549 3807 14.
578 3728 597 3789 l.
614 3748 643 3812 3.
666 3727 805 3807 Ἐβραΐδι
831 3725 990 3811 διαλέκτῳ]
1017 3729 1077 3809 Qui
1104 3728 1136 3791 in
1160 3729 1306 3812 proxima
1334 3728 1396 3792 luit
1424 3736 1499 3812 post

397 3827 532 3912 Papiam
556 3828 762 3904 successione,
783 3829 843 3891 hoe
869 3829 976 3912 posuit
1003 3831 1164 3903 Irenaeus;
1187 3831 1411 3893 Matritensis
1434 3830 1497 3893 Ho-

397 3926 487 3992 droeis
507 3930 643 4013 ipsoram
663 3928 770 4012 linqua
790 3929 976 4012 empturum
998 3928 1097 3992 edidit
1117 3929 1273 4013 οοαιιροίὶἰ,
1294 3952 1361 3992 eum
1383 3931 1499 3992 Poena

395 4038 422 4091 et
444 4029 565 4092 Paulos
586 4030 691 4091 Ιίοοιιυ
720 4028 968 4112 emolesceret,
992 4038 1019 4091 st
1035 4029 1212 4111 suaderent
1233 4030 1394 4092 οοοῐοτὶοιο.
1416 4029 1437 4091 l.
1453 4028 1496 4092 iii.

396 4150 423 4191 α.
438 4148 469 4211 5.
515 4130 597 4210 Quin
617 4137 651 4193 et
674 4129 829 4193 Matthaei
852 4129 1047 4213 evangelium
1067 4129 1237 4192 Hebraicis
1261 4129 1378 4192 litteris
1401 4128 1497 4213 scrip

395 4236 474 4305 tum,
491 4231 576 4313 quod
598 4231 771 4313 reliquerat
793 4237 867 4314 post
889 4251 922 4292 se
943 4230 1199 4294 Bartholomaeus
1219 4231 1393 4314 apostolus,
1412 4231 1496 4292 Pau·

395 4336 514 4391 taenum
537 4331 621 4412 apud
645 4330 843 4393 Christianos
863 4329 896 4391 in
920 4330 1016 4393 India
1037 4330 1192 4413 reperisse
1214 4331 1316 4394 tradit
1338 4329 1496 4393 Eusebius

396 4428 417 4491 l.
433 4451 463 4491 v.
479 4429 562 4491 Hier.
578 4430 689 4492 Eccles.
707 4451 733 4491 c.
751 4449 800 4492 10.

440 4528 523 4590 Ibid.
538 4528 560 4589 l.
577 4548 607 4612 3.
631 4530 824 4615 συνετάξατο]
848 4531 943 4593 Hauc
966 4529 1121 4616 Stephani
1144 4531 1311 4595 lectionem
1334 4532 1497 4614 proVale·

396 4628 486 4691 siaua
495 4628 719 4709 συνεγράψατο,
729 4630 871 4694 restituit
880 4632 1053 4711 Strotliius,
1063 4639 1215 4718 sequente
1227 4634 1493 4711 Zimmermanuo,
