3809 5650
526 699 580 763 IN
604 700 672 766 ΒΒ.
695 700 965 766 DIONYSIUM
990 701 1052 764 ET
1077 698 1306 764 PINYTUM.
1399 696 1462 769 195

367 867 440 932 Vite.
457 869 531 933 PP.
550 871 715 954 Oriental.)
731 880 749 909 ‘⁶
766 894 890 956 semper
903 871 1000 956 aliqui
1015 872 1203 943 extiterunt,
1214 877 1251 934 ut
1262 889 1462 932 nummorum

360 972 381 1003 “
395 968 619 1053 legitimorum,
641 973 685 1036 sic
702 974 905 1058 pulchrorum
921 973 1112 1056 scriptorum
1127 979 1338 1056 corruptores.
1369 970 1461 1051 Quod

360 1076 382 1107 ‘⁴
399 1070 529 1153 quidam
555 1073 612 1137 SS.
640 1074 775 1138 Petrum
801 1075 1005 1159 providentes
1033 1072 1228 1137 terribilibus
1251 1073 1284 1135 in
1307 1071 1462 1156 ejusmodi

361 1177 382 1209 ‘⁸
396 1172 540 1238 homines
555 1176 635 1239 duce
650 1177 746 1240 beato
763 1178 887 1240 lrenaeo
901 1176 949 1239 nsi
973 1181 1048 1239 sunt
1070 1174 1353 1260 adjurationibus.''
1397 1176 1462 1259 Op·

359 1271 437 1336 time
460 1274 498 1336 cl.
522 1297 647 1359 quoque
675 1275 798 1341 Keilius
824 1277 856 1339 in
881 1277 975 1340 Notis
998 1277 1039 1340 ad
1063 1277 1139 1340 edit.
1167 1297 1238 1339 nov.
1264 1274 1464 1338 Patriacum

358 1372 505 1438 Bibe-iota.
529 1378 628 1440 Groee.
649 1385 729 1440 tom.
752 1378 803 1441 vii.
823 1401 853 1463 p.
876 1380 946 1461 163.
993 1386 1012 1415 “
1029 1380 1102 1441 Has
1125 1376 1275 1462 epistolas
1299 1398 1372 1439 suas
1395 1376 1463 1459 ipse

360 1482 380 1510 “
396 1476 569 1560 Dionysius
583 1500 604 1541 a
619 1477 762 1562 pluribus
782 1479 927 1562 queritur
947 1486 1115 1564 corruptas
1135 1478 1244 1554 fuisse,
1259 1478 1303 1543 itu
1325 1478 1461 1562 quidem,

361 1578 510 1643 “utalia
526 1580 763 1655 omitterentur,
779 1580 842 1644 alia
857 1602 931 1645 vero
954 1581 1168 1652 addcrentnr;
1194 1601 1257 1663 qua
1280 1602 1319 1643 ex
1343 1601 1379 1643 re
1402 1580 1463 1643 sre-

361 1684 381 1714 “
396 1702 496 1762 quens
510 1681 624 1745 harum
636 1681 842 1766 epistolarum
854 1704 939 1754 usus,
950 1704 1052 1765 nequo
1063 1680 1191 1764 exigua,
1201 1681 1234 1744 in
1246 1703 1309 1765 qua
1323 1681 1461 1759 suerunt,

362 1787 382 1816 “
396 1781 582 1858 auctoritas,
599 1782 679 1845 satis
693 1789 804 1865 aperte
820 1783 1052 1867 cognoscitur.''

399 1880 515 1944 P.181.
527 1882 546 1943 l.
562 1900 611 1947 22.
625 1884 660 1945 οὐ
670 1885 765 1961 μόνον
775 1883 1002 1958 τοῖςὺπάὐτὸν,
1013 1881 1082 1946 ἀλλ’
1095 1884 1149 1962 ἤδη
1164 1884 1285 1950 καὶτοῖς
1301 1883 1371 1967 &c.]
1388 1882 1462 1947 Hoc

360 1981 472 2047 secisse
482 1983 609 2047 videtur
619 1983 792 2069 Dionysius
803 1985 1027 2049 convenienter
1037 1984 1129 2068 praxi
1139 1992 1173 2048 et
1183 1984 1337 2048 doctrinar
1348 1984 1462 2049 veteris

360 2084 510 2161 ecclesiae,
523 2107 593 2167 quae
608 2106 718 2148 curam
733 2093 767 2149 ot
780 2085 1012 2150 solicitudinem
1027 2086 1067 2149 de
1079 2086 1217 2150 ecclesiis
1229 2086 1382 2150 universis
1398 2106 1462 2149 non

360 2185 462 2249 solum
476 2186 630 2269 apostolis
644 2186 741 2250 fuisse
753 2209 951 2251 communem
963 2187 1126 2262 credebat,
1138 2186 1194 2250 sed
1209 2186 1307 2251 etiam
1316 2188 1463 2252 omnibus

360 2284 515 2369 episcopis
534 2286 726 2350 incumbere.
771 2289 865 2353 (lons.
883 2288 925 2351 ls.
941 2288 1164 2353 Oasaubonum
1186 2309 1257 2350 cum
1279 2287 1312 2350 in
1327 2288 1462 2357 meria

361 2386 422 2450 xri.
438 2388 507 2470 ejus
521 2389 562 2452 ad
578 2388 721 2451 Annales
736 2389 868 2451 Baronii
883 2410 951 2473 cap.
973 2408 1042 2468 ¹41·
1058 2388 1111 2452 ubi
1127 2410 1166 2452 ex
1183 2388 1215 2451 S.
1232 2388 1462 2472 Chrysostomo

359 2488 420 2552 hoc
448 2490 552 2575 ipsum
581 2489 790 2566 confirmavit,
820 2497 889 2553 tum
920 2490 1061 2573 ejusdem
1091 2488 1149 2551 viri
1178 2489 1293 2551 summi
1322 2489 1462 2554 libellum

360 2612 502 2668 aureum,
527 2593 583 2656 sed
606 2613 767 2676 nunquam
794 2582 986 2666 absolutum,
1002 2592 1052 2654 De
1072 2589 1225 2654 Libertate
1239 2590 1461 2670 Ecclesiastico,

360 2713 429 2776 cap.
444 2692 487 2756 iii.
504 2696 533 2776 ξ.
548 2712 580 2771 4.
627 2695 742 2778 Itaque
757 2692 868 2757 alienae
883 2692 1014 2755 ditionis
1028 2691 1171 2754 homiues
1190 2690 1348 2754 instruere
1364 2700 1462 2777 atque

359 2814 489 2858 monere
511 2814 570 2878 pro
590 2794 664 2877 juro
686 2815 744 2858 suo
767 2793 873 2877 potuit
896 2815 934 2858 ac
957 2793 1069 2856 debuit
1091 2791 1272 2876 Dionysius,
1288 2791 1337 2855 vel
1362 2792 1464 2876 quivis

358 2893 440 2958 alius
454 2895 618 2979 episcopus
630 2894 815 2970 catholicus,
826 2894 963 2957 maxime
977 2893 1133 2978 siquando
1147 2913 1198 2955 res
1213 2891 1286 2955 fidei
1302 2899 1400 2976 atque
1414 2914 1462 2957 re·

359 2995 484 3080 ligiouis
498 2997 663 3081 agebatur.
692 2996 796 3059 Aiunt
810 2995 908 3059 etiam
923 2994 1100 3079 presbyteri
1116 2993 1252 3056 Romani
1268 2993 1300 3055 in
1316 2992 1464 3076 Epistola

360 3098 404 3162 ad
420 3099 626 3182 cyprianum,
641 3098 702 3182 Ep.
716 3117 768 3181 30.
784 3097 841 3161 vel.
857 3098 911 3180 36.
959 3097 1066 3160 Omaee
1079 3096 1159 3159 οοὶοο
1172 3116 1224 3157 aas
1237 3094 1317 3158 decet
1324 3116 1386 3179 pro
1400 3115 1463 3158 eor-

355 3220 432 3283 pcre
445 3199 535 3263 totius
548 3198 689 3273 ecebsioe,
703 3197 788 3280 arjos
795 3219 857 3282 per
870 3197 977 3260 corice
995 3217 1125 3281 quasque
1132 3196 1313 3280 ονοοίοοοίοο
1331 3194 1465 3262 cumbra

362 3300 480 3385 digesta
501 3309 582 3375 saal,
601 3296 755 3361 σοονόονο.
774 3320 804 3382 p.
819 3317 873 3377 41.
888 3298 938 3361 ed.
955 3297 1086 3362 Baluzii.
1133 3296 1270 3360 Pulchre
1292 3303 1400 3360 autem
1424 3296 1464 3362 dc

362 3401 423 3465 hac
443 3406 605 3485 potestate
628 3399 855 3476 disseruerunt,
870 3406 988 3483 praeter
1011 3400 1237 3464 Casanbonnm
1260 3397 1294 3460 in
1316 3399 1465 3483 operibus

362 3504 457 3566 modo
480 3501 630 3577 laudatis,
655 3500 910 3584 archiepiscopus
936 3500 1143 3585 spalatensis,
1169 3500 1216 3563 M.
1233 3500 1312 3564 Ant.
1333 3500 1373 3563 de
1397 3502 1464 3564 Do-

362 3603 466 3680 minis,
482 3603 514 3665 in
529 3602 734 3684 Profectioais
746 3622 810 3663 cuce
825 3601 955 3665 Omrsile'o
971 3602 1118 3686 Exposita
1136 3623 1208 3686 pag.
1231 3616 1298 3684 151.
1314 3608 1347 3664 et
1367 3600 1465 3688 Bing-

362 3703 475 3767 hamus
489 3702 543 3767 lib.
561 3702 592 3765 ii.
611 3700 695 3787 Ora'p.
705 3702 788 3765 Ecel.
802 3724 871 3786 cap.
884 3718 916 3786 5.
952 3702 1006 3766 lta
1021 3709 1054 3766 et
1068 3701 1152 3766 inira
1166 3703 1199 3764 in
1213 3701 1264 3765 his
1277 3702 1465 3787 fragmentis

362 3804 545 3887 apostolicae
560 3804 655 3888 hujus
669 3810 768 3887 atque
782 3803 947 3867 catholicae
962 3802 1199 3866 consuetudinis
1213 3804 1338 3866 ratione
1351 3804 1465 3878 habita

363 3903 512 3968 Themiso
528 3904 731 3969 Montanista
754 3904 895 3988 quidam,
911 3903 966 3988 qui
988 3903 1191 3967 aversatione
1214 3911 1346 3987 propter
1368 3904 1463 3974 fidem

361 4004 575 4070 Christianam
590 4006 694 4090 pretio
709 4006 787 4069 dato
799 4027 833 4068 se
844 4005 1034 4079 redemerat,
1046 4004 1088 4066 ab
1099 4002 1271 4086 Apollonio
1282 4004 1461 4087 corripitur,

361 4107 447 4190 quod
460 4128 574 4189 gerens
589 4127 658 4170 sese
673 4116 825 4188 tanquam
840 4111 1015 4188 martyrem
1029 4125 1126 4167 ausus
1146 4104 1198 4177 sit,
1214 4105 1391 4183 μιμούμενος
1410 4106 1463 4170 τὸν

361 4209 544 4284 ἀπόστολον,
561 4205 721 4284 κοθολικήν
739 4232 807 4269 τινα
822 4205 1042 4284 συνταξάμενος
1058 4204 1230 4282 ἐπιστολὴν,
1248 4212 1388 4287 κστηχεΐν
1406 4209 1464 4286 μὲν

360 4309 429 4374 τοὺς
454 4309 577 4386 ἄμεινον
603 4306 693 4369 αὐτοῦ
719 4308 962 4383 πεπιστευκότας,
990 4306 1244 4386 συναγωνίζεσθαι
1267 4307 1299 4369 δὲ
1325 4311 1387 4372 τοῖς
1412 4311 1464 4386 τῆς

361 4409 544 4489 κενοφωνίας
567 4409 680 4487 λόγοις.
725 4408 844 4471 Euseb.
861 4430 890 4470 v.
915 4408 998 4471 Hie.
1027 4407 1075 4470 18.
1101 4405 1133 4470 in
1159 4408 1333 4469 Aromoun
1359 4406 1461 4493 Frag-

362 4509 488 4574 mentis.

406 4609 489 4673 lbid.
506 4608 528 4670 l.
542 4626 592 4688 24.
615 4614 785 4676 καθολικαῖς
804 4611 877 4691 πρὸς
900 4613 952 4677 τὰς
971 4612 1132 4690 ἐκκλησίας
1147 4610 1334 4692 ἐπιστολαῖς]
1362 4608 1462 4673 Lard·

360 4730 470 4774 uarum
484 4708 575 4771 video
591 4708 688 4771 verba
710 4707 757 4772 ita
780 4709 1046 4794 interpretantem
1070 4710 1102 4774 in
1125 4710 1231 4796 operis
1252 4710 1301 4774 sui
1317 4709 1366 4773 De
1381 4707 1464 4774 Fide

860 4833 905 4873 σθ
923 4830 941 4876 2
