3809 5650
498 709 736 772 EPISTOLA
762 706 1095 772 VIENNENSIUM
1120 707 1184 769 ET
1209 706 1355 769 LUGD.
1415 708 1478 773 297

380 872 439 948 καὶ
469 866 614 970 πληγάς
643 873 701 947 καὶ
739 869 910 972 συρμοός·
947 871 1006 947 καὶ
1033 864 1245 969 διαρπαγάς·
1276 868 1334 944 καὶ
1367 867 1480 944 λίθων

380 1002 508 1101 βολάς,
523 1007 581 1083 καὶ
600 1006 840 1106 συγκλείσεις·
871 1007 930 1082 καὶ
948 1002 1046 1082 πάνθ
1056 1001 1141 1080 ’ὅσα
1158 999 1366 1105 ἠγριωμένῳ
1383 995 1480 1095 πλή-

382 1146 433 1218 θει
453 1144 501 1224 ὡς
517 1139 608 1242 πρὸς
626 1138 774 1242 ἐχθροὺς
793 1141 850 1216 καὶ
872 1139 1066 1233 πολεμίους
1092 1141 1194 1240 φιλεῖ
1215 1135 1391 1236 γίνεσθαι.
1421 1135 1480 1211 καὶ

381 1271 425 1372 δὴ
444 1273 654 1375 ἀναχθέντες
673 1277 721 1354 εἷς
739 1270 805 1369 τὴν
824 1267 962 1371 ἀγοράν
982 1267 1051 1347 ὑπό
1068 1301 1108 1347 τε
1126 1274 1190 1345 τοῦ
1208 1264 1398 1370 χιλιάρχου
1422 1268 1480 1344 καὶ

353 1411 454 1490 5τῶν
486 1405 763 1507 προεστηκότων
789 1408 853 1502 τῆς
881 1403 1022 1484 πόλεως
1051 1401 1236 1507 ἐξουσιῶν,
1261 1403 1318 1480 ἐπὶ
1346 1398 1481 1481 παντὸς

381 1547 445 1617 τοῦ
477 1536 640 1639 πλήθους
674 1539 918 1641 ἀνακριθέντες
945 1540 1005 1616 καὶ
1038 1537 1342 1638 ὁμολογήσαντες,
1371 1570 1477 1615 συνε-

382 1674 609 1771 κλείσθησαν
628 1680 676 1757 είς
691 1671 757 1771 τὴν
775 1671 914 1774 εἱρκτὴν
939 1672 1005 1754 ἕως
1030 1674 1094 1769 τῆς
1112 1679 1176 1749 τοῦ
1194 1670 1366 1772 ἡγεμόνος
1383 1704 1478 1772 παρ·

383 1809 519 1891 ουσίας.

438 1944 484 2042 γ’.
519 1941 721 2022 Μετέπειτα
740 1940 778 2021 δέ
796 1945 853 2021 ε’πὶ
877 1941 941 2021 τὸν
968 1939 1126 2042 ἡγεμόνα
1149 1941 1331 2044 ἀχθέντων
1354 1943 1482 2038 αὐτῶν,

338 2109 374 2147 ιο
384 2075 545 2179 κᾴκείνου
572 2073 675 2178 πόση
700 2080 745 2178 τῇ
773 2075 865 2177 πρός
891 2076 985 2173 ἡμᾶς
1013 2075 1167 2175 ὠμότητι
1192 2076 1387 2180 χρωμένου,
1407 2077 1483 2155 Οά-

383 2206 495 2291 έττιος
506 2206 714 2309 Ἐποὶγαθος
733 2206 782 2291 εἷς
800 2212 838 2286 έκ
858 2215 931 2288 τῶν
947 2210 1128 2314 ἀδελφῶν,
1145 2206 1327 2311 πλήρωμα
1341 2208 1484 2309 ἀγάπης

383 2346 447 2440 τῆς
464 2339 554 2445 πρὸς
574 2341 638 2421 τὸν
656 2342 752 2423 Θεὸν
770 2346 829 2422 καὶ
848 2342 911 2423 τὸν
927 2345 1090 2442 πλησίον
1108 2342 1327 2446 κεχωρηκιός·
1359 2344 1401 2422 οὗ
1425 2347 1484 2422 καὶ

383 2478 616 2554 ε’πιτοσοῦτον
633 2478 812 2577 ἠκρίβωτο
830 2477 852 2575 ἡ
870 2479 1045 2573 πολιτεία,
1064 2480 1112 2561 ὡς
1133 2478 1259 2578 καίπερ
1285 2475 1372 2556 ὄντα
1395 2479 1483 2575 νέον,

384 2610 668 2716 συνεξισοῦσθαι
686 2618 731 2715 τῇ
748 2623 812 2691 τοῦ
830 2615 1079 2716 πρεσβυτέρου
1098 2615 1279 2717 Ζαχαρίου
1293 2616 1479 2719 μαρτυρίᾳ.

339 2745 580 2848 ιεπεπόρευτο
598 2756 687 2847 γοῦν
704 2749 743 2826 έν
760 2747 896 2831 πόσοις
921 2757 999 2832 ταῖς
1017 2751 1178 2831 ἐντολαῖς
1192 2749 1250 2825 καὶ
1265 2746 1480 2846 δικαιώμασι

384 2893 447 2962 τοῦ
469 2886 601 2985 Κυρίου
624 2883 818 2983 ἀμεμπτος,
836 2887 895 2963 καὶ
918 2882 1022 2988 ποίση
1047 2890 1092 2986 τῇ
1115 2880 1206 2985 πρὸς
1230 2880 1294 2961 τὸν
1320 2884 1482 2983 πλησίον

386 3018 589 3123 λειτουργίᾳ
607 3018 744 3101 ἄοκνος
775 3018 891 3120 ζῆλον
905 3023 1001 3097 Θεοῦ
1018 3015 1137 3096 πολὺν
1150 3017 1252 3120 ἔχων,
1264 3018 1323 3094 καὶ
1336 3017 1421 3119 ζέων
1433 3025 1485 3124 τῷ

384 3152 566 3252 πνεύματι·
604 3159 761 3236 τοιοῦτος
794 3151 839 3250 δή
870 3186 924 3235 τις
951 3149 1012 3248 ὧν,
1038 3149 1105 3249 τὴν
1137 3152 1230 3229 οὕτω
1268 3154 1345 3230 καθ
1384 3153 1485 3250 ἡμῶν

386 3454 437 3493 nes
458 3433 577 3500 scilicet,
595 3434 703 3514 plagas,
720 3436 907 3514 raptationes‚
960 3446 1084 3504 nostros,
1108 3433 1229 3495 Vettius
1250 3436 1421 3516 Epagathun
1450 3459 1484 3497 u.

339 3514 572 3593 20spoliati0nes
599 3516 750 3581 bonorum,
779 3515 907 3595 lapidum
959 3536 1015 3574 nus
1024 3535 1061 3573 ex
1070 3516 1192 3575 fratrum
1204 3537 1335 3583 numero,
1346 3519 1485 3578 immensa

382 3596 489 3670 jactus,
504 3615 642 3660 carceres,
660 3607 765 3653 cuncta
784 3595 908 3673 denique
960 3596 1082 3672 quadum
1098 3596 1227 3655 caritatis
1242 3597 1326 3675 eopia
1339 3618 1407 3675 erga
1422 3599 1482 3659 De·

385 3694 450 3750 quae
465 3674 569 3752 vulgus
583 3674 681 3734 furore
696 3690 726 3733 et
740 3676 819 3735 rabie
838 3696 905 3735 con·
960 3696 1009 3734 um
1033 3675 1120 3733 simul
1140 3686 1171 3733 et
1191 3677 1352 3754 proximum
1375 3681 1483 3739 exube-

385 3753 517 3823 citatum‚
532 3755 670 3813 adversus
689 3755 786 3814 hostes
807 3767 836 3815 et
854 3756 908 3814 ini·
960 3775 1036 3820 rans,
1052 3756 1100 3832 qui
1119 3754 1191 3813 adeo
1210 3754 1369 3814 districtam
1389 3778 1422 3816 ac
1440 3779 1484 3818 ιε-

386 3833 475 3890 micos
502 3836 678 3893 comminisci
707 3835 790 3893 solet.
837 3836 910 3894 Per·
960 3855 1057 3894 veram
1083 3834 1199 3893 vivendi
1229 3836 1370 3894 rationem
1401 3838 1483 3896 insti-

340 3941 374 3997 25
387 3912 467 3970 ducti
483 3914 588 3973 deinde
602 3916 632 3972 in
644 3915 909 3974 forumaTribuno
960 3925 1067 3982 tuerat,
1096 3925 1130 3972 ut
1159 3915 1289 3990 quamvis
1321 3915 1416 3975 adhuc
1436 3917 1485 3993 ju·

386 3991 512 4050 militum
536 4004 566 4052 et
590 4015 607 4052 a
629 3995 845 4071 magistratibus
867 3996 907 4053 ci·
960 3994 1051 4061 venis,
1074 3993 1221 4052 Zacharioe
1245 4004 1342 4052 tamen
1363 3996 1485 4056 senioris

385 4072 495 4141 vitatis,
520 4093 613 4130 coram
640 4074 775 4132 universo
800 4074 910 4153 populo
961 4072 1056 4150 elogio
1090 4084 1262 4149 oequaretur.
1322 4075 1485 4136 lacesseret

386 4152 556 4229 interrogati
571 4153 763 4229 confessique,
773 4153 910 4230 usquead
961 4153 1071 4231 quippe
1092 4155 1122 4210 in
1142 4153 1271 4212 munibus
1294 4154 1437 4215 mandatis
1458 4166 1485 4216 et

387 4231 524 4289 Praesidie
537 4230 694 4289 adventum
706 4233 829 4309 conjecti
841 4245 910 4293 sunt
952 4231 1337 4311 ιγἰιαιζνῑοοιιόιιίόιικΒουιὶοἱ
1347 4234 1410 4292 κίοι
1420 4256 1485 4315 (με.

338 4311 417 4396 30in
431 4330 584 4370 carcerem.
961 4312 1041 4370 reia:
1071 4312 1108 4371 ad
1132 4331 1217 4370 omne
1240 4333 1334 4389 genus
1354 4316 1485 4394 obsequii

428 4410 456 4465 3.
471 4391 543 4450 Post
554 4391 614 4449 haec
625 4411 692 4449 cum
703 4391 739 4450 ad
752 4391 908 4451 Praesidem
962 4413 994 4450 ac
1018 4391 1170 4450 ministerii
1192 4392 1324 4467 proximo
1345 4395 1484 4456 exhiben-

385 4471 505 4530 deducti
527 4482 633 4539 essent,
654 4483 742 4549 atque
761 4472 811 4531 ille
830 4473 909 4530 omni
962 4471 1031 4529 dum
1064 4472 1306 4550 promptissimus,
1335 4475 1399 4533 zelo
1427 4476 1485 4536 Dei

386 4571 493 4629 genere
507 4552 624 4611 saevitioe
635 4552 761 4611 ferretur
772 4552 910 4611 adversus
961 4572 994 4610 ac
1008 4551 1122 4610 fervore
1136 4552 1257 4630 spiritus
1271 4553 1382 4631 plenus.
1420 4557 1485 4625 Hic,

865 4760 1014 4812 *Imm

907 4882 963 4943 Ἢ]
