3809 5650
482 679 533 741 IN
558 679 626 741 ΗΒ.
650 679 927 743 DlONYSIUM
951 681 1016 743 ET
1041 682 1281 748 PINYTUM.
1414 684 1478 753 189

374 847 526 911 etcitcri.
572 848 652 912 Vide
667 849 772 912 Notas
786 849 855 933 ejus
874 849 1015 914 inVario
1031 852 1131 915 Sacro
1152 874 1210 916 sua
1231 875 1263 937 p.
1280 855 1371 931 ¹0⁶7·
1413 852 1477 917 Sed

374 966 445 1009 mea
464 946 591 1029 quidem
615 946 776 1010 sententia
794 946 873 1010 nihil
896 955 946 1012 cst
965 949 1174 1022 mutandum:
1198 955 1286 1013 recte
1304 948 1389 1011 enim
1404 970 1477 1013 con·

374 1046 476 1110 lertur
490 1048 648 1132 posterior
662 1049 730 1112 haee
751 1048 874 1112 Soteris
896 1057 994 1133 atque
1019 1050 1236 1114 Romanorum
1249 1048 1385 1134 epistola
1405 1070 1477 1114 cum

373 1148 470 1233 priori
491 1148 546 1212 illa
561 1149 744 1227 Clementis,
762 1172 858 1234 quam
878 1151 1006 1234 quidem
1021 1153 1148 1216 nomine
1168 1152 1320 1216 Romanae
1338 1150 1477 1217 ecclesia

373 1249 530 1314 dictatam
553 1251 659 1323 fuisse,
685 1258 754 1315 tum
775 1273 815 1314 ex
837 1250 1043 1337 inscriptione
1071 1252 1178 1336 ipsius,
1207 1260 1276 1317 tum
1302 1274 1342 1315 ex
1372 1252 1477 1317 verbis

374 1351 498 1429 irenaei,
523 1352 564 1415 ab
589 1351 730 1415 Eusebio
752 1352 1048 1417 liberrimae.
1072 1353 1189 1430 allatis,
1214 1354 1341 1418 abunde
1361 1360 1474 1438 patet,

372 1449 443 1514 Ἐπὶ
464 1454 568 1515 τούτου
589 1449 643 1515 οὖν
664 1455 717 1515 τοῦ
742 1453 913 1530 Κλήμεντος
934 1452 1070 1521 στάσεως
1084 1455 1136 1517 οὐκ
1155 1455 1261 1533 ὀλίγης
1281 1457 1343 1518 τοῖς
1362 1454 1396 1515 ἐν
1417 1457 1476 1515 Κο-

372 1552 464 1636 ρίνθῳ
480 1553 644 1633 γενομένης
659 1555 811 1632 ἀδελφοῖς,
829 1554 1005 1618 ἐπέστειλεν
1019 1557 1037 1633 ἡ
1053 1556 1087 1618 ἓν
1100 1553 1197 1634 Ῥώμη
1213 1556 1356 1633 ἐκκλησία
1372 1555 1476 1617 ἱκανω-

372 1653 464 1731 τάτην
483 1653 604 1735 γραφὴν
624 1659 686 1720 τοῖς
710 1655 877 1734 Κορινθίοις
892 1655 948 1717 διο.
995 1654 1120 1719 Videt
1139 1655 1193 1718 lib.
1205 1655 1248 1718 iii.
1264 1655 1346 1718 Hier.
1363 1652 1475 1719 Ενοοό.

373 1773 442 1836 cap.
457 1756 504 1816 16.
520 1761 553 1816 et
568 1754 622 1837 38.
668 1753 771 1817 Porro
785 1776 807 1817 a
821 1754 984 1817 Clemente
1000 1754 1092 1818 Alex.
1109 1754 1187 1819 haec.
1203 1754 1290 1819 dieta
1304 1760 1354 1818 est
1364 1756 1476 1819 Bomo-

371 1873 479 1916 noram
502 1854 638 1939 epistola
659 1856 702 1920 ad
725 1855 917 1921 Corinthios.
940 1857 1052 1920 Srrnn.
1067 1877 1097 1919 v.
1118 1876 1166 1923 12.
1188 1879 1220 1940 p.
1236 1858 1310 1940 693.
1329 1856 1379 1920 ed.
1397 1856 1476 1921 Pot-

372 1955 444 2018 teri.

414 2056 575 2122 Craterum
589 2059 687 2123 verba
706 2079 789 2121 nunc
808 2058 999 2144 subjungam
1015 2058 1180 2136 Halloixii,
1196 2057 1279 2123 malo
1298 2066 1417 2136 tamen,
1438 2065 1476 2123 ut

371 2158 493 2242 opinor,
516 2160 597 2223 duas
620 2159 778 2223 cosme
799 2159 951 2243 epistolas
973 2182 1013 2224 ex
1029 2160 1173 2244 Dionysii
1195 2161 1265 2225 loeo
1286 2159 1473 2245 colligentis.

372 2265 392 2294 “
403 2258 530 2323 Iudicat
552 2258 603 2322 hic
618 2259 789 2343 Dionysius
811 2259 891 2323 duas
913 2260 945 2323 in
968 2261 1100 2325 eeclesia
1119 2261 1357 2326 Corinthiorum
1375 2261 1476 2326 lectos

372 2368 391 2395 ‘⁵'
406 2366 476 2424 tum
491 2359 643 2444 epistolas
657 2381 851 2423 summorum
866 2361 1063 2445 pontificum,
1081 2383 1176 2425 unam
1191 2360 1375 2437 Clementis,
1391 2382 1475 2425 ecm-

371 2468 393 2499 “
409 2483 470 2545 que
493 2461 632 2546 priorem
656 2463 699 2526 ad
724 2462 811 2546 ipsos
834 2463 984 2535 missam;
1009 2464 1089 2527 duas
1115 2463 1199 2526 enim
1221 2462 1317 2540 misit,
1341 2468 1378 2525 ut
1402 2461 1478 2525 hino

370 2571 390 2600 “
404 2564 575 2648 colligitur,
601 2572 635 2629 et
659 2587 701 2628 cx
725 2564 795 2628 aliis
824 2565 1030 2644 auctoribus;
1065 2566 1201 2630 alteram
1224 2564 1355 2641 Soteris,
1379 2585 1475 2647 quam

371 2665 483 2728 “dicit
507 2664 718 2729 institutionis
743 2665 813 2729 loco
836 2666 869 2729 in
895 2688 1061 2731 commune
1083 2665 1202 2730 lectum
1227 2665 1276 2728 iri.
1321 2664 1475 2729 Solebant

368 2775 389 2805 “
401 2768 511 2854 igitur,
526 2775 563 2832 ut
582 2768 631 2832 vel
651 2768 724 2832 hinc
744 2774 890 2853 apparet,
906 2768 1057 2853 episcopi,
1072 2789 1144 2832 curn
1164 2766 1288 2850 aliquas
1309 2787 1330 2830 a
1344 2766 1476 2832 summis

370 2876 389 2905 “
401 2869 615 2954 pontificibus,
631 2876 689 2933 aut
703 2870 745 2933 ab
759 2869 831 2933 aliis
845 2870 1048 2934 ecclesiarum
1068 2867 1255 2953 praesidibus
1270 2889 1387 2951 magna
1402 2866 1475 2930 doc-

370 2971 491 3034 “trina
513 2979 548 3034 et
573 2971 746 3035 sanctitate
769 2971 924 3055 praeditis,
948 2969 1058 3056 quales
1079 2969 1113 3033 in
1138 2968 1247 3054 paneis
1272 2966 1418 3052 ignatius
1440 2974 1476 3032 et

369 3077 388 3104 ‘⁶
405 3070 602 3154 Polycarpus
616 3069 701 3134 inter
720 3070 799 3133 alios
814 3070 913 3147 fuere,
933 3069 1083 3154 epistolas
1102 3074 1247 3132 recenter
1265 3067 1473 3151 accepissent,

369 3178 391 3209 “
407 3194 463 3234 eas
487 3172 530 3234 od
560 3172 669 3256 populi
693 3171 927 3235 institutionem
958 3179 991 3235 ct
1021 3169 1268 3235 consolationem
1299 3168 1475 3232 Dominicis

369 3281 388 3309 “
404 3272 515 3336 diebus
543 3273 667 3356 publice
697 3273 730 3335 in
757 3273 888 3337 ccclesia
913 3273 1036 3358 legere:
1074 3271 1243 3336 nonnullus
1272 3279 1381 3335 autem
1410 3293 1475 3335 non

368 3383 389 3413 “
404 3376 501 3439 semel
524 3383 661 3453 tantum,
684 3377 740 3439 sed
762 3377 889 3460 saepius,
911 3377 1008 3461 idque
1031 3376 1152 3452 diebus,
1179 3383 1216 3438 ut
1240 3372 1390 3437 credibile
1413 3379 1475 3449 cst,

368 3485 387 3513 “
403 3477 544 3560 ipsorum
560 3477 730 3549 natalibus,
748 3477 773 3539 si
790 3478 918 3561 quidcm
938 3477 1155 3553 excessissent,
1170 3483 1229 3540 aut
1243 3476 1269 3539 si
1286 3474 1475 3559 superstites

368 3585 389 3615 “
405 3577 519 3652 forent,
546 3578 657 3640 dicbus
680 3578 794 3662 quibus
820 3578 922 3663 primo
943 3579 1035 3643 lectae
1057 3578 1191 3642 fuissent
1217 3575 1473 3640 anniversariis.''

369 3679 463 3740 'l'orn
486 3678 519 3741 ii.
551 3680 624 3742 Vis.
648 3682 714 3741 PP.
742 3681 889 3743 θεῖον-ἰοί.
909 3703 940 3765 ρ.
958 3683 1031 3763 776.
1063 3679 1144 3743 Haee
1171 3677 1362 3741 Halloixius.
1409 3679 1475 3754 lta,

367 3802 438 3842 curn
455 3779 487 3841 in
508 3780 651 3863 plurimis
670 3781 818 3857 eeclesiis,
836 3782 920 3864 quod
940 3804 980 3844 ex
1003 3780 1143 3844 Eusebio
1163 3785 1290 3843 constat
1306 3778 1347 3841 in.
1364 3778 1417 3840 lib.
1430 3777 1472 3841 iii.

367 3880 450 3942 Hier.
467 3902 493 3942 c.
514 3884 558 3944 16.
583 3903 646 3944 non
668 3889 795 3945 tanturn
819 3884 906 3967 apud
930 3883 1121 3958 Corinthios,
1145 3882 1317 3946 Clementis
1339 3881 1474 3964 epistole

367 3981 493 4064 publice
519 3981 690 4065 legeretur,
717 3983 759 4045 nil
786 3983 900 4045 mirum
926 3992 976 4047 cst
999 3984 1128 4046 eosdem
1151 3983 1261 4047 literas
1286 3983 1329 4046 ad
1355 3981 1473 4044 calcem

366 4083 575 4146 Alexandrini
593 4105 754 4146 sacrcrunr
774 4083 926 4146 libroruin
941 4083 1057 4146 codicis
1073 4083 1245 4146 collocatas
1259 4082 1367 4156 fuisse,
1389 4083 1474 4146 unde

364 4187 541 4269 dosunrptae
563 4185 690 4247 dcrnurn
712 4206 733 4246 a
752 4184 893 4246 Patricio
914 4184 933 4246 J
937 4184 1012 4245 unio
1035 4184 1151 4268 publici
1169 4184 1252 4267 juris
1270 4183 1364 4247 sactae
1386 4190 1474 4259 sunt,

365 4286 483 4349 Corolo
505 4285 617 4369 primo,
637 4285 687 4347 cui
710 4307 730 4347 a
753 4283 871 4367 Cyrillo
897 4284 1016 4347 Lucari
1039 4284 1135 4348 datus
1156 4283 1208 4347 ille
1230 4284 1332 4348 codex
1353 4284 1470 4357 fuerat,

364 4392 519 4471 regnanto
538 4385 571 4447 in
586 4385 763 4448 Britannia.
810 4383 955 4467 Denique
976 4383 1138 4467 Reliquias
1157 4383 1216 4456 hos
1238 4385 1353 4447 Sacros
1368 4384 1473 4449 denuo

363 4489 470 4552 edenti
493 4488 611 4550 relcrrc
633 4486 709 4548 mihi
728 4487 811 4560 licet,
828 4508 930 4570 nuper
952 4486 1020 4548 haec
1042 4484 1215 4549 adnotasse
1234 4485 1277 4548 ad
1298 4485 1473 4549 Eusebium

364 4612 455 4653 sunni
480 4589 518 4652 cl.
544 4586 787 4662 Hcinichcnum,
805 4586 911 4648 “nihil
935 4585 1053 4649 dicit-ur
1078 4585 1110 4648 in
1134 4585 1297 4669 Dionysio,
1321 4587 1380 4650 nisi
1404 4586 1473 4652 Cle·

365 4699 385 4726 “
401 4689 518 4753 montis
542 4686 710 4771 epistolam
732 4708 828 4750 unani
849 4686 936 4749 illum
956 4709 994 4750 ac
1015 4686 1116 4750 solam
1137 4687 1180 4750 ad
1199 4686 1384 4751 Corinthios
1399 4707 1473 4751 vere
