3809 5650
476 685 543 746 234
852 678 1205 745 ANNOTATIONES

476 847 675 933 Epiphanius
694 847 810 911 Hoeres.
826 848 933 911 xxviii.
949 870 977 910 c.
999 867 1046 931 13.
1062 845 1164 910 simile
1185 845 1261 928 quid
1281 845 1321 906 de
1342 843 1449 927 populi
1472 843 1580 907 obser-

475 949 585 1013 vantia
599 969 676 1032 erga
686 949 860 1012 Jacobum.
895 946 1059 1011 Caeterum
1080 969 1138 1032 pro
1154 947 1278 1024 ὠβλίας,
1295 946 1380 1030 quod
1396 953 1532 1029 praestat
1547 952 1581 1007 et

477 1049 686 1133 Epiphanius,
709 1071 780 1133 cap.
798 1069 828 1130 7.
855 1050 977 1114 habent
1003 1050 1112 1127 ὀβλίας
1134 1048 1300 1132 Ηιροοὶρρὶ
1325 1050 1471 1130 Εαοσνρί.
1488 1047 1536 1108 Βο
1554 1045 1579 1106 l.

478 1151 698 1235 Cadmeaque,
712 1151 771 1214 sed
786 1153 896 1230 ὀλβίας
918 1151 1062 1235 Georps'cs
1077 1149 1208 1233 Sycecll.
1225 1171 1296 1232 quae
1312 1149 1439 1233 quidem
1451 1146 1580 1231 Georgii

476 1253 635 1336 scriptura
649 1252 735 1315 lavet
753 1252 958 1336 opinantibus
973 1252 1034 1315 hoc
1056 1273 1171 1314 nomen
1192 1273 1233 1313 ex
1256 1250 1308 1312 illo
1332 1250 1459 1333 Alphaei
1487 1247 1581 1332 origi-

475 1375 549 1417 nem
573 1352 711 1427 duxisse,
737 1374 872 1436 quorum
895 1354 1112 1436 conjecturam
1135 1359 1291 1415 memorat
1314 1350 1352 1414 cl.
1378 1351 1474 1414 Gerb.
1492 1349 1582 1411 Elios

476 1456 608 1518 Discern
619 1456 731 1539 Ιπαιιρ.
746 1455 781 1518 ia
795 1454 899 1538 Epist.
914 1454 1024 1531 Jadw,
1038 1476 1070 1538 p.
1088 1473 1139 1537 23.
1164 1452 1309 1536 Denique
1324 1452 1357 1514 in
1373 1453 1473 1514 MSS.
1494 1450 1580 1514 Bodl.

476 1565 511 1621 et
540 1557 634 1639 Nors.
661 1563 753 1620 extat
777 1554 929 1620 articulus
959 1557 1076 1619 dante
1102 1556 1213 1620 δίκαιος
1242 1564 1275 1617 et
1300 1554 1426 1630 ὠβλίας,
1454 1552 1486 1614 in
1515 1551 1581 1614 eod.

477 1659 584 1722 Paris.
600 1658 619 1720 i.
636 1665 712 1722 ante
727 1659 848 1723 δίκαιος.

521 1762 558 1823 Ρ.
573 1779 644 1844 209.
660 1759 681 1822 l.
691 1780 722 1839 4.
747 1761 787 1825 ὣς
809 1761 837 1822 ot
851 1762 1002 1838 προφῆται
1019 1763 1144 1838 δηλοῦσι
1158 1759 1226 1836 περὶ
1242 1755 1347 1841 αὐτοῦ]
1372 1755 1491 1839 Ecquis
1514 1776 1581 1816 om-

476 1862 563 1925 nium
587 1861 815 1945 prophetarum
837 1859 905 1924 haec
923 1859 963 1922 de
979 1860 1105 1923 Jacobo
1120 1858 1262 1944 profert?
1307 1860 1367 1921 Ait
1391 1859 1489 1921 etiam
1506 1856 1581 1920 Sca

475 1963 555 2048 liger
579 1965 621 2027 ad
638 1964 757 2027 Chron.
773 1962 913 2035 Eusebi,
930 1962 1087 2026 “Vellem
1105 1961 1289 2026 testimonia
1315 1963 1385 2047 ipsa
1407 1962 1581 2046 propheta-

477 2072 585 2127 “rum
609 2064 828 2129 adduxisset?
873 2064 927 2128 Ad
948 2063 1053 2127 Esulae
1076 2064 1190 2138 locum,
1214 2066 1333 2144 ἄρωμεν
1354 2066 1403 2127 vel
1432 2065 1580 2142 δήσωμεν,

476 2165 532 2229 τὸν
546 2166 659 2229 δίκαιον
672 2165 730 2229 &a
753 2188 846 2248 quem
868 2165 962 2229 affert
987 2165 1021 2228 in
1043 2167 1248 2250 sequentibus
1272 2165 1485 2250 Hegesippus,
1510 2165 1583 2228 haec

478 2288 603 2351 quoque
629 2267 727 2330 verba
755 2267 924 2351 pertinere,
951 2266 1076 2351 opinari
1102 2289 1136 2331 se
1162 2268 1240 2331 dicit
1266 2268 1416 2332 Valesius
1442 2267 1581 2340 ibidem;

478 2368 573 2452 idque
587 2374 674 2432 recte
688 2367 805 2443 forsan,
821 2368 878 2431 sed
889 2389 1009 2441 revera,
1022 2383 1060 2432 ut
1071 2376 1165 2433 notat
1181 2370 1320 2433 Grabius
1334 2377 1413 2434 tom.
1426 2369 1459 2432 ii.
1472 2369 1583 2452 Spica.

479 2470 539 2533 SS.
561 2470 705 2541 Patmos,
740 2491 773 2554 p.
799 2486 872 2553 255,
907 2469 1007 2533 “haec
1037 2471 1179 2535 oratoria
1209 2472 1383 2556 Scripturas
1408 2470 1584 2556 applicatio

479 2570 595 2656 potius,
612 2578 631 2606 “
648 2592 743 2654 quam
758 2570 938 2654 theologica
946 2571 1117 2657 explicatio
1132 2571 1286 2637 videtur?

525 2671 606 2735 lbid.
622 2671 642 2736 l.
651 2690 682 2755 5.
708 2678 767 2735 τῶν
783 2674 817 2735 ἐν
830 2676 871 2757 τῷ
885 2677 960 2757 λαῷ,
976 2675 1249 2756 προγεγραμμένων
1260 2700 1311 2753 μοι
1327 2677 1361 2736 ἔν
1375 2681 1436 2740 τοῖς
1451 2673 1582 2751 ὑπομνή-

479 2774 588 2861 μασιν]
623 2773 708 2838 Vide
743 2774 846 2838 locum
883 2796 981 2859 supra
1006 2775 1200 2859 exscriptum
1229 2796 1301 2859 pag.
1330 2793 1403 2838 201.
1449 2776 1584 2838 Absunt

480 2896 572 2938 voces
588 2877 621 2938 ἐν
636 2876 675 2960 τῷ
690 2898 711 2939 a
720 2878 763 2938 Μ
761 2878 793 2938 S.
805 2876 897 2939 Bodl.
909 2897 965 2939 seu
981 2875 1093 2951 Sacil„
1108 2876 1163 2938 sed
1173 2873 1255 2937 male
1270 2874 1417 2957 Gcorpius
1427 2875 1585 2956 Syncellas

481 2979 618 3060 τῷλόγῳ
633 2978 850 3057 γεγραμμένων
872 3003 922 3055 μοι
945 2980 979 3040 ἐν
1001 2983 1062 3042 τοῖς
1076 2974 1293 3053 ὑπομνήμασιν,
1310 2974 1494 3058 emittitque
1519 2983 1583 3043 τοῖς

481 3077 644 3163 Ηοριοιρρι*
672 3080 859 3164 Επσιιριιισι
887 3078 981 3141 Bcdl.
1042 3076 1106 3139 Hic
1135 3081 1244 3138 autem
1272 3081 1360 3151 nota,
1388 3076 1585 3155 ὑπομνήματα

481 3177 585 3261 ipsum
607 3200 676 3241 esso
697 3178 872 3264 Hegesippi
895 3199 984 3261 opus,
1000 3179 1089 3259 cujus
1108 3175 1289 3260 fragmenta
1311 3176 1470 3250 sistimus;
1496 3179 1581 3260 quod

481 3280 609 3362 quidem
623 3281 732 3363 liquet,
749 3303 820 3344 oum
835 3302 875 3343 ex
888 3279 960 3343 aliis
976 3278 1104 3342 Eusebii
1120 3278 1233 3350 verbis,
1251 3287 1319 3341 tum
1335 3300 1374 3341 ex
1390 3278 1450 3342 illis
1465 3280 1497 3341 in
1510 3301 1581 3363 cap.

481 3380 557 3443 xxii.
581 3380 635 3444 lib.
661 3401 711 3460 24.
748 3381 787 3445 'O
814 3384 871 3460 μὲν
896 3382 950 3444 οὖν
964 3378 1157 3461 Ἡγήσιππος
1181 3383 1215 3444 ἔν
1239 3379 1330 3443 πέντε
1355 3386 1417 3445 τοῖς
1442 3384 1483 3447 εἷς
1504 3382 1583 3459 ἡμᾶς

482 3484 623 3545 ἐλθοῦσιν
637 3482 853 3561 ὑπομνήμασιν.

526 3580 608 3644 lbid.
623 3582 644 3645 l.
661 3600 690 3665 7.
714 3585 757 3648 τίς
775 3584 880 3663 ἡθθρα
896 3588 947 3645 τοῦ
959 3582 1077 3670 Ἰησοῦ]
1102 3582 1226 3647 Ostium
1242 3584 1302 3647 hoc
1322 3583 1391 3646 loeo
1414 3592 1463 3646 cst
1478 3584 1580 3646 intro-

481 3684 599 3760 ductio,
626 3707 681 3749 ssu
704 3684 865 3749 institutio
886 3691 985 3769 atquo
1007 3684 1155 3750 initiatio.
1201 3686 1326 3749 Ostium
1343 3685 1440 3769 igitur
1458 3684 1582 3749 Christi

480 3785 559 3848 nihil
573 3793 623 3850 est
637 3786 733 3862 aliud,
749 3807 845 3870 quam
872 3786 951 3849 fides
966 3786 998 3848 in
1014 3786 1119 3849 Deum
1143 3786 1275 3849 Patrem
1298 3794 1332 3849 ct
1354 3786 1387 3848 in
1411 3786 1527 3849 Filium
1542 3809 1582 3849 ac

482 3888 637 3973 Spiritum
651 3894 806 3952 sanctum.
851 3888 971 3952 Dehoc
987 3888 1069 3951 ostio
1084 3888 1200 3952 dicitur
1215 3888 1248 3949 in
1260 3887 1413 3950 Psalmis:
1442 3888 1584 3951 llaecest

481 3997 576 4073 porto
587 3989 725 4066 Domini,
739 3996 772 4053 et
780 3990 859 4073 justi
874 3991 1042 4055 intrabunt
1057 4012 1114 4074 per
1128 4011 1210 4065 eam,
1226 3997 1264 4052 ut
1278 3988 1416 4072 explicat
1435 3988 1583 4053 Clemens

480 4088 513 4152 in
528 4088 580 4151 lib.
598 4088 638 4151 vi.
653 4089 865 4169 Στρωματέων.
912 4090 958 4153 Et
978 4090 1094 4154 ostium
1114 4090 1241 4173 quidem
1263 4090 1400 4153 Joanuis
1420 4089 1578 4172 Baptistae

481 4196 552 4253 erat
567 4190 756 4273 poenitentia
772 4214 779 4254 ι
803 4190 921 4255 Christi
935 4214 1010 4255 vero
1025 4192 1142 4256 ostium
1157 4198 1207 4255 est
1220 4191 1361 4254 remissio
1376 4199 1581 4274 peccatorum

482 4309 553 4371 quae
576 4290 614 4354 fit
637 4314 694 4375 per
718 4292 921 4376 baptismum.
946 4296 1104 4356 Vnnmros.
1150 4294 1296 4357 Christus
1314 4293 1380 4377 ipse
1407 4293 1497 4358 dixit.
1520 4295 1580 4373 ἐγώ

483 4392 541 4468 εἶμι
555 4393 573 4469 ἡ
588 4394 662 4472 θύρα
678 4393 741 4474 (Jo.
755 4415 785 4455 x.
798 4413 827 4473 7,
839 4396 885 4474 9.)
902 4403 935 4458 et
950 4395 1004 4458 illa
1014 4418 1075 4458 vox
1091 4396 1130 4458 de
1146 4395 1276 4458 Christo
1292 4393 1488 4477 Apostolicis
1499 4402 1581 4458 tem·

482 4492 613 4576 poribus
628 4494 763 4557 maxime
786 4495 846 4559 luit
869 4503 1032 4579 usurpata,
1049 4497 1133 4558 unde
1149 4495 1202 4559 illa
1218 4497 1241 4556 J
1243 4495 1405 4557 udaeorum
1426 4496 1467 4558 ad
1481 4494 1504 4556 J
1507 4517 1580 4559 aco-

482 4593 559 4655 bum
574 4592 594 4654 J
597 4601 715 4669 ustum,
731 4594 917 4675 ἀπάγγειλον
938 4598 1009 4674 ἡμῖν
1022 4597 1067 4663 τίς
1081 4598 1099 4675 ἡ
1114 4598 1188 4676 θθρα
1202 4603 1254 4659 τοῦ
1267 4595 1368 4673 Ἰησοῦ
1383 4600 1435 4658 τοῦ
1449 4621 1582 4676 σταυρω-

482 4692 596 4760 θέντος.
640 4694 729 4758 Doce
754 4717 812 4760 nos
836 4697 919 4779 quod
941 4697 984 4762 sit
1007 4698 1124 4762 ostium
1144 4698 1224 4763 Jesu
1246 4696 1396 4775 crucifixi,
1421 4708 1458 4760 ut
1481 4697 1582 4766 refert
