3809 5650
520 710 570 775 IN
593 709 861 775 FRAGMENT.
885 709 1071 777 INOER'PI
1095 708 1371 776 SCRIPTORIS.
1442 709 1505 772 421

398 888 422 924 ‘⁸
437 879 606 963 epistolam
620 879 662 942 ad
678 878 837 943 Hebraeos
852 878 982 953 attinet,
996 899 1068 943 eam
1086 879 1128 943 ab
1148 878 1281 951 Irenaeo,
1297 885 1332 943 et
1352 875 1507 961 discipulo

399 990 422 1017 ·‘
436 981 506 1063 ejus
528 979 716 1064 Hippolyto,
738 1001 802 1042 non
824 978 996 1063 genuinum
1016 980 1108 1043 Pauli
1131 1001 1211 1067 opus
1233 979 1376 1043 habitam
1399 978 1508 1053 fuisse,

398 1088 418 1115 “
434 1087 574 1144 testatur
588 1080 771 1164 Stephanus
785 1081 933 1144 Gobarus
947 1080 1033 1164 apud
1051 1079 1212 1144 Photium.
1244 1079 1417 1143 Bib1.00d.
1434 1096 1507 1162 232.

398 1190 419 1218 “
435 1182 481 1243 ὅτι
505 1178 683 1247 Ἱππόλυτος
709 1181 756 1243 καὶ
783 1183 942 1262 Εἰρηναῖος
966 1182 1021 1258 τὴν
1049 1182 1124 1261 πρὸς
1151 1179 1313 1261 Ἐβραίους
1343 1179 1508 1257 ἐπιστολὴν

399 1288 419 1317 “
435 1283 571 1354 Παύλου,
587 1282 639 1344 οὐκ
655 1283 770 1345 ἐκείνου
791 1280 869 1344 εἶναι
888 1282 994 1362 φασίν.
1041 1280 1231 1365 Hippolytus
1244 1290 1272 1343 sl
1289 1283 1431 1343 Ironaews
1443 1279 1508 1365 epi·

399 1391 420 1420 “
434 1383 540 1446 ςιοῐουυ
559 1382 658 1445 Pauli
676 1382 722 1444 ud
738 1381 897 1457 Hebraeos,
913 1381 977 1464 orbs
994 1402 1054 1445 esse
1073 1390 1192 1465 αοραυυ.
1233 1381 1317 1444 Ibid.
1334 1381 1413 1445 uod.
1432 1398 1503 1443 121.

399 1492 476 1546 “ex
501 1481 673 1566 Hippolyti
693 1481 776 1545 libro
796 1489 910 1546 eontra
931 1480 1100 1546 Haereses:
1124 1481 1210 1562 λέγει
1230 1485 1263 1545 δὲ
1283 1480 1422 1545 ἄλλοτέ
1441 1505 1509 1543 τινα

397 1592 420 1622 “
434 1587 486 1661 τῆς
500 1585 654 1662 ἀκριβείας
667 1581 842 1662 λειπόμενα,
860 1583 907 1645 καὶ
922 1582 1000 1660 dravi
1020 1582 1093 1662 πρὸς
1106 1579 1268 1661 Ἐβραίους
1289 1580 1434 1659 ἐπιστολὴ
1455 1581 1509 1644 aba

399 1692 419 1720 “
435 1686 501 1747 ἔστι
526 1689 578 1746 τοῦ
600 1685 771 1747 ἀποστόλου
797 1685 932 1747 Παύλου.
977 1683 1067 1747 Dicit
1088 1691 1115 1746 ol
1138 1682 1206 1746 alia
1231 1681 1372 1766 quoedam
1389 1701 1509 1765 purum

399 1794 419 1824 “
434 1794 589 1861 αοουυαία,
604 1793 633 1848 et
646 1783 727 1869 quod
743 1783 869 1870 spatula
888 1783 934 1846 ad
946 1781 1101 1860 Helraeos,
1117 1803 1176 1845 noa
1194 1783 1234 1846 sil
1253 1781 1378 1867 apostoli
1396 1779 1508 1845 Pauli.

399 1895 419 1923 “
435 1886 485 1949 De
501 1885 581 1950 Caio
602 1885 788 1968 presbytero
810 1885 966 1962 Romano,
982 1883 1030 1947 uti
1052 1884 1172 1967 idjam
1194 1881 1373 1947 observavit
1397 1881 1509 1944 Mura-

400 1996 421 2025 “
436 1987 548 2063 torius,
573 1986 732 2049 Eusebius
755 1984 842 2049 Hist.
868 1984 954 2048 Eenl.
974 1984 1027 2048 lib.
1038 1983 1078 2047 vi.
1094 2006 1165 2068 cap.
1178 2003 1229 2050 20.
1253 1982 1375 2067 pariter
1396 1980 1507 2058 refert,

400 2097 422 2126 “
438 2109 511 2151 eum
524 2087 557 2150 in
571 2085 788 2170 disputatione
805 2086 958 2149 adversus
978 2082 1138 2161 Pronlum,
1153 2083 1429 2167 Gataphrygarum
1444 2080 1508 2147 hae·

401 2196 421 2225 “
436 2187 515 2250 rasis
536 2192 816 2270 propugnatorem,
835 2185 978 2249 tredecim
999 2185 1094 2248 solum
1118 2185 1220 2248 divini
1242 2182 1368 2268 apostoli
1389 2202 1509 2245 comme·

399 2297 421 2328 ‘⁴
436 2309 556 2350 υυοναυο
576 2285 725 2370 aptatam
748 2306 819 2349 eam
841 2307 912 2369 quae
933 2282 976 2349 ud
999 2286 1157 2349 Hebraeos
1178 2284 1333 2369 inscripta
1354 2289 1413 2360 est,
1436 2302 1509 2345 oum

401 2387 566 2470 “reliquis
591 2408 655 2449 non
681 2386 907 2449 adnumerans.
951 2386 1036 2466 Quid
1062 2388 1218 2471 Origenes
1244 2386 1285 2449 de
1309 2407 1348 2449 ea
1374 2383 1510 2448 senserit

402 2496 421 2523 ‘⁴
437 2488 508 2550 vide
530 2508 627 2570 supra
650 2488 679 2568 ξ.
692 2486 807 2549 xlviii?
830 2486 899 2569 (ubi
925 2486 967 2549 de
988 2486 1052 2550 ista
1078 2487 1213 2571 epistola
1234 2494 1388 2571 tanquam
1414 2505 1509 2569 opere

402 2583 593 2648 sententiam
613 2583 707 2646 Pauli
726 2583 893 2660 referente,
909 2585 965 2648 sed
987 2585 1029 2648 ab
1047 2574 1158 2669 'aliquo
1173 2585 1326 2670 disoipulo
1346 2586 1415 2668 ejus
1436 2606 1510 2648 oon·

402 2684 531 2768 scripto,
548 2681 700 2746 statuisse
715 2681 894 2766 Origenem,
911 2683 1077 2747 Stosohius
1091 2685 1257 2767 ostendit.)
1294 2693 1315 2723 ‘⁶
1327 2682 1510 2768 Epistulam

404 2793 423 2821 “
439 2806 514 2848 vero
535 2782 660 2860 Jaoobi,
676 2782 764 2868 uiros
782 2782 865 2846 idem
881 2790 1007 2868 tempus
1030 2805 1093 2848 nou
1114 2784 1157 2848 ab
1172 2783 1318 2847 omnibus
1337 2783 1370 2846 in
1389 2803 1509 2847 canone

402 2886 573 2949 “relatam
594 2883 699 2960 luisse,
715 2884 808 2948 testis
829 2891 880 2948 est
902 2885 1059 2949 Eusebius
1082 2884 1171 2949 Hist.
1193 2884 1279 2948 Eael.
1300 2883 1397 2947 libii.
1412 2905 1441 2948 ο.
1457 2902 1508 2968 23.

310 3050 313 3055 .
404 2999 426 3026 ‘⁶
441 2987 474 3049 iu
488 2987 560 3050 line.
597 2987 683 3049 Saos
705 2985 796 3069 pauni
819 2986 992 3049 admodum
1014 3008 1054 3049 ex
1074 2985 1312 3061 vetustioribus,
1332 2995 1396 3048 tarn
1420 2983 1510 3066 bajus

403 3095 425 3125 “
440 3086 580 3171 epistola,
595 3095 657 3148 tam
677 3086 762 3149 illius
775 3086 881 3161 Jadoe,
894 3107 964 3170 qum
982 3096 1010 3150 et
1029 3087 1097 3171 ipsa
1117 3088 1152 3150 ia
1165 3096 1274 3171 septem
1293 3083 1510 3148 catlolieomm

404 3195 425 3225 “
440 3208 562 3250 numero
585 3195 759 3262 reoeruetm,
781 3187 956 3250 mentionem
968 3188 1081 3269 ferora
1126 3187 1176 3250 De
1201 3185 1299 3250 tertia
1321 3194 1429 3248 autem
1450 3184 1510 3247 Je-

405 3295 426 3326 “
440 3288 554 3350 hunnis
575 3293 702 3350 constat
717 3306 788 3350 eam
810 3286 931 3369 pariter
950 3308 971 3350 a
990 3286 1181 3371 quibusdam
1201 3285 1331 3349 dubiam
1352 3284 1508 3349 habitam.

406 3394 425 3424 “
441 3387 536 3451 Certe
552 3386 693 3449 Irenaeus
713 3386 848 3470 primam
868 3392 903 3449 et
922 3387 1093 3450 seeundum
1107 3386 1131 3449 J
1132 3385 1267 3449 ohannis
1281 3385 1362 3449 citat
1371 3408 1381 3460 3
1403 3384 1509 3447 tertia

406 3497 426 3525 “
441 3497 549 3552 autem
570 3488 763 3551 mentionem
782 3510 845 3551 non
867 3487 977 3574 injieit.
1015 3488 1092 3551 Vid.
1115 3488 1301 3552 Lardnerus
1320 3485 1401 3550 Fide
1421 3484 1509 3549 Hm.

406 3598 427 3628 ‘⁶
442 3591 562 3674 Eooay.
587 3588 738 3652 Partll.
759 3589 869 3653 tomi.
887 3611 913 3652 ο.
928 3589 1003 3653 xvii.
1023 3612 1096 3674 pag.
1107 3607 1182 3673 301,
1192 3588 1288 3673 302?
1333 3586 1416 3650 Haeo
1437 3585 1510 3649 Sto-

406 3689 522 3752 sohius.
548 3690 576 3752 1.
602 3689 652 3752 De
677 3689 802 3773 epistola
824 3711 899 3753 vero
924 3690 970 3752 ad
988 3688 1131 3753 Holroeos
1159 3690 1220 3752 hoe
1244 3688 1336 3752 velim
1360 3686 1509 3770 adjieere,

407 3788 565 3852 Barnabae
587 3811 652 3852 non
678 3790 779 3853 Paulo
805 3811 876 3853 eam
901 3789 1108 3873 adscripsisse
1134 3788 1370 3852 Tertullianum
1396 3787 1430 3848 in
1454 3785 1509 3849 lib.

406 3891 456 3954 De
471 3891 645 3968 Pediatia,
661 3913 689 3955 ο.
702 3912 752 3955 20.
769 3892 854 3975 quod
869 3899 903 3955 et
924 3890 1139 3973 Hieronymus
1158 3896 1315 3952 memorat
1330 3888 1370 3950 de
1386 3886 1511 3950 Tertul-

406 3990 491 4053 liano
504 3990 537 4053 in
548 3991 628 4054 libro
641 3991 691 4053 De
706 3993 740 4053 V
739 3992 798 4054 e'm's
805 3991 859 4053 Ill.
872 4011 940 4074 ουρ.
951 4008 983 4074 5.
999 4011 1056 4053 neo
1071 3997 1195 4073 patere,
1209 3988 1241 4050 in
1256 4008 1409 4051 aanonem
1423 3986 1511 4050 Lati·

407 4113 520 4154 norum
535 4098 696 4175 receptum
715 4091 848 4153 eandem
868 4088 965 4153 fuisse
979 4089 1077 4152 etiam
1100 4088 1288 4172 Hieronymi
1303 4087 1509 4171 temporibus.

409 4190 558 4254 Videnda
572 4191 655 4254 enim
669 4189 754 4253 inter
767 4190 846 4253 alios
860 4188 946 4251 looos
960 4189 1061 4273 spur.
1077 4188 1145 4273 ejus
1159 4187 1402 4251 adDardaaum
1414 4209 1445 4270 p.
1457 4191 1510 4271 69.

408 4292 457 4354 ed.
480 4290 640 4354 Frobenii.
687 4290 788 4374 ldque
809 4296 974 4353 narratum
1000 4311 1068 4352 esse
1089 4310 1111 4353 a
1132 4288 1288 4352 nonnullis
1314 4288 1353 4350 de
1379 4285 1511 4350 ecelesia

409 4388 555 4453 Romana
575 4396 673 4453 antea
686 4395 826 4453 testatus
845 4396 916 4453 erat
936 4388 1094 4453 Eusebius
1113 4388 1200 4451 Πίου.
1215 4386 1299 4450 Εοοὶ.
1314 4385 1357 4449 iii.
1373 4405 1404 4470 3.
1448 4386 1510 4449 Aa

409 4495 518 4551 tamen
532 4488 619 4552 haud
634 4496 772 4565 constat,
788 4491 948 4553 Irenaeum
963 4486 1216 4572 Hippolytumve
1229 4484 1415 4569 discipulum
1430 4484 1509 4567 ejus,

408 4609 488 4671 quos
513 4610 609 4671 supra
633 4588 778 4652 nominat
807 4588 981 4664 Stosohius,
1008 4587 1090 4650 hano
1116 4585 1282 4670 epistolam
1311 4606 1329 4649 e
1357 4584 1510 4647 librorum

408 4704 569 4750 sacrorum
592 4709 724 4751 numero
745 4688 884 4771 ejecisse,
907 4686 1024 4771 quippe
1046 4708 1129 4763 eum,
1148 4692 1231 4750 teste
1253 4683 1393 4747 Eusebio
1412 4683 1466 4747 lib.
1481 4704 1509 4746 v.

408 4786 494 4849 Har.
509 4808 579 4871 oap-
593 4789 643 4853 26.
658 4810 699 4852 ex
713 4787 783 4872 ipsa
797 4765 1141 4871 sonantiuslquasdam
1155 4786 1240 4851 idem
1254 4784 1306 4850 ille
1322 4784 1463 4849 Ireuaeus
1476 4781 1515 4860 in,
