3809 5650
559 696 607 757 IN
632 695 921 759 HEGESlPl‘US
946 696 1251 760 FRAGMENTA.
1395 700 1459 768 299

356 864 516 925 limonium
538 864 617 925 lael-i
639 864 711 937 oiri,
726 864 837 947 quippe
859 865 913 946 qui
927 863 961 925 ab
982 866 1165 948 siapularem
1190 867 1402 929 euertissent-iem
1424 890 1461 931 οο

356 966 531 1049 relipiorem
556 965 689 1027 ome-iem
712 987 850 1028 coruensu
867 966 1054 1046 justissimus
1079 965 1252 1041 labebatur,
1275 978 1400 1051 arrepto
1425 990 1461 1031 ee·

356 1077 448 1128 inerte
462 1069 584 1129 rectoria
602 1067 725 1128 licentio
739 1089 806 1129 eum
822 1067 987 1129 trucident.
1036 1069 1153 1151 Quippe
1170 1091 1231 1152 per
1248 1070 1329 1132 ‘idem
1347 1081 1462 1154 tempus

356 1168 520 1230 nimmia
542 1167 657 1230 Judaea
672 1167 761 1228 Festo
783 1165 890 1250 alsqrw
906 1168 966 1230 ullo
981 1170 1120 1252 preside
1135 1191 1172 1231 oc
1192 1170 1374 1232 eruderatum
1387 1192 1461 1253 pro-

357 1270 458 1330 vincio
489 1277 682 1328 renumeret.
739 1271 788 1329 Ac
808 1268 879 1350 jam
907 1269 1028 1351 qni-dem
1056 1271 1194 1352 emerius
1218 1271 1339 1332 modum
1369 1269 1462 1331 codis

355 1369 463 1432 Jueobi
476 1392 512 1430 ac
533 1369 637 1430 elicitis
655 1368 814 1430 Clementis
828 1368 925 1431 cerlis
945 1371 1139 1453 comunimus,
1156 1371 1209 1453 qui
1230 1393 1266 1432 esc
1280 1371 1460 1453 templifus-

355 1470 429 1552 tipio
442 1469 759 1552 ersenpraeespitamm,
775 1479 802 1531 ct
811 1469 944 1552 fullonis
958 1480 1037 1532 vecte
1052 1491 1227 1552 permissum
1243 1470 1392 1532 interi-isse
1405 1481 1461 1533 lea·

356 1581 437 1634 letes
461 1582 512 1633 cst.
557 1571 623 1634 Scri
645 1572 778 1633 ornatum
802 1572 1027 1633 accuratissime
1048 1572 1237 1654 Hepeeippus
1257 1573 1312 1655 qui
1334 1577 1460 1657 Aposto-

356 1672 453 1734 lorum
467 1671 646 1756 immeritus
653 1673 813 1755 praeimus
825 1674 904 1755 fuit,
921 1674 956 1734 iu
970 1674 1074 1757 quieto
1088 1674 1367 1736 contemneremus.
1383 1674 1459 1738 libro

356 1774 393 1836 de
407 1773 518 1837 Jacobs
526 1774 706 1857 permiserit
720 1773 767 1835 liis
781 1772 886 1836 cerlis.
925 1773 1156 1850 ECOLESIA,
1171 1775 1279 1858 inquit,
1298 1778 1353 1838 &a
1371 1778 1427 1838 &a
1459 1818 1461 1822 ,

401 1875 437 1937 P.
453 1879 524 1937 208.
541 1875 561 1935 l.
577 1897 607 1956 9.
630 1877 704 1951 μετὰ
725 1881 783 1936 τῶν
806 1876 997 1959 ἀποστόλων]
1022 1876 1237 1959 Hieronymus
1262 1877 1293 1938 in
1315 1877 1460 1961 catalogo

357 1977 439 2038 hunc
459 1976 561 2037 locum
585 1975 631 2037 ita
646 1975 752 2037 vertit.
800 1977 940 2059 Suscepit
960 1976 1125 2038 Ecclesiam
1147 1976 1376 2059 Hierosolumrr,
1392 1985 1461 2058 post

357 2077 510 2161 Apostolos
524 2079 633 2159 freter
657 2077 787 2138 Domini-
809 2076 948 2139 Jacobs.
995 2077 1096 2146 Quasi
1120 2077 1278 2161 legeretur
1296 2083 1371 2156 μετὰ
1393 2079 1460 2144 τοὺς

357 2178 553 2243 ἀποστόλους.
599 2177 708 2261 Longe
737 2178 854 2240 rectius
883 2178 1084 2241 adversarius
1111 2177 1298 2261 Hieronymi
1326 2177 1461 2243 Rufinus

357 2279 587 2364 interpretatus
616 2288 666 2342 est
695 2301 763 2342 esua
792 2279 954 2362 Apostolis.
1000 2278 1083 2342 Nam
1116 2279 1265 2362 Apostoli
1295 2301 1359 2342 una
1387 2302 1458 2343 cum

356 2381 480 2445 iacebo
518 2380 676 2464 Episcopo
714 2379 1039 2462 Hierosolymitauam
1079 2388 1231 2444 rexerunt
1272 2379 1462 2444 Ecclesiam·

357 2483 462 2562 Quare
477 2503 643 2565 perperam
659 2481 792 2542 Rufinus
807 2480 839 2542 in
854 2502 922 2564 cap.
941 2501 965 2544 1.
982 2480 1076 2564 hujus
1096 2480 1179 2555 libri,
1196 2480 1354 2544 Jacobum
1368 2483 1459 2566 'Apo-

356 2584 510 2645 stolorum
532 2582 722 2665 Episcopum
746 2582 929 2643 nominavit.
970 2580 1071 2663 Atqui
1088 2581 1234 2643 Clemens
1252 2582 1342 2664 cujus
1362 2583 1460 2646 verba

357 2683 418 2745 illie
440 2683 672 2765 interpretatur
693 2683 836 2757 Rufinus,
860 2681 1019 2744 Jacobum
1045 2702 1108 2744 non
1136 2682 1376 2765 Apostolorum,
1403 2684 1458 2745 sed

359 2784 652 2868 Hierosolymorum
667 2784 859 2868 Episcopum
873 2785 993 2847 sactum
1009 2805 1078 2846 esse
1091 2782 1177 2847 dicit.
1210 2786 1312 2848 Porro
1325 2785 1459 2849 Rufinus

357 2885 388 2949 id
415 2886 557 2949 hausisse
584 2885 708 2948 videtur
734 2908 773 2947 ex
797 2884 968 2949 Clementis
994 2883 1286 2969 Recognitiombus,
1310 2907 1389 2968 quas
1411 2885 1459 2947 vel

357 2987 432 3069 ipse,
457 2987 504 3049 vel
522 2986 673 3050 Paulinus
697 2987 813 3050 Latine
829 2986 934 3050 vertit.
981 2986 1064 3050 Nam
1087 2987 1118 3049 in
1141 2987 1194 3050 lib.
1212 2988 1242 3050 ii.
1265 2989 1333 3071 ejus
1354 2987 1459 3071 operis

356 3086 514 3165 Clemens,
528 3089 552 3150 J
554 3088 687 3151 acobum
700 3089 831 3152 imtrem
842 3087 979 3163 Domini,
991 3111 1084 3171 quem
1095 3089 1162 3173 ipse
1176 3089 1458 3173 Archiepiscopum

356 3192 499 3255 nominat
523 3200 556 3254 et
581 3191 754 3276 prinoipem
782 3190 1022 3273 Episooporum‚
1055 3190 1236 3276 Episcopali
1265 3191 1460 3255 auctoritate

357 3292 521 3376 Apostolis
541 3292 687 3355 omnibus
705 3291 941 3376 praecipientem
965 3291 1095 3355 inducit.
1132 3291 1294 3354 Vsuauus.
1342 3293 1459 3356 Narra·

356 3403 446 3457 vemt
460 3409 536 3459 ante
557 3394 713 3458 Eusebius
728 3416 799 3457 cum
821 3392 853 3454 in
876 3392 936 3455 hoo
951 3392 1066 3476 eapite,
1083 3402 1151 3456 tum
1167 3415 1243 3455 vero
1265 3394 1296 3455 in
1315 3394 1465 3457 Olrmico-

355 3517 412 3558 suo
427 3498 468 3558 ad
484 3519 535 3559 an.
549 3496 693 3559 Abrahae
706 3500 799 3575 2048,
812 3492 949 3556 eoelesiae
963 3492 1261 3576 Hierosolymitunae
1276 3494 1458 3578 episcopum

354 3598 396 3660 ab
418 3598 572 3681 apostolis
593 3597 775 3661 ordinatum
797 3594 957 3657 Jacobum
979 3594 1084 3658 inisse.
1131 3595 1175 3657 Et
1195 3596 1297 3679 reperi
1318 3618 1376 3679 ego
1398 3595 1462 3659 leo·

355 3700 473 3761 tionem
490 3703 612 3762 ἐπὶτῶν
633 3699 812 3761 ἀποστόλου
833 3696 864 3759 in
881 3696 988 3759 codice
1005 3703 1131 3758 vetusto
1154 3695 1353 3759 bibliothecae
1377 3698 1460 3759 Bod-

355 3800 465 3861 leienae
480 3821 565 3862 num.
584 3818 651 3877 142.
668 3799 847 3882 designato,
863 3799 896 3859 in
912 3819 975 3880 quo
998 3794 1171 3880 Hegesippi
1194 3796 1283 3859 istaeo
1296 3796 1337 3858 de
1357 3807 1475 3866 morte,

355 3898 471 3961 Jacobi
494 3910 616 3975 extent,
642 3902 709 3974 sed,
726 3899 810 3981 quod
834 3899 968 3972 mireris,
984 3919 1023 3959 ex
1044 3894 1201 3958 Chronica
1225 3895 1372 3958 Historia
1393 3897 1458 3959 Eu-

356 4000 444 4074 sebii,
461 4008 497 4062 ut
513 4021 578 4081 pree
593 4023 627 4061 se
642 4001 704 4062 fert
716 3998 838 4073 titulus,
851 3999 1040 4079 desumpta;
1057 3996 1309 4077 ψευδεπιγράφος
1321 3996 1458 4077 quidem,

355 4100 414 4162 nisi
427 4100 593 4176 Eusebius,
607 4107 643 4161 ut
655 4100 687 4161 in
699 4098 845 4173 historio,
855 4098 903 4161 ita
912 4097 945 4158 in
955 4097 1183 4160 Chronicorum
1196 4097 1300 4179 priore
1313 4096 1394 4159 libro
1405 4099 1461 4161 diu

355 4201 530 4285 deperdito,
548 4223 586 4262 ea
605 4199 801 4263 adduxisset.
847 4200 902 4261 lta
920 4198 995 4260 olim
1013 4197 1133 4281 scripsi,
1151 4204 1247 4280 atque
1263 4198 1304 4260 ab
1324 4220 1362 4260 eo
1374 4200 1460 4263 haud

354 4305 474 4366 sactum
487 4302 562 4364 illud
575 4301 683 4376 luisse,
695 4322 778 4363 nunc
793 4301 919 4363 demum
931 4299 1072 4363 ostendit
1081 4320 1215 4381 magnus
1227 4299 1396 4363 thesaurus
1409 4301 1461 4366 lit·

354 4405 490 4468 terarius
502 4404 675 4467 redivivum
685 4403 753 4486 ejus
764 4402 943 4467 chronicon
952 4402 1060 4486 lingua
1071 4403 1227 4465 Armenia
1235 4403 1459 4486 conscriptum.

355 4506 527 4590 Perperam
543 4510 623 4586 παρὰ
639 4512 697 4567 τῶν
711 4491 900 4580 ἀποστόλων,
916 4525 975 4589 pro
990 4525 1064 4568 vera
1079 4504 1214 4568 lectione
1229 4509 1314 4583 μετὰ,
1332 4506 1461 4569 eruceri

354 4609 448 4671 toas.
465 4608 506 4670 ad
521 4629 610 4670 oram
625 4606 670 4670 cd.
691 4609 799 4669 Getes.
816 4605 939 4691 positae.
987 4606 1098 4670 Habet
1114 4606 1270 4690 Georgius
1286 4606 1459 4691 syncellus,

355 4709 407 4791 qui
422 4712 510 4788 ῥῆσιν
530 4708 638 4792 posuit
659 4708 692 4770 in
710 4707 961 4792 Obrosoyraplia
973 4729 1033 4771 sua
1046 4729 1118 4792 pag.
1132 4725 1206 4793 337.
1228 4710 1303 4790 μετὸ
1325 4708 1379 4785 τὴν
1402 4715 1463 4771 τῶν
