3809 5650
395 685 459 747 258
777 686 1135 751 ANNOTATIONES

398 855 459 917 κατ’
483 855 574 918 αὐτὸν
597 855 742 936 αἱρέσεων
764 858 816 920 ads
837 856 932 937 δρχδς
952 857 1134 919 ὑποτίθεται.
1179 853 1225 919 Et
1243 857 1277 919 in
1296 856 1349 919 lib.
1368 855 1409 917 iv.
1425 875 1452 918 c.
1469 873 1498 934 7.

399 953 439 1017 uc
459 954 570 1017 ciuem
590 953 808 1018 haeresiarchis
828 954 874 1017 ia
895 955 1016 1030 acuit,
1036 955 1065 1019 a
1085 959 1134 1019 ..r
1153 963 1205 1019 ..a
1225 961 1368 1036 natam,
1386 945 1445 1038 οὔχ
1463 956 1501 1022 ας

401 1059 514 1123 ἐκεῖνος
529 1059 668 1137 κρύβδην,
682 1054 750 1118 ἀλλ’
766 1056 820 1134 ἤδη
836 1057 886 1119 καὶ
901 1059 942 1122 εἰς
955 1057 1153 1137 perspicacis
1166 1061 1293 1139 μαγείας
1307 1059 1501 1139 παραδιδόναι

399 1156 512 1235 ἠξίουν.
558 1156 718 1239 Quidquid
734 1177 808 1219 vero
828 1156 1021 1221 contradicit
1042 1157 1247 1222 Firmilianus
1260 1158 1294 1221 in
1309 1158 1446 1243 epistola
1459 1157 1500 1222 ad

400 1260 434 1323 S.
456 1260 659 1342 cyprianum,
684 1269 795 1321 notum
818 1268 878 1332 est,
900 1258 1024 1342 aliquot
1048 1259 1196 1333 hareses,
1217 1280 1336 1343 easque
1359 1259 1500 1323 etiams

399 1360 617 1423 communione
640 1358 779 1422 eoclesiae
806 1357 1027 1432 desciscentes,
1048 1365 1124 1420 ante
1153 1367 1298 1422 mortuos
1327 1356 1499 1441 apostolos,

399 1469 487 1524 certe
506 1470 582 1524 ante
596 1460 616 1523 J
619 1481 753 1523 oannem
773 1458 954 1541 apostolum
973 1459 1042 1521 lato
1062 1457 1206 1521 functum
1223 1458 1380 1522 extitisse.
1426 1456 1500 1520 Vid.

405 1583 414 1624 ι
431 1562 524 1625 Joaa.
536 1561 568 1625 ii.
584 1582 633 1643 19.
649 1569 682 1624 et
698 1562 731 1623 S.
743 1560 840 1622 Jcaae
852 1558 957 1642 Epist.
970 1580 1083 1622 comm.
1102 1579 1148 1642 ¹9·
1166 1560 1237 1623 Vid.
1249 1559 1347 1623 etiam
1359 1563 1456 1644 Apoc.
1466 1559 1500 1622 ii.

399 1685 512 1726 comm.
529 1669 559 1739 ό,
575 1670 609 1726 et
628 1683 677 1746 15.
695 1660 909 1745 quamtumvis
922 1661 963 1723 ad
981 1659 1212 1723 Nicolaitarum
1225 1668 1347 1724 sectam
1363 1683 1381 1723 e
1396 1680 1501 1723 rorum

399 1774 516 1829 natura
534 1765 709 1828 tollendam
723 1762 782 1825 viri
797 1760 914 1824 eruditi
930 1760 1142 1825 incubuerint.
1188 1761 1346 1825 Nimirum
1366 1762 1427 1825 hoc
1447 1783 1499 1826 ne·

398 1865 498 1949 gabat
522 1863 735 1938 Firmilianus,
754 1860 955 1925 adversarios
976 1862 1117 1925 refutare
1137 1883 1317 1946 aggressus,
1338 1864 1404 1947 qui·
1416 1863 1500 1927 affir-

399 1967 532 2028 mabant
557 1962 719 2047 apostolos
744 1961 943 2044 prohibuisse
968 1983 1034 2038 eos,
1058 1961 1112 2045 qui
1137 1963 1179 2025 ab
1206 1963 1319 2026 haeresi
1346 1964 1502 2040 venerint,

398 2065 598 2150 rebaptizari.
645 2063 707 2125 Sed
721 2063 819 2125 etiam
835 2062 1021 2146 Cyprianus,
1038 2063 1180 2146 ejusdem
1194 2063 1316 2128 consilii
1330 2065 1501 2150 particeps,

399 2168 439 2229 de
460 2164 644 2250 apostolicis
665 2172 775 2226 tamen
797 2163 996 2247 temporibus
1017 2164 1078 2227 hoc
1100 2172 1226 2228 tantum
1245 2165 1333 2241 dicit,
1348 2187 1417 2229 eam
1431 2186 1501 2229 aaa·

398 2267 472 2329 dum
485 2264 632 2327 caraios
645 2273 741 2347 possa
755 2264 888 2327 mara
900 2265 1124 2349 prorupissent,
1140 2272 1174 2329 et
1188 2266 1333 2350 proxime
1352 2275 1429 2351 post
1444 2266 1500 2343 ait,

398 2367 520 2430 barecae
533 2375 646 2428 emutat
652 2364 840 2448 postmodun
847 2365 955 2449 pluras
968 2387 1006 2429 aa
1012 2366 1132 2450 pay‘cras
1145 2367 1296 2430 astitisse·
1305 2367 1412 2451 Epist.
1432 2386 1500 2450 174

399 2469 458 2531 sub
473 2467 543 2530 init.
588 2466 819 2531 convenienter
833 2466 1050 2530 Tertullianus
1064 2467 1097 2530 in
1111 2468 1193 2530 libro
1202 2469 1251 2530 Da
1263 2469 1503 2554 Prasmptiote

398 2569 515 2632 aaa.
527 2588 597 2652 cap.
617 2587 670 2652 34.
684 2584 803 2651 genera
822 2568 1042 2631 doctrinarum
1061 2568 1325 2645 adulterinarum,
1347 2590 1420 2654 quae
1443 2571 1502 2634 sub

398 2668 553 2755 apostolis
574 2667 702 2744 suerint,
717 2668 759 2730 ab
782 2667 859 2751 ipsis
877 2668 1033 2751 apostolis
1053 2689 1112 2732 nos
1133 2669 1255 2733 discere
1272 2670 1503 2744 scabit-addit

398 2793 473 2836 vcro
495 2777 618 2856 postea,
633 2778 660 2834 at
681 2778 782 2834 samaa
802 2769 921 2833 callam
942 2771 1113 2835 iacaaimae
1133 2772 1351 2836 icatitsaiaaam
1370 2774 1453 2838 ictor
1463 2781 1503 2839 tot

398 2873 589 2937 dicaatatas
596 2872 835 2956 patareitatma
849 2871 966 2956 pracda
980 2872 1044 2934 Deo
1064 2882 1199 2936 caetera
1211 2873 1423 2937 waioariorum
1437 2895 1503 2939 aas·

397 2974 575 3038 troversiam
596 2974 729 3037 macerit.
774 2974 872 3036 Nemo
888 2972 1019 3035 alteram
1034 2974 1137 3035 Deam
1157 2994 1250 3037 accus
1265 2983 1307 3037 aa
1326 2976 1500 3059 suspica&

390 3077 525 3158 sedilias
541 3076 578 3139 de
599 3076 687 3139 Filio
705 3096 797 3159 quam
821 3074 859 3137 da
880 3074 980 3137 Patre
1001 3072 1199 3138 sacischam
1210 3100 1225 3149 ;
1248 3080 1341 3139 accae
1359 3078 1504 3144 Marcios

402 3181 458 3241 dre.

444 3278 509 3340 Adi
525 3286 558 3340 et
574 3276 805 3359 Hieronymum
820 3274 883 3337 line
896 3274 969 3336 libri
981 3274 1053 3337 ada.
1065 3276 1280 3358 sessoriano
1291 3278 1332 3341 de
1343 3278 1503 3364 baptismo

400 3378 551 3441 haeretico
566 3378 785 3452 disserentem,
803 3376 856 3458 qui
874 3376 960 3439 inter
974 3375 1038 3438 alia
1057 3377 1209 3450 ostendit,
1224 3378 1380 3461 apostolis
1398 3381 1503 3446 adhue

400 3477 635 3562 superstitibus,
661 3477 761 3539 adbuc
788 3476 876 3560 apud
897 3476 1043 3539 chccm
1066 3477 1185 3541 Christi
1208 3481 1357 3564 saapaiaa
1380 3483 1502 3561 mali,

394 3580 584 3663 phantasma
596 3577 726 3641 Domini
740 3597 847 3661 corpses
861 3587 1007 3641 warum
1017 3578 1138 3660 filista·
1162 3587 1197 3643 et
1214 3579 1258 3642 ibi
1275 3580 1406 3666 insuper
1418 3582 1503 3647 idem

400 3681 449 3742 vir
473 3686 603 3744 sanctus
633 3676 806 3741 Basilidem
835 3686 934 3761 atque
964 3678 1192 3761 Carpocratem
1221 3680 1307 3744 inter
1334 3681 1504 3748 haereticbs

399 3779 583 3865 apostolicae
605 3778 714 3842 aetatis
737 3778 921 3853 nominavit,
942 3777 995 3861 qui
1018 3785 1126 3841 tamen
1150 3779 1258 3864 potius
1280 3803 1352 3845 cum
1375 3792 1505 3868 aposto-

400 3884 503 3947 lorum
523 3880 694 3965 discipulis,
710 3901 805 3963 quam
830 3901 901 3943 cum
925 3878 1080 3963 apostolis
1103 3878 1180 3963 ipsis
1202 3888 1334 3945 aetatem
1357 3892 1502 3967 egerunt

401 3986 540 4068 Tempus
555 4004 629 4045 vero
646 3981 756 4066 primae
776 3981 982 4044 successionis
1000 3980 1218 4064 apostolorum
1232 3982 1409 4066 apostolica
1421 3993 1504 4049 aetss

401 4085 561 4148 interdum
583 4084 744 4167 appellata
766 4082 863 4145 luisse
887 4080 1022 4143 ridetur.
1077 4080 1141 4143 Sed
1167 4088 1281 4145 eontra
1305 4104 1401 4166 quam
1427 4084 1505 4150 l'ecit

402 4186 626 4267 Hieronymus,
645 4182 769 4266 longius
791 4202 886 4265 quam
908 4187 1047 4264 oportet,
1067 4202 1088 4243 a
1109 4182 1307 4265 temporibus
1320 4185 1506 4267 apostolicis

400 4287 483 4350 huno
502 4284 683 4358 llasilidem,
699 4282 782 4346 sicut
797 4280 1018 4356 Valentinum,
1033 4280 1147 4344 saltem
1164 4283 1262 4346 verbo
1282 4290 1377 4347 tonus
1396 4285 1505 4368 posuit

399 4387 539 4471 optimus
559 4383 610 4446 ille
632 4382 836 4445 Firmilianus
855 4382 889 4443 in
909 4380 1046 4465 epistola
1066 4403 1146 4454 suam
1172 4384 1235 4446 aaa
1252 4394 1279 4447 at
1304 4385 1461 4449 Valentini
1476 4397 1504 4451 a

399 4484 561 4555 Basilidis,
578 4482 680 4565 iuquit
701 4481 762 4558 illc,
783 4491 896 4566 tempas
917 4482 1113 4565 maaisaetcaa
1134 4491 1188 4558 ast,
1205 4484 1286 4565 qaod
1305 4493 1334 4547 at
1354 4486 1418 4567 apsi
1432 4496 1505 4570 post

399 4584 555 4669 apostolas,
576 4591 603 4644 a
624 4588 698 4665 post
719 4581 846 4666 longam
867 4588 1000 4646 oetatem
1021 4582 1166 4646 adversas
1188 4582 1340 4647 caiatiam
1360 4585 1425 4649 Dei
1444 4607 1504 4651 sao-

398 4685 502 4750 arasa
515 4681 679 4747 mendaciis
691 4682 755 4746 sais
769 4682 984 4747 mmmm.
1009 4705 1036 4747 e.
1052 4704 1083 4763 4.
1099 4705 1129 4767 p.
1154 4703 1224 4764 144.
1240 4685 1291 4747 ed.
1312 4684 1420 4749 Buluz.
1440 4688 1502 4773 Op.
