3809 5650
638 697 684 761 ΙΝ
711 696 958 762 HEGESIPPI
985 694 1285 761 FRAGMENTA.
1439 697 1516 761 257

403 863 546 930 eeclesia,
558 884 601 926 an
617 864 656 926 de
671 863 739 929 sola
755 862 1133 947 Hierosolymitsnaipsa
1147 860 1393 944 illa·Hogeeippi
1403 858 1510 936 verba,

403 962 479 1049 quae
493 964 525 1026 in
539 964 684 1049 proxime
703 971 856 1048 sequente
869 965 1156 1045 &assalieruntua
1172 961 1413 1046 interpretanda
1432 961 1509 1036 sint,

405 1063 492 1128 inter
510 1066 654 1131 eruditos
671 1087 736 1130 non
755 1066 911 1131 convenit.
957 1065 1125 1129 Pertinere
1145 1086 1184 1128 ea
1201 1064 1246 1127 ad
1264 1063 1443 1139 universam
1460 1083 1509 1128 eo·

401 1165 534 1235 elesiam
560 1166 662 1250 magis
687 1190 749 1252 ego
774 1167 953 1252 putaverim
971 1175 1115 1250 propter
1138 1165 1238 1229 uerba
1261 1163 1440 1248 sequentia,
1463 1163 1511 1229 ita

405 1274 515 1331 tamen
526 1275 561 1330 ut
576 1267 806 1351 Hierosolyma
821 1268 918 1342 illam,
929 1290 985 1331 seu
996 1267 1214 1342 Palaestinam,
1223 1274 1338 1330 auetor
1351 1265 1510 1350 praeipuo

405 1368 610 1451 spectaverit,
632 1368 834 1453 eui-quidem
856 1369 996 1434 eoelesioe
1018 1392 1052 1433 se
1073 1369 1443 1454 opponebanthaeretioi
1465 1369 1509 1433 ibi

406 1468 495 1552 prius
521 1469 770 1534 commemorati.
814 1471 890 1534 Alia
918 1471 1198 1535 antemsexoritur
1219 1471 1271 1534 hio
1296 1470 1442 1555 queastio,
1469 1471 1510 1534 de

406 1570 521 1654 quibus
543 1570 741 1655 temporibus
761 1570 887 1634 loeutus
908 1571 1006 1635 fuerit
1018 1572 1239 1657 -Hegesippus,
1258 1593 1330 1636 oum
1344 1572 1408 1648 ait,
1428 1572 1510 1636 The-

405 1670 516 1735 hutem
539 1672 699 1755 quendam
721 1672 1013 1736 eedesiamadhue
1033 1695 1147 1757 puram
1163 1673 1258 1745 novis
1272 1673 1422 1757 vanisque
1443 1673 1510 1758 opi-

404 1771 556 1835 nionibus
570 1770 685 1835 vitiare
699 1794 768 1835 esse
782 1794 978 1856 eggressum.
1009 1774 1063 1836 Ad
1076 1773 1208 1858 Trajani
1222 1773 1349 1858 quidem
1363 1781 1511 1858 tempora

406 1871 541 1937 mortuis
555 1873 624 1955 jam
638 1872 800 1956 apostolis
812 1873 875 1936 hoo
889 1873 1001 1937 retulit
1017 1872 1188 1950 Eusebius,
1201 1895 1335 1958 quoeum
1350 1875 1510 1939 eonsentit

402 1974 561 2051 ¹Valesius,
575 1974 692 2058 aliique
707 1975 765 2038 viri
785 1975 914 2051 eruditi,
926 1975 983 2059 qui
1005 1976 1038 2038 in
1062 1974 1244 2060 Hegesippi·
1254 1975 1324 2040 looo
1336 1997 1417 2039 oum
1430 1976 1511 2040 veri-

404 2081 474 2141 tate
502 2074 700 2139 conciliando
722 2075 854 2160 ingenia
879 2083 1054 2139 torserunt.
1108 2079 1158 2139 At
1183 2098 1257 2139 vero
1283 2076 1310 2140 si
1333 2075 1509 2155 Simonem,

406 2174 581 2252 cleobium,
607 2175 759 2260 aliosque,
785 2177 870 2240 inter
898 2176 1067 2245 haeretieos
1093 2176 1192 2240 fuisse
1220 2176 1378 2241 rennuerit
1404 2176 1511 2262 Hege-
1609 2232 1617 2271 Ι.

406 2276 525 2360 uippus,
541 2276 595 2359 qui
613 2276 772 2345 unitatem
791 2277 932 2341 eeclesia
951 2277 1154 2353 christinam,
1168 2277 1404 2355 nondumne,
1418 2279 1511 2342 disei-

401 2376 524 2452 .deriut‚
544 2385 643 2441 eerto
657 2378 778 2441 eortius
799 2387 859 2453 ost,
875 2400 958 2454 eum.
972 2378 1138 2453 statuisse;
1152 2377 1344 2459 Thebutem,
1362 2378 1428 2462 qni.
1440 2378 1511 2463 ipse

398 2475 600 2560 Hegesippo.
613 2490 766 2542 nements
786 2478 907 2563 primus
921 2478 1076 2562 iuneperit
1090 2478 1255 2542 ecelesiam
1270 2489 1344 2562 post
1358 2489 1511 2564 negatum

404 2577 467 2641 sibi
482 2577 708 2661 -episeupsturu
729 2600 943 2662 eorrumpere,
954 2579 1013 2642 sliu
1027 2586 1112 2642 ante
1130 2578 1275 2662 Trajani·
1288 2579 1455 2662 imperium
1475 2581 1511 2644 id

401 2676 539 2750 lanians.
553 2679 740 2763 patravisse,
763 2680 913 2762 quoniam
935 2680 1092 2754 Simonis,
1105 2679 1198 2762 primi
1222 2679 1511 2746 omnisabarct-

398 2800 516 2843 oerum
538 2780 633 2865 vulgo
648 2780 746 2857 uicti,
766 2780 1258 2866 caeterorumque-signiferorum
1283 2781 1511 2866 antiquitatem

401 2880 496 2951 idem
508 2881 713 2967 Hegesippus
729 2882 852 2946 nesoire
869 2904 932 2944 non
958 2881 1073 2965 potuit.
1120 2880 1272 2944 Forsitan
1294 2902 1371 2964 ergo
1391 2882 1511 2947 rectius

403 2982 557 3056 dieemus,
581 2982 664 3046 hune
687 2983 867 3046 Thebntem
887 2983 1010 3046 statim,
1023 2991 1103 3065 post.
1118 2982 1306 3065 martyrium
1327 2982 1456 3059 Jaoobi,
1478 2991 1512 3048 et

401 3082 597 3167 ·,Symeonem
616 3084 654 3146 in
676 3083 880 3167 ejusloeum
907 3082 1086 3157 suffeotum,
1112 3089 1244 3165 propter
1262 3092 1422 3167 negatum
1449 3084 1511 3148 sibi

408 3184 618 3268 episcopatus,
639 3184 727 3247 urbis
749 3185 885 3248 fortusse
909 3183 1149 3266 Hierosolymis,
1168 3183 1320 3247 honorem
1342 3206 1393 3248 res
1415 3208 1513 3250 novas

401 3284 553 3354 ‚molitum
564 3307 648 3361 esse,
661 3286 739 3349 dum
755 3284 913 3348 Eusebius
929 3283 1163 3367 aliiquerminns
1176 3291 1385 3361 monetent
1399 3295 1513 3352 eontra

411 3385 586 3469 Hegesippi
616 3393 757 3449 mentem
785 3385 910 3470 opinor,
940 3391 1099 3460 statuunt,
1128 3384 1311 3449 illectum
1339 3409 1408 3451 esse
1436 3396 1511 3472 post

409 3485 796 3570 &moenis-martyrium,
811 3506 883 3549 eum
898 3485 1057 3568 Trajanue
1070 3494 1228 3569 regnaret.
1274 3488 1385 3573 Atque
1398 3496 1512 3574 postea

407 3585 472 3658 eidi
495 3585 534 3652 el.
555 3585 759 3651 Baraterium
786 3585 975 3669 Hegesippi.
990 3586 1080 3651 istaee
1102 3586 1189 3652 haud
1204 3588 1336 3653 ,diverse
1355 3589 1511 3675 interpre-

402 3692 533 3760 tantem
559 3707 656 3771 quam
677 3708 738 3771 ego
762 3687 802 3749 de
822 3686 1027 3772 temporibus
1044 3687 1210 3771 Symeouis
1230 3690 1272 3752 ad
1293 3690 1511 3775 episcopatum

407 3785 591 3861 eleeti,·non
613 3786 802 3870 martyrium
818 3787 967 3870 possint
982 3809 1150 3870 perperam
1164 3789 1357 3854 intellexisse
1369 3814 1411 3857 ee
1424 3792 1511 3856 Dod-

409 3886 533 3952 wellum
546 3887 603 3950 ait.
639 3886 734 3952 ¹Vide
749 3887 892 3970 nuqua·
905 3886 1044 3952 Clrouol.
1060 3887 1129 3970 ejus
1143 3910 1217 3968 ax.
1228 3888 1292 3951 sub
1306 3890 1359 3952 fin.

430 3986 527 4060 .S,eio
552 3987 711 4070 equidem,
735 3987 976 4062 Tertullianum,
1002 3986 1512 4075 Firmiliauum,1iliosque,;apo-

404 4088 500 4162 stolis
521 4088 713 4172 posteriores
734 4089 902 4152 haeretieos
924 4086 1139 4162 eonstituere3
1162 4088 1194 4151 hi
1214 4096 1323 4162 autem
1342 4091 1511 4174 seriptores

400 4210 519 4261 ¹omnes
538 4189 583 4252 itu
602 4188 836 4273 interpretandi
851 4211 920 4253 esse
938 4186 1097 4263 videntur,
1112 4187 1203 4270 quasi
1224 4187 1354 4272 Trajaui
1374 4189 1429 4254 illa
1442 4191 1512 4257 Ha·

399 4288 575 4371 ¹‹li-ianique
598 4300 754 4372 ¹tempora
784 4288 1090 4362 haeresiarcharum,
1108 4287 1260 4352 midaeius
1289 4310 1386 4371 quam
1413 4300 1512 4357 antea

401 4388 793 4471 ,agentiumlerueissima
807 4389 946 4461 fuerint;
967 4409 1079 4452 eornm
1094 4388 1318 4471 magistrorum
1335 4392 1512 4472 praesertim

409 4489 567 4564 secunda,
593 4511 729 4572 quorum
758 4498 855 4552 sectae
885 4499 997 4572 postea
1026 4509 1144 4571 paoem.
1165 4488 1305 4553 eoelesiae
1335 4490 1512 4558 viventibus

407 4589 520 4653 iisdem
543 4588 763 4673 seripmribus,
781 4589 979 4653 Tertulliano
998 4588 1147 4672 aliisque,
1163 4588 1295 4652 turbare
1314 4590 1421 4655 adhue
1442 4615 1512 4677 per·

404 4689 575 4764 ,stiterunt
622 4690 678 4760 lta
694 4688 855 4767 Eusebius
869 4690 912 4757 ¹de
930 4687 1221 4773 Hegesippoinlra
1241 4689 1301 4754 hoe
1321 4693 1512 4776 pontiurbn

454 4812 523 4853 von.
540 4812 559 4853 r,
963 4790 1006 4853 nl
