3809 5650
424 1001 485 1096 B.
540 1004 955 1104 DIONYSIUS
997 1004 1477 1108 CORINTHIUS.

820 1304 1087 1346 ...ο-..-

536 1513 573 1582 S.
593 1513 855 1595 Hrnnouruus,
872 1510 950 1583 Lib.
968 1511 1026 1584 Dc
1051 1511 1147 1583 Viris
1159 1509 1371 1591 Illustribua

760 1659 836 1728 cap.
854 1637 964 1705 xxvii.
982 1658 1061 1729 pag.
1080 1640 1138 1714 97.

403 1784 713 1896 Dronusrus
727 1825 991 1896 Corinthiorum
1003 1825 1164 1897 eclesiae
1181 1825 1375 1918 episcopus,
1389 1833 1499 1895 tanta

400 1948 614 2041 eloquentiae
632 1955 669 2017 et
686 1948 865 2019 industriae
882 1948 962 2031 fuit,
975 1959 1017 2019 ut
1030 1971 1101 2018 non
1119 1948 1233 2019 solum
1250 1971 1325 2018 suae
1343 1948 1498 2019 civitatis

400 2082 438 2143 et
463 2072 650 2165 provinciae
675 2072 835 2165 populos,
858 2072 920 2142 sed
943 2081 982 2142 et
1005 2072 1154 2143 aliarum
1177 2073 1315 2143 urbium
1341 2083 1379 2143 et
1400 2084 1499 2166 apro-

400 2196 606 2278 vinciarum,
640 2196 797 2289 epistolis
831 2196 998 2267 erudiret.
1062 2195 1094 2266 E
1121 2196 1249 2289 quibus
1278 2204 1333 2268 est
1356 2220 1428 2268 una
1453 2196 1499 2269 ad

401 2317 710 2400 Lacedaemoni0s3
735 2317 806 2388 alia
827 2318 871 2388 ad
897 2316 1159 2403 Athenienses;
1184 2318 1292 2389 tertia
1315 2316 1361 2389 ad
1388 2318 1500 2391 Nico-

399 2443 604 2524 medenses;
629 2450 755 2534 quarta
782 2440 827 2510 ad
853 2441 1062 2526 Cretensem
1088 2442 1213 2534 quinta
1237 2442 1282 2513 ad
1313 2442 1498 2515 ecclesiam

399 2562 674 2647 Amastrianam,
691 2572 729 2633 et
746 2563 790 2633 ad
814 2560 966 2655 reliquas
983 2560 1090 2633 Ponti
1117 2563 1304 2648 ecclesiss;
1331 2573 1433 2635 serta
1453 2562 1498 2635 ad

398 2685 618 2767 Cnossianos,
636 2692 674 2755 et
698 2686 743 2755 ad
769 2684 937 2778 Pinytum
963 2684 1122 2778 ejusdem
1148 2685 1244 2755 urbis
1270 2686 1498 2781 episcopum3

399 2810 550 2904 septima
576 2808 620 2879 ad
652 2807 831 2878 Romanos
858 2832 967 2901 quam
994 2809 1133 2902 scripsit
1159 2808 1204 2880 ad
1235 2808 1398 2881 Soterem
1425 2812 1498 2904 epi-

398 2956 543 3026 scopum
557 2955 700 3016 eorum3
718 2942 843 3003 octava
855 2935 900 3004 ad
914 2934 1197 3028 Chrysophoram
1210 2944 1369 3005 sanctam
1384 2936 1498 3006 foemi·

397 3079 490 3126 narn.
543 3056 679 3126 Claruit
708 3057 774 3127 sub
804 3057 920 3150 Impp.
953 3058 1007 3128 M.
1034 3057 1220 3130 Antonino
1246 3059 1355 3141 Vero,
1383 3070 1421 3131 et
1452 3059 1493 3131 L.

327 3274 333 3285 Ι
398 3180 547 3251 Aurelio
565 3180 761 3251 Commodo
771 3177 797 3250 b.
1465 3177 1468 3184 ’

437 3437 453 3469 ⁸
472 3425 660 3485 Auctoritate
673 3426 761 3485 nixus
775 3426 866 3485 MSS.
882 3426 1035 3505 Graecique
1049 3427 1217 3506 interpretis
1231 3426 1388 3506 Sophronii
1410 3437 1499 3506 atque

396 3530 518 3590 Eusebii
540 3551 640 3589 vocem
655 3531 799 3610 episcopor
817 3541 884 3610 post
902 3531 1118 3609 provinciarum
1134 3532 1233 3592 omisit
1247 3532 1407 3592 vallarsius
1423 3535 1496 3593 Hie.

395 3656 508 3715 ronym.
521 3634 616 3694 editor
626 3634 819 3706 novissimum
835 3635 914 3714 quod
925 3646 955 3694 et
967 3648 1034 3695 ante
1045 3636 1210 3696 faciendum
1221 3638 1305 3696 nobis
1314 3649 1497 3716 persuaserat

396 3742 469 3799 Em.
491 3740 523 3799 S.
545 3739 725 3820 cyprianum
747 3740 835 3799 immo
856 3749 887 3799 et
908 3760 1008 3798 vocem
1029 3739 1113 3798 istam
1136 3740 1167 3797 in
1188 3739 1317 3800 editione
1338 3761 1390 3799 sua
1408 3742 1497 3819 hujus

395 3844 528 3924 opusculi
542 3865 618 3903 anno
635 3845 711 3920 1580
726 3844 905 3923 proeterierst
917 3843 1065 3902 Suffridus
1080 3843 1196 3902 Petrus.
1225 3842 1321 3901 Addit
1336 3844 1495 3903 Vallarsius

395 3959 415 3982 ⁴⁴
430 3948 496 4007 Nec
506 3968 605 4008 revera
619 3947 748 4028 epistole
761 3947 924 4028 (Dionysii)
935 3965 1064 4006 seorsum
1079 3946 1116 4004 ad
1129 3947 1280 4025 episcopos
1290 3946 1404 4025 scriptae
1415 3957 1494 4015 sunt,

394 4055 444 4114 sed
459 4054 604 4134 pleraeque
618 4054 654 4112 sd
668 4053 828 4113 ecclesias.''

433 4156 655 4226 ”Commodus
677 4157 727 4235 qui
749 4157 825 4236 patri
846 4155 1001 4214 Antonino
1022 4164 1199 4215 successerat
1219 4175 1267 4214 an.
1291 4155 1400 4214 Christi
1425 4156 1492 4215 180.

393 4263 481 4342 periit
499 4283 577 4322 anno
602 4280 668 4340 193.
709 4261 768 4320 Sed
788 4281 909 4340 regnare
930 4261 1020 4340 coepit
1041 4279 1106 4318 cum
1128 4268 1211 4337 patre
1232 4278 1278 4318 an.
1302 4258 1367 4333 176,
1384 4259 1491 4338 quibus

392 4366 572 4447 temporibus
590 4365 747 4445 Dionysius
768 4364 907 4443 martyrio
927 4373 1082 4423 coronatus
1102 4361 1193 4420 fuisse
1206 4360 1333 4432 videtur,
1347 4363 1404 4422 nisi
1425 4385 1492 4425 cum

390 4472 504 4532 latinis
517 4472 589 4532 velis
603 4490 670 4530 eum
685 4469 897 4529 confessoribus
908 4478 1022 4527 tautum
1037 4466 1208 4544 adjungere·
