3809 5650
480 677 545 737 344
678 665 688 683 ⁸
856 670 1212 738 ANNOTATIONES

481 849 613 935 ligneus,
630 850 733 934 quinis
748 850 821 913 hinc
841 857 875 913 et
895 850 969 913 indo
989 848 1195 912 foraminibus
1217 853 1305 910 certo
1325 846 1458 910 invicem
1478 847 1586 931 spatio

481 952 589 1015 divisis
604 958 784 1016 excavatus.
797 952 830 1014 in
840 952 907 1015 hmo
919 950 1075 1015 foramina
1085 959 1240 1034 tanquam
1252 948 1285 1011 in
1298 971 1407 1012 ocreas
1419 950 1585 1033 quasdam,

481 1054 578 1139 pedes
593 1054 813 1117 inserebantur
831 1053 1008 1131 noxiorum,
1025 1061 1058 1117 et
1077 1053 1207 1117 vinculis
1229 1074 1285 1115 seu
1306 1053 1411 1115 nervis
1430 1054 1586 1136 astringe-

482 1157 610 1231 bantur,
626 1164 662 1220 ut
682 1179 722 1220 ex
738 1157 889 1220 Aratoris
905 1155 1047 1219 versibus
1071 1155 1239 1240 colligitur,
1255 1176 1333 1238 quos
1359 1176 1455 1238 supra
1477 1154 1587 1217 retuli-

482 1281 552 1322 mus
567 1259 598 1321 in
614 1258 874 1322 annotationibus
889 1259 931 1322 ad
946 1259 1061 1321 librum
1077 1257 1118 1322 iv.
1165 1256 1210 1320 Et
1226 1257 1360 1319 Rufinus
1374 1257 1501 1341 quidem
1516 1256 1586 1320 haeo

481 1360 637 1423 foramina
651 1360 743 1444 vulgo
759 1372 880 1443 puncta
893 1359 1055 1444 appellata
1068 1381 1137 1423 esse
1152 1367 1301 1435 testatur,
1318 1360 1402 1443 quod
1417 1359 1587 1423 confirmat

482 1462 569 1526 locus
590 1483 629 1525 ex
650 1461 794 1546 passione
815 1460 989 1545 Chrysanti
1012 1470 1045 1526 et
1061 1461 1181 1537 Dariae,
1198 1483 1292 1546 quem
1314 1461 1430 1523 ibidem
1453 1461 1585 1524 adduxi.

483 1563 547 1627 Sed
562 1563 646 1646 quod
662 1562 796 1625 Rufinus
809 1563 980 1646 septimum
996 1570 1149 1648 punctum
1164 1563 1257 1639 dixit,
1272 1562 1324 1626 vix
1340 1563 1489 1626 credibile
1507 1564 1585 1627 mihi

482 1665 615 1728 videtur.
660 1664 755 1729 Oerte
771 1664 927 1727 Eusebius
941 1664 1002 1728 hoc
1017 1664 1086 1727 loeo
1102 1664 1247 1748 quintum
1263 1665 1422 1729 duntaxat
1442 1666 1587 1729 foramen

482 1767 582 1831 dixit:
606 1775 639 1831 et
653 1766 723 1830 aliis
738 1766 769 1829 in
782 1766 858 1830 locis
873 1767 958 1830 hunc
972 1788 1138 1830 numerum
1153 1767 1343 1829 foraminum
1359 1789 1520 1852 nunquam
1534 1790 1587 1831 su-

482 1890 664 1954 pergressus
678 1875 738 1932 est.
784 1868 834 1931 De
849 1868 899 1931 his
913 1868 1039 1953 punctis
1054 1867 1277 1953 intelligendus
1292 1876 1341 1932 est
1354 1868 1440 1932 locus
1452 1869 1485 1931 in
1501 1870 1586 1933 actis

482 1971 603 2035 Graecis
623 1971 783 2033 Paratianis
808 1969 941 2034 Taracdi
956 1968 1055 2033 Probi
1077 1977 1111 2034 et
1130 1970 1314 2034 Andronici.
1360 1971 1497 2051 Μάξιμος
1518 1975 1588 2054 ἡγε·

481 2075 545 2152 μὼν
568 2072 642 2136 εἶπε·
665 2073 815 2150 βαλόντες
838 2072 915 2156 αὐτῷ
938 2074 1055 2152 σίδηρα,
1072 2075 1114 2138 εἰς
1136 2073 1270 2151 τέσσαρα
1293 2072 1457 2152 κεντήματα
1479 2075 1587 2137 διατεί-

484 2199 566 2248 aare,
582 2174 667 2257 quod
689 2179 780 2237 vetus
803 2173 959 2257 interpres
981 2174 1116 2257 pessime
1139 2174 1244 2251 vertit,
1261 2173 1321 2237 hoe
1343 2174 1448 2251 modo,
1465 2176 1588 2239 Mittite

482 2274 664 2357 illiserram
673 2296 734 2358 per
746 2284 876 2359 quatuor
890 2274 954 2338 ἱοοα
969 2298 1140 2354 nemorum,
1155 2286 1181 2339 d
1195 2276 1383 2361 consriayita.
1403 2277 1565 2340 Vsaasrus.

527 2378 564 2438 P.
579 2394 654 2461 305.
671 2377 691 2439 l.
708 2394 756 2440 12.
773 2378 963 2441 ἐπιδεικνύων
978 2377 1032 2455 τὴν
1047 2379 1135 2441 αὐτοῦ
1151 2380 1255 2461 δόξαν]
1275 2380 1340 2442 Pro
1352 2378 1401 2442 his
1418 2379 1586 2464 Cdsfsfopfl.

483 2479 565 2540 ἂλλᾶ
589 2479 637 2540 καὶ
659 2483 710 2540 τοῦ
733 2482 815 2542 Θεοῦ
838 2480 966 2542 ἐνταῦθα
989 2481 1226 2546 ἑπιδεικνυόντας
1250 2480 1305 2558 τὴν
1329 2479 1430 2558 δόξαν.
1453 2482 1587 2545 Sruorrr.

484 2581 567 2643 Mox
582 2582 716 2658 ἔπιζῆσαι
730 2602 788 2664 pro
804 2580 936 2658 ἔτιζῆσαι
950 2581 1035 2644 codd.
1045 2582 1081 2644 F
1079 2582 1230 2646 brendini.

528 2680 611 2744 Ibid.
638 2679 658 2742 l.
683 2697 732 2760 17.
756 2684 810 2741 τοῦ
836 2679 956 2763 Κυρίου]
983 2685 1035 2743 τοῦ
1058 2680 1150 2745 abest
1174 2681 1216 2745 ab
1240 2683 1285 2746 ed.
1314 2684 1415 2768 Stcpd.
1454 2684 1588 2750 Smoru.

486 2783 599 2848 Addas
612 2783 686 2846 MS.
703 2781 795 2845 Bodf.
833 2781 926 2845 Nunc
947 2782 1046 2847 refert
1071 2781 1242 2861 Burtonus‚
1267 2757 1326 2869 qui
1341 2786 1511 2850 articulum
1532 2788 1587 2852 de·

483 2884 570 2961 levit,
585 2883 646 2969 legi
662 2904 734 2946 eum
750 2888 877 2946 tantum
892 2882 925 2945 in
940 2883 1025 2946 codd.
1041 2884 1146 2949 Veneto
1160 2907 1198 2949 ao
1215 2888 1377 2952 Porisiais.

528 2988 567 3049 P.
582 2987 657 3069 306.
673 2984 695 3047 l.
706 2987 736 3047 6.
752 2988 802 3061 τῆς
818 2984 942 3068 ἡλικίας]
959 2986 1013 3063 τὴν
1027 2987 1146 3064 ἡλικίαν
1160 3010 1225 3050 non
1239 2990 1322 3053 male
1335 2992 1410 3054 MS.
1425 2992 1520 3073 Norfi

528 3087 613 3150 Ibid.
636 3085 656 3148 l.
674 3089 703 3149 ό.
735 3090 783 3149 διὰ
809 3087 862 3164 τὴν
888 3086 1095 3176 προκςιμένην]
1124 3091 1197 3154 Ηοο
1223 3090 1293 3156 loco
1318 3093 1415 3156 verba
1440 3093 1589 3155 videntur

484 3213 553 3254 osse
568 3189 772 3273 transposita.
818 3188 870 3253 Sic
886 3190 985 3275 igitur
998 3192 1165 3272 legendum
1179 3203 1258 3278 puto
1273 3200 1321 3259 διὰ
1339 3196 1393 3275 τὴν
1415 3195 1589 3277 ἐγκειμένου

486 3291 654 3370 σωματικὴν
669 3290 839 3354 ἀσθένειαν.
884 3291 929 3355 Et
949 3293 1043 3376 paulo
1062 3301 1135 3377 post
1150 3296 1204 3358 ubi
1220 3296 1337 3381 legitur
1351 3302 1399 3361 διὰ
1419 3298 1472 3375 τὴν
1494 3300 1589 3377 ἐγκει-

485 3395 578 3473 μένηυ
598 3398 648 3471 τῆς
668 3396 827 3472 μαρτυρίας
847 3396 1013 3473 ἐπιθυμίαν,
1030 3396 1133 3460 scribo
1154 3398 1360 3478 προκειμένην.
1407 3398 1508 3461 Porro
1528 3398 1589 3461 hoa

486 3493 617 3557 Pothini
633 3493 820 3576 martyrium
839 3494 1071 3578 elegantissime
1092 3498 1242 3562 describit
1264 3498 1438 3562 Eucherius
1457 3498 1589 3583 Lugdu·

486 3594 591 3657 nensis
615 3595 830 3680 episcopusin
852 3618 995 3660 sermone
1016 3598 1056 3661 de
1076 3598 1109 3662 S.
1122 3599 1289 3663 Blandina.
1335 3601 1490 3664 Praestitit
1512 3601 1590 3663 fater

486 3696 678 3759 ladodiciae
695 3698 901 3781 provideat-ia,
928 3708 962 3761 ut
986 3700 1021 3763 ia
1047 3702 1141 3764 tantia
1160 3702 1278 3785 ραινίαν
1301 3703 1470 3783 οαονίρῖοἱιν,
1497 3703 1590 3766 etiam

486 3798 634 3881 Poatifha
658 3821 717 3861 ιιοιι
742 3800 854 3863 demeat.
900 3802 1041 3885 Rapitur
1064 3803 1109 3866 ad
1129 3804 1258 3887 impiam
1283 3804 1471 3887 plateaticum
1492 3825 1589 3888 praa·

486 3902 589 3964 doecas
602 3912 630 3965 et
643 3901 752 3985 phuae
766 3903 886 3966 dieram
901 3903 941 3967 B.
956 3913 1048 3987 pater
1068 3914 1169 3968 noster
1183 3905 1344 3979 Pothinus,
1360 3905 1488 3968 ecelesia
1501 3906 1591 3988 Ιιιιρὶιο

486 4004 617 4080 datiam,
634 4014 660 4066 et
667 4026 728 4088 pro
742 4006 922 4069 eruditionis
936 4015 971 4069 at
985 4007 1133 4070 erudimus
1147 4008 1262 4082 merito,
1276 4007 1361 4091 ρνορὶ
1376 4028 1428 4070 sato
1434 4007 1589 4092 jaapitar.

487 4105 533 4167 Ac
557 4116 625 4189 post
653 4108 812 4171 Dominici
841 4109 974 4192 corporis
1001 4109 1195 4191 aamflcimn,
1216 4109 1362 4193 profanis
1389 4107 1592 4174 tribunalibus

487 4227 594 4268 accam
617 4206 653 4269 de
673 4228 703 4269 aa
724 4207 851 4270 hostiam
870 4208 990 4272 Christo
1010 4208 1164 4272 oblaturas
1183 4211 1326 4292 infhrtar.
1371 4209 1484 4273 &nitu
1505 4211 1591 4293 infir·

487 4308 578 4370 saitae
591 4330 651 4392 per
665 4308 798 4391 injurios
816 4318 845 4372 et
858 4310 1033 4392 afflictiones
1045 4311 1221 4394 furentium
1235 4313 1443 4375 ministrarum
1460 4313 1507 4376 ita
1521 4312 1592 4377 cde

487 4430 549 4471 rem
568 4410 693 4473 conitar
707 4412 831 4487 auitam,
846 4421 880 4474 at
894 4412 1070 4498 iateldiperes
1083 4415 1128 4477 ad
1141 4424 1254 4499 ίοιυριιο
1274 4415 1356 4478 illud
1367 4414 1424 4478 soli
1440 4416 1591 4498 martyrio

487 4521 680 4576 recor-cctam.
705 4512 868 4575 annsrus.
928 4513 999 4578 Jac.
1025 4516 1200 4580 Gronovius
1230 4518 1262 4579 in
1294 4516 1397 4581 Lcctt.
1423 4517 1531 4580 Variis
1557 4523 1592 4580 ot

489 4612 770 4678 Adnotatiunculis
785 4617 827 4679 ad
848 4616 1023 4680 Eusebium
1039 4618 1125 4682 Hist.
1143 4618 1228 4682 Eacl.
1246 4641 1316 4702 quae
1335 4641 1375 4682 ex
1398 4618 1592 4682 bibliotheca
1631 4613 1638 4626 '

489 4712 697 4779 'l'ewaterana
726 4716 757 4779 in
790 4717 892 4781 uiuam
923 4719 1129 4796 transierunt,
1160 4721 1233 4786 huic
1268 4721 1337 4785 loco
1372 4719 1588 4804 reponendum
