3809 5650
827 691 1011 757 MELlTO.
1405 692 1468 757 123

365 855 701 960 πάσχεινΧριστοῦ·
716 859 879 938 ἀλλὰκαὶ
889 862 909 938 ὁ
919 858 1029 943 τύπος
1041 869 1104 939 τοῦ
1113 860 1468 964 Χριστοῦγενόμενος

366 990 540 1096 ἔκπληξιν
552 994 610 1071 καὶ
625 990 744 1097 φόβον
754 1000 923 1097 παρεῖχεν
934 1000 1009 1076 τοῖς
1018 996 1229 1096 ἀνθρώποις.
1244 994 1289 1094 ἦν
1300 994 1372 1097 γὰρ
1386 993 1469 1075 θεά-

365 1132 505 1205 σασθαι
517 1126 716 1229 Ιμυστήριον
730 1126 860 1224 καινὸν,
875 1128 950 1207 υίὸν
969 1129 1144 1230 ἀγόμενον
1163 1128 1232 1210 ὑπὸ
1250 1140 1315 1211 τοῦ
1331 1128 1467 1233 πατρὸς

365 1261 417 1338 ἐπ’
431 1258 512 1362 ὅρος
530 1268 579 1344 εἷς
596 1262 759 1367 σφαγὴν,
773 1262 836 1343 Ι’δν
853 1265 1085 1361 συμποδίσας
1097 1264 1221 1364 ἔθηκεν
1239 1268 1295 1346 ἐπὶ
1309 1264 1355 1345 τὰ
1370 1265 1467 1371 ξύλα
1570 1359 1572 1363 y

338 1400 429 1497 5τῆς
453 1398 682 1499 καρποίσεως,
706 1397 898 1500 ἑτοιμάζων
923 1398 1014 1498 μετὰ
1039 1404 1202 1496 σπουδῆς
1224 1398 1269 1477 τὰ
1294 1398 1386 1503 πρὸς
1403 1397 1469 1498 τὴν

366 1526 518 1635 σφαγὴν
536 1533 654 1613 αὐτοῦ.
683 1535 703 1610 ὁ
722 1530 760 1611 δὲ
778 1531 906 1611 Ἰσαὰκ
925 1539 1017 1638 σιγᾷ
1033 1533 1273 1631 πεπεδημένος
1292 1537 1341 1616 ὡς
1359 1529 1468 1636 κριὸς,

367 1666 432 1742 οὐκ
450 1666 604 1766 ἀνοίγων
622 1664 664 1745 τὸ
682 1666 814 1765 στόμα,
828 1666 907 1745 οὐδὲ
924 1664 1171 1770 φθεγγόμενος
1190 1672 1308 1772 φωνῇ.
1338 1665 1468 1769 τὸγὰρ

367 1798 474 1904 ξίφος
492 1801 534 1878 οὐ
549 1805 730 1905 φοβηθεὶς,
743 1800 822 1880 οὐδὲ
840 1800 882 1879 τὸ
906 1809 979 1902 πῦρ
997 1805 1174 1899 πτοηθείς,
1188 1800 1268 1881 οὐδὲ
1286 1800 1328 1880 τὸ
1341 1807 1469 1882 παθεῖν

367 1937 547 2031 λιπςηθεὶς,
566 1933 771 2028 ἐβάστασεν
794 1943 974 2038 καρτερῶν
1000 1935 1064 2015 τὸν
1093 1935 1206 2015 τύπον
1227 1944 1292 2014 τοῦ
1319 1936 1465 2037 Κυρίου.

323 2064 440 2145 ιοἯν
464 2068 526 2146 οὖν
549 2070 586 2146 ἐν
610 2069 711 2174 με’σῳ
735 2070 963 2171 προκείμενος
981 2069 1108 2149 Ἰσαὰκ
1134 2070 1395 2168 πεποδισμένος
1419 2074 1468 2154 ὡς

368 2200 475 2302 κριὸς,
508 2207 565 2279 καὶ
586 2200 757 2302 Ἀβραὰμ
786 2201 976 2304 παρεστὼς
1005 2208 1065 2283 καὶ
1091 2211 1232 2307 κρατῶν
1259 2204 1397 2307 γυμνὸν
1426 2204 1469 2284 τὸ

368 2335 484 2442 ξίφος,
518 2338 581 2416 οὐκ
614 2336 817 2429 αἰδούμενος
853 2345 1030 2442 φονεῦσαι
1058 2338 1122 2418 τὸν
1154 2335 1229 2416 υἱὸν
1262 2339 1381 2416 αὐτοῦ.
1429 2354 1465 2412 ln

369 2471 488 2529 Schedia
503 2472 603 2529 Grabii
622 2472 798 2539 Bodleianis,
813 2494 850 2530 ex
865 2474 976 2532 Catena
991 2473 1020 2529 in
1037 2472 1166 2530 Genesin
1183 2472 1248 2528 MS.
1264 2483 1424 2550 sumptum.

368 2649 415 2706 tis.
461 2647 602 2707 Attamen
637 2658 668 2707 et
702 2659 792 2727 typus
825 2649 888 2727 lpse
947 2646 1081 2726 aperiens
1108 2665 1141 2703 os
1169 2664 1265 2709 suum,
1287 2663 1341 2702 nec
1369 2658 1469 2703 vocem

323 2727 477 2795 lsclnisti
506 2739 653 2807 stuporem
687 2741 717 2786 et
748 2740 887 2786 terrorem
947 2727 1095 2786 emittens.
1144 2723 1283 2781 Gladium
1300 2724 1377 2781 enim
1393 2723 1472 2783 haud

367 2809 660 2867 creavitlrominlbus.
681 2809 797 2866 Novum
811 2810 887 2867 enim
947 2808 1063 2872 timens,
1093 2822 1187 2881 neque
1216 2805 1313 2881 ignem
1338 2804 1469 2873 horrens,

368 2891 536 2965 mysterium
567 2902 723 2968 xspectare
773 2888 887 2952 licebat.
948 2908 1001 2945 nec
1034 2886 1142 2944 doloris
1177 2885 1332 2962 impatiens
1366 2895 1470 2962 typum

369 2968 459 3025 filium
489 2990 505 3026 a
530 2967 615 3047 'patre
650 2989 704 3028 sno
734 2970 771 3027 ad
806 2990 889 3025 mon.
949 2965 1068 3024 Domini
1085 2965 1202 3023 fortiter
1215 2963 1314 3041 gessit.
1359 2963 1394 3019 In
1408 2983 1470 3021 me-

368 3059 426 3106 tem
463 3049 594 3113 ductum,
631 3061 664 3108 ut
698 3050 888 3117 occideretur,
948 3046 997 3104 dio
1029 3066 1098 3124 ergo
1127 3045 1294 3122 propositus
1324 3055 1369 3101 est
1390 3043 1472 3102 Isaac

321 3140 464 3204 20quem,
486 3140 638 3207 postquam
667 3148 735 3187 eum
755 3128 887 3204 colligas·
948 3127 1024 3184 sicut
1058 3125 1132 3183 aries
1159 3124 1276 3201 ligatus,
1305 3123 1473 3180 Abrahamo

368 3219 421 3273 set,
457 3229 544 3287 super
578 3209 690 3286 lignum
728 3208 889 3267 holocausti
948 3206 1091 3271 adstante,
1131 3203 1301 3279 nudumque
1341 3201 1471 3279 gladium

369 3289 476 3365 posuit,
511 3290 598 3347 rebus
632 3289 668 3346 ad
711 3289 888 3346 occasionem
948 3306 1035 3344 manu
1071 3296 1200 3349 tenente,
1232 3282 1309 3340 baud
1344 3282 1471 3340 reverita

369 3369 583 3444 pertinentibus
595 3370 711 3447 paratis.
748 3369 828 3426 issac
838 3387 889 3426 au·
948 3365 1040 3424 filium
1056 3364 1201 3423 trucidare
1215 3383 1311 3421 suum.

368 3457 427 3506 tem
441 3448 533 3517 siluit,
550 3450 664 3507 vinctus
682 3461 716 3508 ut
736 3450 810 3507 aries
831 3468 890 3505 non

731 3635 1099 3700 4..

830 3859 875 3923 ΙΙ.
891 3867 925 3923 et
941 3857 1007 3921 ΙΙΙ.

422 4003 431 4026 t
503 4001 513 4029 λ
559 4001 567 4025 ἱ
650 3997 660 4025 λ
762 4006 777 4021 Α
894 3997 903 4024 Ι
978 3995 986 4017 9
1029 3989 1039 4014 Ι
1166 3987 1177 4011 λ
1248 3994 1255 4016 t
1418 3983 1430 4011 λ

320 4056 357 4115 25
434 4007 536 4102 Υπερ
571 4005 687 4078 Ισαακ
715 4032 778 4076 του
807 4000 943 4075 δικαιου
969 3998 1083 4097 εφανη
1106 4022 1203 4090 κριος
1227 4021 1276 4069 εις
1300 3993 1472 4090 σφαγην,

367 4137 425 4214 ἵνα
448 4138 593 4233 δεσμῶν
610 4129 739 4211 Ἰσαὰκ
764 4129 869 4229 λύθη.
907 4130 1035 4208 ἐκεῖνος
1057 4127 1214 4229 σφαγεὶς
1239 4120 1477 4224 ε’λυτρῶσατο

705 4344 863 4419 interprete
878 4341 964 4397 Petro
980 4333 1136 4392 Ηαὶίοὶαὶο.

410 4475 467 4532 l’ro
497 4474 577 4531 Isaac
598 4473 680 4548 justo
704 4471 839 4549 apparuit
860 4489 891 4526 a.
948 4462 1072 4522 vinculis
1086 4459 1293 4520 exsolveretur.
1327 4458 1474 4517 lllcmac·

367 4557 424 4613 ries
459 4557 489 4612 in
525 4553 707 4616 occisionem,
742 4561 776 4608 ut
811 4550 892 4607 Isaac
947 4557 1027 4604 tatus
1063 4541 1186 4601 redemit
1226 4542 1332 4599 Isaac:
1368 4539 1410 4596 ita
1445 4547 1476 4596 et

837 4725 849 4757 ὓ
865 4727 929 4775 (len.
940 4723 999 4773 xxii.
1012 4737 1036 4785 9.
