3809 5650
656 1092 706 1185 S.
734 1089 1264 1186 APOLLINARIS.

753 1378 1141 1418 *-

521 1592 558 1663 S.
576 1593 840 1675 Hmnonruus,
859 1589 942 1662 Lib.
955 1590 1011 1662 De
1034 1589 1128 1661 Viris
1145 1588 1355 1665 Illustribzo.

788 1737 863 1805 cap.
881 1715 978 1783 xxvi.
996 1736 1030 1804 p.
1049 1711 1108 1790 96.

398 1843 779 1958 APOLLINARIS,
820 1875 917 1946 Asiae
961 1875 1251 1966 Hierapolitanus
1292 1874 1497 1965 Episcopus,

398 1999 466 2068 sub
492 1997 714 2090 Imperatore
738 2004 788 2068 M.
806 1999 993 2069 Antonino
1018 1997 1118 2067 Vero
1143 1997 1273 2079 lloruit,
1304 1999 1361 2067 cui
1379 2005 1417 2067 et
1445 1999 1499 2065 in-

399 2120 499 2211 signe
515 2118 682 2188 volumeu
702 2142 766 2210 pro
792 2118 862 2188 fide
889 2118 1171 2188 Christianorum
1196 2118 1307 2188 dedit.
1360 2117 1499 2187 Extant

399 2240 475 2331 ejus
496 2251 534 2310 et
555 2241 614 2311 alii
633 2242 788 2333 quinque
806 2241 991 2311 adversum
1010 2240 1147 2311 Gentes
1163 2240 1255 2318 libri,
1277 2248 1315 2309 et
1332 2240 1377 2309 de
1394 2239 1500 2309 Veri-

399 2370 475 2431 tate
514 2362 595 2445 duo,
625 2371 686 2431 ¹¹et
722 2363 908 2433 adversum
935 2363 1187 2456 Cataphrygas,
1223 2373 1310 2433 tuno
1344 2363 1498 2454 primum

399 2493 554 2569 exortos,
580 2508 662 2555 cum
689 2485 850 2555 Priscilla
882 2495 920 2555 ot
956 2485 1160 2556 Maximilla
1188 2486 1319 2556 insanis
1349 2485 1500 2567 vatibus,

399 2606 592 2698 incipiente
611 2608 799 2678 Montano.

444 2802 587 2863 ⁸Omisit
616 2803 817 2883 Hieronymus
842 2813 1017 2862 memoratos
1045 2801 1175 2861 Eusebio
1202 2802 1291 2860 libros
1318 2800 1500 2878 Apollinaris

400 2909 474 2967 duos
491 2912 558 2981 πρὸς
575 2909 724 2965 Ἰουδαίους.
748 2908 828 2978 (Lib.
845 2909 884 2965 iv.
899 2928 961 2986 cap.
977 2907 1041 2980 27.)
1085 2907 1145 2965 Sed
1156 2907 1228 2965 ethi
1239 2915 1381 2965 etcoetera
1392 2906 1501 2983 scripta

400 3011 580 3090 Apollinaris
600 3010 687 3069 hodie
708 3010 918 3069 desiderantur.
941 3010 1127 3068 Fennrcrus.
1169 3010 1281 3069 Abesse
1302 3018 1401 3067 autem
1415 3007 1499 3074 illud,

401 3122 469 3176 dnos
493 3117 578 3174 libros
603 3120 747 3174 αάυενειιηι
771 3118 892 3182 Judaeos,
915 3138 931 3175 a
956 3116 1040 3174 codd.
1069 3114 1219 3173 nonnullis
1245 3114 1337 3192 ipsius
1365 3112 1498 3179 Eusebii,

401 3220 577 3279 monendum
594 3231 649 3278 est.
694 3218 811 3277 interea
832 3218 1005 3297 particulam
1029 3227 1056 3275 et
1075 3228 1142 3277 ante
1157 3237 1242 3276 voces
1256 3219 1399 3273 odoerm
1415 3215 1500 3272 cata.

397 3323 522 3398 phrygas
535 3322 718 3380 omittentem
729 3320 918 3388 Vallarsium,
931 3320 1063 3398 Operum
1079 3320 1111 3377 S.
1124 3320 1299 3398 Hieronymi
1310 3318 1500 3378 novissimum

401 3424 552 3492 editorem,
577 3423 709 3483 refellere
736 3424 852 3482 videtur
879 3425 942 3502 ipse
973 3424 1081 3483 ibidem
1103 3425 1261 3493 Eusebius,
1289 3424 1341 3500 qui
1369 3424 1501 3500 proxime

401 3539 467 3606 poet
492 3527 602 3593 scribit,
633 3530 682 3583 Kal
702 3528 719 3582 d
745 3531 810 3598 μετὰ
831 3533 913 3583 ταῦτα
933 3531 1086 3602 συνέγραψα
1103 3533 1167 3585 κατὰ
1190 3533 1236 3599 τῆς
1257 3533 1366 3601 Φρυγῶν
1379 3529 1502 3600 alpinam

401 3632 455 3688 κατ’
482 3635 513 3687 οὐ
545 3634 631 3687 πολὺν
659 3631 886 3702 καινοτομηθιίσης
917 3636 1022 3705 χρόνον.
1078 3632 1224 3691 Caeterum
1256 3631 1293 3689 de
1321 3628 1502 3707 Apollinaris

401 3734 503 3792 mortis
526 3734 614 3792 modo
636 3737 682 3793 vel
705 3746 836 3813 tempore
860 3735 901 3793 nil
922 3735 1043 3812 liquere,
1066 3734 1107 3791 ait
1128 3734 1245 3792 Gavius.
1288 3732 1354 3790 Nec
1374 3741 1501 3808 tempus,

401 3854 497 3913 neque
526 3836 607 3913 regio
636 3836 726 3901 Asin,
756 3837 878 3896 fortasse
906 3837 1042 3897 convenit
1079 3857 1146 3895 oum
1174 3835 1291 3893 homine
1318 3832 1500 3909 cognomine,

401 3958 487 4015 quem
510 3939 652 4016 optimum
674 3958 776 4016 papam
798 3951 882 3999 vocat
896 3940 1039 4017 Origenes
1060 3938 1117 3996 line
1128 3940 1261 4012 Epistolae
1275 3939 1312 3992 ad
1325 3936 1500 4009 Africanam.

402 4039 607 4099 Beatisaimum
623 4040 751 4119 appellat
769 4041 1025 4121 Hierapolitsnum
1045 4040 1212 4117 episcopum
1226 4037 1329 4096 iisdem
1344 4037 1405 4095 fere
1425 4045 1501 4093 tem.

400 4143 521 4221 poribus
542 4142 674 4221 Serapio,
692 4143 896 4204 Antiochenus
915 4145 1076 4223 episcopus,
1098 4153 1128 4200 et
1152 4142 1214 4220 ipse
1239 4159 1355 4216 qnoque
1369 4149 1501 4198 veterum

401 4245 538 4323 opinione
560 4258 688 4305 unctum.
730 4247 807 4305 Vide
828 4247 905 4305 infra
920 4246 1089 4325 Serapionis
1109 4245 1320 4311 testimonium,
1333 4263 1387 4301 neo
1409 4264 1501 4321 queu-

399 4366 488 4423 qnam
511 4347 606 4425 fugiat
625 4350 750 4408 maxima
771 4349 858 4408 laude
874 4370 941 4409 eum
970 4359 1105 4408 ornatum
1120 4368 1182 4408 esse
1208 4349 1244 4407 ab
1264 4347 1404 4417 Eusebio,
1421 4348 1501 4407 Pho-

399 4453 511 4529 tioque.
543 4451 714 4522 Quinetiam
724 4452 911 4511 Theodoreto
926 4452 1109 4531 Apollinaris
1132 4463 1176 4512 est
1190 4455 1254 4527 ἀνὴρ
1277 4455 1434 4526 declamans,
1459 4457 1501 4510 ml

399 4557 466 4626 πρὸς
485 4561 518 4622 τῇ
536 4558 632 4628 priam
653 4561 705 4611 τῶν
723 4557 798 4612 θείων
818 4559 860 4612 ml
873 4558 921 4626 τὴν
934 4560 1029 4629 ἔξωθεν
1042 4558 1160 4614 notorior
1177 4560 1373 4630 προσιιληφός.
1395 4559 1502 4616 Haerel.

401 4659 468 4717 Feb.
485 4659 631 4733 compend.
645 4660 689 4718 iii.
707 4679 734 4718 a.
