3809 5650
530 686 578 752 IN
602 682 866 750 FRAGMENT.
890 678 1075 745 INGERTI
1099 671 1369 742 SCRIPTORIS.
1433 672 1497 733 433

398 861 421 890 “
437 852 565 925 bitatio,
581 873 645 936 qua
659 849 784 914 ratione
798 847 846 911 vir
863 846 915 910 ille
935 847 968 909 in
988 845 1130 908 favorem
1145 840 1330 917 Marcionis,
1346 837 1496 924 quemad-

398 961 422 991 “
438 955 566 1017 modum
579 951 747 1025 Arsinous,
756 972 794 1013 ac
807 947 1008 1022 Valentinus,
1017 945 1133 1008 librum
1147 943 1374 1028 psalmodicam
1388 939 1496 1005 condi·

400 1061 420 1089 ‘⁸
435 1053 539 1117 derit!
584 1052 750 1116 Miltiades
773 1049 894 1133 utique,
909 1047 974 1111 sive
990 1045 1205 1121 Alcibiades,''
1222 1054 1309 1126 (nam
1327 1044 1376 1106 ita
1395 1042 1500 1126 legeu-

400 1154 478 1217 dum
491 1153 706 1237 opinabantur
720 1152 853 1234 Longus
867 1150 908 1212 ad
921 1148 1147 1232 Nicephorum,
1157 1145 1367 1229 Valesiusque
1381 1143 1423 1207 ad
1435 1142 1500 1204 Eu-

401 1255 536 1332 sebium)
552 1252 736 1317 “Montani
751 1257 846 1315 sectae
860 1250 1052 1326 adhaeserat,
1065 1269 1158 1332 quem
1173 1247 1342 1311 haereticus
1356 1243 1501 1308 Marcion

403 1364 423 1392 “
437 1355 663 1441 quadraginta,
678 1352 738 1416 nisi
754 1351 986 1436 quinquaginta
1004 1349 1110 1425 annis,
1125 1355 1276 1433 computo
1295 1346 1404 1410 aetatis
1422 1366 1501 1428 prae·

402 1465 426 1498 “
440 1459 536 1522 venit.
582 1455 675 1537 Quid,
691 1456 830 1539 inquam,
846 1453 898 1516 ille
917 1452 960 1516 ad
980 1451 1210 1536 promovendos
1230 1449 1296 1513 sive
1314 1447 1501 1522 Marcionis,

404 1566 424 1596 “
436 1559 501 1623 sive
512 1559 581 1642 ejus
592 1563 786 1620 sectatorum
798 1575 931 1630 errores,
941 1553 1128 1637 quibuscum
1139 1550 1378 1615 Montanisticae
1390 1546 1503 1612 haeresi

405 1667 426 1695 “
437 1666 495 1723 aut
510 1658 605 1733 nulla,
615 1662 674 1720 aut
688 1677 778 1740 paene
789 1654 875 1718 nulla
887 1674 991 1717 causae
1006 1653 1184 1716 communio
1199 1652 1431 1727 intercesserat,
1447 1672 1501 1712 ne-

405 1768 425 1796 “
436 1759 596 1844 gotiorum
607 1756 818 1841 susciperet?n
862 1754 1008 1838 Denique
1021 1754 1106 1837 quod
1117 1754 1237 1817 attinet
1247 1754 1290 1816 ad
1304 1752 1381 1815 illud
1396 1752 1428 1814 iu
1444 1750 1504 1813 hoe

405 1861 585 1945 fragmento
600 1863 785 1942 portentum
799 1854 971 1918 Basilidem
985 1855 1175 1916 Asianorum
1192 1853 1420 1938 europamque
1438 1873 1505 1914 cca·

404 1963 579 2036 ditatorem,
595 1959 621 2022 si
644 1960 740 2022 modo
763 1958 811 2020 ita
824 1957 922 2020 verba
945 1955 1129 2041 refingenda
1151 1956 1226 2032 sint,
1243 1956 1314 2039 quis
1333 1953 1505 2018 Basilidem

406 2060 670 2136 Alexandrinum,
695 2059 850 2122 celebrem
875 2057 963 2120 illum
988 2056 1118 2121 haeresis
1142 2055 1306 2121 Gnosticae
1331 2056 1504 2129 doctorem,

407 2161 646 2247 cataphrygum
668 2181 724 2224 seu
746 2158 1030 2234 Montanistarum,
1046 2165 1142 2223 seotae
1161 2158 1335 2223 notissima.
1355 2164 1388 2221 et
1407 2162 1506 2219 aetate

407 2261 602 2348 posterioris,
617 2266 772 2324 statorem
794 2259 890 2323 luisse
909 2259 959 2323 vel
980 2259 1190 2337 conditorem,
1204 2282 1344 2344 unquam
1365 2257 1508 2322 audivit?

408 2364 503 2427 Adde
518 2362 603 2446 quod
613 2361 667 2425 vix
681 2360 778 2424 ullam
793 2360 1031 2425 similitudinem
1040 2369 1099 2425 aut
1110 2362 1332 2447 cognationem
1346 2360 1509 2424 habebant

410 2462 620 2527 Montanistae
641 2483 713 2525 cum
736 2461 907 2534 Gnosticis,
924 2461 972 2524 vel
996 2461 1207 2537 Marcionitis,
1229 2483 1363 2545 quorum
1381 2461 1508 2544 quidem

409 2565 546 2628 haereses
568 2570 620 2626 tot
640 2561 730 2625 libris
749 2561 926 2624 confutavit
948 2560 1100 2624 Montani
1121 2562 1267 2625 defensor
1284 2562 1508 2625 Tertullianus.

411 2663 582 2750 Epiphanii
605 2661 733 2745 quidem
754 2661 842 2724 locus
864 2668 924 2737 est,
948 2661 988 2724 de
1011 2683 1074 2743 quo
1092 2682 1189 2743 supra
1208 2662 1329 2745 egimus
1348 2661 1390 2724 ad
1406 2661 1507 2723 Emer.

411 2763 510 2827 Luco.
542 2786 578 2825 nr
604 2761 724 2825 Vmuu.
750 2783 782 2846 p.
798 2762 871 2847 368.
903 2760 936 2823 in
966 2782 1029 2844 quo
1062 2761 1105 2825 ab
1140 2760 1253 2823 haeresi
1283 2761 1510 2825 Gnosticorum

410 2865 533 2950 petitur
547 2864 635 2948 origo
649 2861 851 2926 abstinentia²
867 2862 1119 2937 Montanisticae‚
1134 2863 1189 2925 sed
1205 2883 1312 2925 errore
1331 2862 1405 2925 veri.
1451 2862 1512 2925 llla

411 2974 519 3029 autem
538 2963 683 3048 epistola,
699 2964 818 3047 scripta
837 2964 913 3027 dum
931 2963 1071 3027 motibus
1094 2963 1155 3026 illis
1177 2963 1356 3047 agitaretur
1369 2963 1510 3039 ecclesia,

412 3064 611 3128 Alcibiadem
626 3065 784 3146 quendam
799 3062 909 3137 refert,
925 3084 998 3125 cum
1013 3063 1080 3125 solo
1093 3084 1176 3146 pane
1191 3071 1225 3125 et
1238 3084 1324 3145 aqua
1337 3063 1421 3125 vesci
1439 3084 1512 3124 con·

412 3172 584 3237 suesceret,
605 3162 730 3224 coelitus
750 3161 950 3224 admonitum
972 3162 1079 3236 fuisse,
1096 3185 1130 3226 se
1151 3162 1255 3224 minus
1276 3170 1363 3225 recte
1385 3170 1418 3225 et
1440 3184 1512 3226 cum

413 3262 562 3326 scandalo
575 3283 680 3343 agere,
695 3267 757 3326 τοῖς
771 3266 824 3322 τοῦ
845 3266 927 3324 Θεοῦ
941 3261 982 3339 μὴ
993 3263 1157 3343 χρώμενον.
1202 3263 1259 3325 Ad
1271 3263 1339 3326 haec
1355 3262 1512 3346 Hierony-

413 3385 484 3425 mus
507 3363 540 3424 in
562 3362 632 3423 loco
654 3383 675 3424 a
699 3360 829 3424 Valesio
857 3362 900 3424 ad
926 3364 1103 3424 Arounoun
1130 3363 1327 3445 Fragmenta
1351 3363 1435 3427 inlra
1457 3364 1513 3426 ad-

413 3463 511 3524 ducto
524 3460 646 3544 jejunia
660 3469 693 3524 et
709 3463 892 3541 ξηροφαγίας
903 3461 1178 3526 Montanistarum
1193 3463 1242 3527 cel
1253 3465 1383 3528 maxime
1396 3464 1433 3527 de
1449 3466 1513 3527 Ta-

413 3563 496 3625 ticai
513 3562 618 3625 radice
633 3583 759 3625 erasme
777 3561 935 3634 affirmat;
960 3563 1044 3626 unde
1064 3571 1192 3628 constat
1207 3573 1340 3649 propter
1361 3565 1394 3628 id
1413 3586 1514 3649 genus

414 3662 653 3726 observationes
671 3662 754 3725 male
772 3662 929 3726 audivisse
949 3663 1176 3739 Montanistas,
1192 3687 1246 3728 seu
1267 3665 1511 3749 cataphrygem

415 3764 546 3850 perinde
567 3770 664 3847 atque
684 3763 717 3826 bi
738 3763 833 3827 iidem
859 3763 979 3847 culpati
1002 3772 1086 3839 sunt,
1110 3786 1148 3826 eo
1170 3764 1256 3846 quod
1278 3765 1416 3827 severius
1438 3785 1516 3847 erga

416 3865 610 3949 poenitentes
632 3885 665 3927 se
686 3886 797 3948 gerere
819 3865 977 3937 solerent;
1006 3884 1077 3925 cum
1097 3863 1144 3927 ita
1162 3864 1202 3926 de
1224 3864 1378 3926 Gnostioo
1400 3863 1515 3926 celebri

416 3965 555 4028 Basilide
571 3965 689 4027 scribat
705 3965 850 4028 Clemens
864 3964 959 4026 Alex.
974 3966 1087 4026 Strcm.
1103 3963 1144 4025 iv.
1160 3984 1188 4025 c.
1208 3982 1258 4042 24.
1274 3963 1354 4041 πλὴν
1373 3964 1441 4026 οὐδὲ
1461 3964 1515 4026 πά-

417 4090 476 4131 σσε
492 4066 663 4144 (ἁμαρτίας)
681 4066 697 4125 ὁ
714 4066 891 4140 Βασιλείδης
906 4064 992 4143 φησὶ,
1008 4065 1103 4141 μόνας
1118 4065 1150 4125 δὲ
1165 4066 1218 4128 τὰς
1236 4064 1376 4129 ἀκουσίσς
1390 4065 1438 4125 καὶ
1453 4062 1514 4126 κατ’

419 4167 555 4245 ἄγνοιαν,
572 4165 726 4244 ἀφίεσθαι.
771 4164 867 4235 Hinc,
883 4170 916 4226 et
932 4172 1064 4246 propter
1078 4163 1240 4247 opiniones
1255 4185 1328 4226 suas
1343 4164 1383 4226 de
1397 4164 1516 4248 nuptiis
1579 4217 1587 4237 ,

419 4266 524 4328 minus
538 4263 737 4338 honorificas,
748 4264 868 4327 factum
880 4270 939 4335 cst,
949 4270 987 4326 ut
999 4263 1104 4326 nimioe
1115 4264 1313 4348 cognationis
1324 4285 1395 4327 cum
1406 4264 1517 4327 iisdem

419 4363 581 4428 Gnosticis
594 4364 751 4427 haereticis
765 4386 786 4426 a
800 4363 958 4427 nonnullis
972 4363 1237 4428 insimularentur.
1276 4365 1368 4445 Quod
1383 4387 1455 4427 cum
1470 4366 1517 4429 ita

422 4466 475 4540 sit,
498 4465 586 4529 baud
609 4465 690 4529 adeo
713 4465 852 4528 absurde
874 4463 1038 4548 scriptum,
1062 4465 1264 4549 quantumvis
1285 4487 1325 4528 ex
1345 4487 1451 4529 errore
1475 4467 1518 4531 sit

420 4572 538 4642 ortum,
549 4566 767 4650 deputandum
778 4565 863 4630 istud
875 4571 926 4629 est
941 4565 981 4628 de
989 4565 1201 4651 Oatapbrygis
1210 4566 1251 4630 ab
1261 4571 1405 4630 Auctore
1418 4566 1518 4652 Frag-

420 4665 521 4730 menti
543 4665 691 4749 positum.
742 4666 792 4728 lbi
811 4687 870 4749 pro
894 4666 1024 4730 vocibus
1043 4668 1211 4731 Accianum
1230 4667 1429 4752 Ocrafrypum
1452 4690 1518 4732 cca·

464 4789 531 4829 von.
547 4789 568 4829 1.
943 4786 963 4850 3
981 4789 1001 4829 r
