3809 5650
609 673 659 735 IN
686 672 951 735 nnlsronan
977 670 1228 734 PELLAEUM.
1404 673 1468 738 107

365 840 513 900 Granius.
540 836 653 898 lrenaei
668 836 755 898 locus
770 858 790 898 a
806 836 925 899 Grabio
936 835 986 897 hio
1000 834 1167 908 indicatus,
1188 835 1228 895 dc
1245 834 1466 899 Valentiniana

363 944 501 1012 tantum,
518 958 580 999 non
600 935 768 1010 catholica,
784 936 945 999 sententia
959 935 1038 1017 agit.
1084 934 1138 1008 Et,
1156 933 1311 1016 quidquid
1326 943 1467 1017 nugatus

363 1045 412 1100 est
451 1038 631 1100 Victorinus
668 1038 780 1100 Potav.
806 1038 854 1100 Dc
887 1034 1026 1099 Febrim
1055 1035 1182 1111 alandi,
1217 1035 1302 1117 apud
1336 1035 1466 1098 Gavium

361 1139 444 1200 Hr'st.
462 1138 526 1199 air.
542 1146 620 1200 tom.
635 1139 663 1199 Ι.
680 1160 712 1220 p.
734 1158 800 1218 ¹49·
818 1158 925 1200 verum
941 1145 1000 1208 est,
1018 1136 1102 1219 quod
1118 1135 1245 1219 scripsit
1266 1135 1419 1220 Origenes
1434 1135 1467 1198 in

361 1237 415 1300 lib.
432 1238 471 1299 vi.
489 1239 603 1300 Contra
620 1238 693 1300 Uala.
729 1236 829 1299 Ἐπτο
852 1239 883 1299 δὲ
906 1237 1059 1316 οὐρανοὺς,
1083 1235 1101 1313 ἢ
1123 1239 1202 1301 ὅλως
1224 1236 1465 1315 περιωρισμέυων

361 1337 486 1417 ἀριθμὸν
515 1339 619 1413 αὐτῶν,
649 1341 679 1399 al
702 1339 865 1417 φερόμεναι
892 1340 926 1399 ἐι)
951 1343 1016 1402 ταῖς
1042 1338 1211 1414 ἐκκλησίαις
1235 1341 1287 1398 τοῦ
1305 1341 1388 1398 Θεοῦ
1412 1337 1464 1398 οὐκ

361 1438 590 1519 ἀπαγγέλλουσι
605 1439 731 1518 γραφαί.
755 1459 825 1520 cap.
838 1455 889 1501 21.
932 1435 1026 1516 Quod
1048 1446 1156 1499 autem
1177 1436 1218 1498 ad
1234 1457 1385 1519 personas
1400 1434 1466 1498 dia-

360 1539 422 1622 logi
437 1539 567 1614 attinet,
582 1539 650 1601 lraec
665 1537 772 1621 accipe
788 1560 827 1599 ex
842 1538 879 1599 cl.
891 1536 1050 1600 Gallandii
1068 1537 1245 1619 Prolegom.
1263 1537 1282 1598 l.
1300 1558 1327 1599 c.
1344 1545 1365 1572 “
1380 1536 1462 1600 Oan-

361 1649 382 1676 “
393 1639 491 1723 jicere
514 1638 633 1723 placuit
656 1639 776 1700 Grabio
792 1638 917 1719 (antea)
934 1639 957 1699 J
959 1659 1089 1700 aeonem
1114 1637 1290 1700 Hebraeum
1306 1637 1460 1701 Christia-

360 1748 378 1775 “
396 1760 481 1813 uum,
504 1748 538 1802 et
561 1739 731 1822 Papisoum
746 1740 769 1800 J
772 1739 897 1802 udaeum
913 1739 1167 1802 Alexandrinum
1189 1739 1274 1801 iuter
1296 1760 1330 1801 se
1353 1738 1460 1822 ‹lispu-

358 1849 379 1876 ‘⁴
395 1847 513 1917 tautes,
529 1840 621 1904 fictas
635 1842 731 1905 luisse
746 1864 909 1926 personas,
923 1850 961 1906 ut
981 1843 1013 1905 in
1029 1842 1173 1927 Dialogis
1194 1842 1263 1905 ficri
1285 1841 1460 1904 consucvit.

358 1940 480 2004 “Aliis
501 1949 609 2006 tamen
632 1943 725 2007 aliter
747 1944 857 2006 visum.
905 1944 1017 2006 Sixtus
1039 1944 1187 2007 Senensis
1209 1943 1354 2026 primum,
1378 1942 1460 2006 Bibl.

359 2050 378 2078 ‘⁴
394 2041 504 2105 Sanct.
517 2043 548 2104 ii.
564 2066 595 2126 p.
613 2057 664 2124 71.
681 2044 756 2108 edit.
774 2045 875 2108 Paris.
900 2045 1014 2109 deinde
1040 2043 1202 2108 Pamelius
1223 2045 1266 2106 ad
1291 2065 1397 2126 opusc.
1421 2043 1461 2106 de

357 2151 378 2178 “
394 2143 515 2206 Ιασνοα.
528 2144 605 2207 Jad.
620 2144 703 2208 inter
718 2167 790 2228 opp.
804 2145 898 2228 prr.
917 2166 996 2227 quos
1011 2152 1138 2207 secutus
1164 2151 1213 2206 est
1230 2142 1460 2219 Bartoloccins,

357 2250 377 2280 “
392 2242 474 2306 Bibl.
487 2243 623 2306 Rabbin.
634 2243 677 2306 iii.
685 2266 713 2306 v.
719 2246 794 2328 589.
805 2244 926 2328 opinati
942 2251 1027 2320 sunt,
1038 2244 1061 2307 J
1063 2266 1192 2307 asonem
1207 2245 1305 2307 istum
1320 2244 1456 2307 eundem

358 2350 377 2378 ‘⁶
391 2342 486 2406 fuisse
501 2365 572 2406 cum
587 2342 611 2406 J
612 2366 708 2408 usone
724 2344 1007 2421 Thessalonicensi,
1020 2346 1112 2428 cujus
1127 2345 1339 2408 meminerunt
1356 2345 1460 2409 Lucas

357 2451 379 2481 “
395 2445 427 2506 iu
452 2443 546 2507 Actis
566 2444 638 2507 xvii.
654 2464 686 2527 5.
711 2452 745 2507 et
769 2445 901 2508 Paullus
920 2445 1013 2508 Rom.
1036 2445 1098 2508 xvi.
1120 2465 1171 2509 21.
1196 2445 1282 2507 nullo
1306 2451 1415 2507 tamen
1442 2466 1460 2507 ο

357 2545 528 2608 “vetustis
558 2545 764 2628 scriptoribus
793 2545 975 2609 testimonio
1010 2547 1042 2607 in
1072 2545 1211 2608 medium
1240 2545 1392 2622 adducto,
1422 2553 1460 2609 ut

355 2652 377 2682 “
394 2645 527 2729 preinde
549 2645 717 2729 Speuccro,
735 2646 856 2709 Annet.
879 2646 922 2709 ad
943 2646 997 2708 lib.
1013 2646 1052 2707 iv.
1077 2645 1223 2729 Origenis
1246 2647 1358 2710 Oentr.
1375 2645 1457 2709 Cels.

354 2752 375 2783 “
391 2767 424 2829 p.
451 2765 504 2829 57.
561 2745 773 2822 Tillementie,
798 2746 897 2808 Mem.
923 2745 1011 2809 Eccl.
1040 2752 1118 2809 tom.
1146 2745 1177 2808 ii.
1207 2768 1238 2830 p.
1268 2765 1339 2830 139.
1366 2754 1400 2809 et
1426 2767 1456 2807 x.

356 2855 375 2883 “
391 2869 422 2930 p.
439 2864 514 2929 552.
531 2846 662 2929 aliisque
677 2847 861 2930 conjectura
875 2848 1057 2930 hujusmodi
1071 2847 1157 2910 haud
1172 2848 1336 2930 probetur.
1381 2847 1458 2929 Epi-

355 2956 374 2983 “
389 2969 519 3032 scopum
549 2948 655 3031 potius
684 2955 741 3011 aut
765 2947 878 3010 saltem
905 2947 1126 3031 presbyterum
1151 2947 1239 3009 illum
1264 2948 1360 3010 luisse
1386 2969 1458 3012 cum

355 3057 375 3084 “
391 3050 528 3113 Marano
543 3048 732 3131 putaverim,
752 3047 815 3110 Va.
826 3048 922 3130 Cypr.
937 3068 1009 3131 pag.
1026 3068 1120 3110 cxxx.
1160 3046 1287 3109 Celsum
1302 3046 1458 3129 siquidem

355 3150 599 3233 “interpretem
622 3150 717 3211 mede
739 3148 830 3211 nobis
852 3157 1056 3212 enarrantem
1078 3148 1267 3225 audivimus,
1292 3149 1376 3231 quod
1393 3150 1457 3212 Pa·

354 3257 374 3287 “
383 3251 488 3334 preces
502 3250 547 3312 ad
557 3248 735 3312 iateHcctam
750 3250 888 3312 amaris
901 3249 1062 3326 ααιιιὶοςιιο,
1077 3259 1111 3312 at
1124 3249 1315 3333 sipaacalam
1329 3258 1458 3312 caneret

354 3360 373 3387 “
389 3351 573 3435 deprecatae,
596 3350 742 3412 Jaecnem
756 3349 967 3433 postulaverit.
1012 3350 1123 3433 Neque
1145 3350 1273 3415 dubitat
1301 3350 1386 3413 idem
1408 3349 1457 3412 vir

357 3459 378 3487 “
393 3452 514 3524 doctus,
539 3451 614 3534 quin
638 3450 752 3513 saeculo
774 3450 806 3513 ii.
826 3450 878 3513 ille
900 3450 1022 3513 vixerit.
1070 3451 1115 3513 Et
1124 3450 1198 3534 jure
1216 3450 1362 3534 quidem:
1387 3450 1455 3513 haec

354 3559 376 3589 “
391 3552 473 3614 enim
486 3550 671 3635 Disputatio
681 3548 776 3613 Celso
789 3550 946 3633 Epicureo
955 3558 1123 3634 perspecta
1133 3551 1229 3615 fuisse
1240 3551 1452 3635 comperitur:

354 3653 531 3735 “adeoque
561 3651 645 3714 circa
674 3650 816 3733 ejusdem
840 3651 945 3714 saeouli
972 3651 1121 3727 medium,
1151 3653 1216 3715 sive
1247 3673 1305 3735 pro
1335 3653 1454 3716 nestris

353 3751 563 3817 “rationibus
578 3752 662 3814 circa
678 3751 799 3813 Christi
815 3772 935 3814 annum
954 3754 1025 3835 136.
1041 3773 1112 3815 earn
1131 3753 1228 3816 fuisse
1249 3753 1366 3816 litteris
1381 3773 1455 3815 con-

352 3862 374 3889 “
389 3852 548 3937 signatam
562 3852 809 3915 existimamus.’'
826 3875 857 3936 p.
873 3852 959 3915 lxxv.
993 3854 1105 3935 Neque
1120 3852 1213 3917 fictas
1227 3854 1286 3916 has
1301 3873 1454 3936 personas

351 3953 447 4016 fuisse
462 3959 570 4016 censet
586 3952 708 4016 Keilius
723 3953 771 4016 vir
786 3953 824 4016 el.
842 3953 884 4015 ad
899 3959 975 4016 tom.
993 3952 1044 4016 vii.
1060 3953 1136 4017 edit.
1147 3975 1237 4017 novae
1252 3952 1453 4018 Fabriciaaa

355 4052 434 4118 Bibl.
448 4055 504 4117 Gr.
521 4076 551 4137 p.
572 4057 644 4135 156.

395 4155 433 4217 P.
449 4157 501 4235 96.
523 4155 544 4216 l.
562 4158 613 4217 26.
636 4157 670 4218 ἐν
691 4153 714 4239 ql
739 4156 809 4239 δια]
839 4157 890 4218 De
910 4156 1002 4218 Celso
1024 4155 1107 4217 hane
1121 4156 1365 4239 Dapatatimcm
1381 4155 1450 4216 Pa-

343 4255 427 4338 proci
455 4265 483 4318 et
510 4254 634 4318 Jasona
663 4262 941 4327 commemorante,
972 4255 1019 4318 ita
1048 4254 1142 4337 paulo
1178 4264 1254 4318 ante
1288 4255 1451 4339 Origenes,

349 4352 439 4431 Ἑξῆς
460 4358 492 4418 δὲ
513 4356 627 4421 τούτοις
647 4355 860 4435 ἐπιλεξάμενος
880 4354 1021 4439 (Celsus)
1043 4357 1101 4417 ἀπὸ
1122 4356 1242 4418 πάντων
1260 4355 1452 4436 συγγραμμά-

350 4479 420 4530 των,
435 4460 494 4517 τῶν
508 4457 708 4538 περιεχόντων
724 4459 906 4537 ἀλληγορίας
929 4458 977 4519 καὶ
996 4457 1145 4536 διηγήσεις
1159 4459 1233 4534 μετὰ
1256 4457 1308 4519 οὐκ
1332 4457 1453 4518 εὐκατα-

351 4553 500 4633 φρονήτου
515 4555 625 4632 λέξεως
641 4558 688 4619 καὶ
703 4557 851 4636 φράσεως,
867 4557 901 4618 τὸ
918 4556 1131 4636 εὐτελέστερον
1148 4558 1194 4619 καὶ
1210 4555 1374 4634 δυνάμενον
1396 4554 1454 4633 μέν

351 4677 379 4715 τι
393 4654 466 4734 πρὸς
474 4657 542 4720 τοὺς
556 4658 688 4722 πολλοὺς
698 4657 977 4737 καὶ-ἁπλουστέρους
987 4660 1115 4724 πίστεως
1125 4656 1215 4740 χάριν
1226 4656 1450 4735 συμβαλέσθαι,

881 4786 933 4830 1³2
