3809 5650
456 673 521 738 268
832 669 1183 733 ANNOTATIONES

458 846 528 903 tum
539 837 717 899 Burtonum
729 839 857 895 seeutus
872 832 964 895 velim
975 854 1057 896 nune
1067 833 1250 897 rescribere.
1286 835 1563 897 Zimmermannus

458 938 586 1022 quidem
596 932 1141 1016 παρεισαγάγησανροοιὸδςοιλὶιιιο
1156 933 1316 1015 reposuit;
1344 931 1563 995 Heiniehenus

460 1060 534 1103 vero
549 1034 775 1117 παρεισήγαγον
790 1032 929 1116 praefert.

507 1137 546 1199 P.
560 1138 632 1197 216.
648 1134 669 1196 1.
685 1136 736 1196 πό.
762 1135 819 1196 Καὶ
833 1135 878 1195 ὅτι
893 1159 929 1212 γε
945 1133 1018 1215 διο]
1043 1133 1124 1196 Oum
1146 1131 1236 1194 ietaee
1252 1129 1381 1194 Eusehii
1403 1130 1564 1214 posuisset

462 1234 619 1319 Georgius
639 1233 801 1317 Synaellus
826 1234 859 1296 in
879 1232 1139 1316 Ολτοοορταρλία,
1160 1253 1233 1315 peg.
1253 1251 1328 1315 344.
1354 1231 1466 1294 eadem
1486 1238 1563 1294 tan-

461 1358 558 1421 quam
572 1336 681 1399 debita
697 1333 842 1418 Syneelle
855 1340 994 1408 tantum,
1013 1332 1100 1395 haud
1119 1331 1267 1416 primitus
1287 1331 1437 1406 Eusebio,
1455 1332 1564 1415 Hege-

459 1436 542 1520 sippi
568 1435 717 1518 colligens
740 1434 936 1517 Fragmenta
962 1432 1064 1495 edidit
1086 1431 1123 1495 el.
1146 1431 1334 1495 Gallandius
1359 1432 1393 1494 iu
1417 1439 1506 1496 tomo
1529 1432 1562 1495 ii.

463 1535 610 1599 Bibdoth.
622 1536 698 1598 PP.
716 1557 747 1618 p.
758 1537 808 1613 67.

505 1636 627 1716 P.217.
642 1635 664 1697 l.
679 1654 706 1699 2.
732 1634 790 1698 Καὶ
811 1632 991 1712 ἐπέμενενὴ
1012 1633 1155 1708 ἐκκλησία
1174 1633 1193 1711 ἡ
1215 1633 1381 1710 Κορινθίων
1403 1629 1475 1715 διο]
1500 1630 1565 1694 His

462 1735 639 1821 Hegesippi
656 1734 759 1798 verbis
779 1755 837 1797 sua
851 1732 1006 1817 praemisit
1021 1732 1180 1795 Eusebius
1188 1756 1198 1807 ;
1219 1729 1259 1795 ‘0
1273 1733 1329 1810 μέν
1344 1734 1398 1794 οὖν
1412 1730 1563 1811 Ἡγήσιπ-

461 1860 518 1901 πος
533 1838 568 1899 έν
582 1836 672 1899 πέντε
687 1841 748 1902 τοῖς
763 1837 805 1901 είς
819 1834 894 1911 ἡμᾶς
914 1835 1057 1895 ἐλθοῦσιν
1075 1831 1277 1910 ὑπομνήμασι,
1292 1836 1343 1909 τῆς
1358 1833 1432 1896 ἰδίας
1445 1833 1565 1911 γνάμης

459 1935 669 2015 πληρεστάτην
689 1934 805 2013 μνήμην
830 1933 1056 1997 καταλέλοιπεν·
1093 1935 1128 1996 ἐν
1156 1933 1201 1999 uis
1226 1937 1320 2010 δηλοῖ,
1347 1934 1387 1997 ὦς
1409 1934 1562 2003 πλείστοις

462 2037 637 2101 ἐπισκόποις
656 2037 838 2112 σνμμίξειεν,
857 2035 1024 2112 ἀποδημίαν
1043 2033 1243 2112 στειλάμενος
1261 2033 1351 2115 μέχρι
1368 2031 1490 2111 Ῥάμης·
1515 2033 1565 2095 καὶ

460 2138 500 2202 ὣς
517 2137 564 2198 ὅτι
584 2136 638 2213 τὴν
658 2134 750 2211 αὐτὴν
768 2137 849 2213 παρὰ
867 2132 989 2196 πάντων
1008 2135 1180 2213 παρείληφε
1200 2136 1406 2196 διδασκαλίαν.
1437 2134 1565 2194 άκοΰσοι

461 2236 544 2316 γέτοι
558 2235 684 2315 πάρεστι
700 2237 776 2312 μετὰ
793 2237 860 2297 τινὰ
875 2235 942 2307 περὶ
956 2238 1008 2312 τῆς
1028 2233 1201 2313 Κλήμεντος
1219 2234 1293 2313 πρὸς
1314 2234 1486 2312 Κορινθίους
1501 2232 1564 2294 ἐπι-

463 2339 573 2412 στολῆς
590 2335 669 2417 αὐτῷ
685 2334 832 2412 εἰρημένα,
849 2333 1042 2415 ἐπιλέγοντος
1055 2339 1156 2398 ταῦτα·
1180 2339 1249 2397 ΚΑΙ
1266 2333 1409 2413 ἐπέμενεν
1423 2334 1442 2411 ἡ
1457 2333 1563 2409 ἐκκλη-

464 2437 518 2498 σία
532 2440 591 2496 τῶν
607 2435 772 2513 Κορινθίων
788 2436 843 2498 διο.
880 2434 1070 2518 Heyeeippus
1085 2435 1207 2518 quidem
1221 2436 1256 2498 ι’τι
1268 2434 1398 2519 quinque
1414 2435 1565 2497 Genum-

463 2536 615 2598 turiurum
635 2532 722 2597 libris
736 2535 790 2618 qai
804 2535 849 2597 ad
867 2556 919 2597 ποι
933 2545 1146 2618 peruenerunt,
1162 2536 1397 2599 temulentissime
1409 2534 1488 2616 fidei
1501 2554 1566 2597 raae

462 2634 632 2697 τιτι-ἱιιιοπὶο
646 2631 729 2696 iubat
742 2633 876 2718 reliquit.
899 2634 1014 2698 ambit
1028 2636 1109 2698 euim
1121 2657 1161 2709 se,
1177 2656 1244 2700 οιιτο
1259 2637 1387 2697 Remum
1394 2634 1565 2718 prestetiss-

462 2744 556 2809 τοίαν,
568 2734 721 2817 plurimos
734 2734 880 2818 ορθςοαροι
893 2734 1018 2810 adiuro,
1032 2745 1061 2798 et
1078 2734 1116 2798 αδ
1129 2734 1264 2799 omnibus
1277 2756 1370 2799 uuum
1383 2734 1566 2817 madeatque

462 2835 615 2898 audivisse
628 2834 809 2897 άοοτνθοοιο.
839 2835 925 2898 Idan
939 2846 1099 2919 postquam
1112 2835 1149 2898 de
1164 2835 1323 2899 Ckmeatis
1336 2835 1381 2897 ad
1394 2833 1566 2897 Corinthios

461 2935 586 3018 προδοσία
606 2935 746 3018 quadum
772 2935 1022 3008 eemmsmoraeit,
1040 2936 1104 2999 hoee
1122 2936 1223 3013 addit,
1240 2957 1309 3020 quw
1326 2956 1390 3006 aas,
1410 2935 1438 2998 ei
1452 2933 1564 3018 putu,

463 3035 637 3099 audiamus.
684 3036 741 3098 ET
757 3034 998 3099 Corinthiorum
1012 3037 1149 3120 quidem,
1164 3037 1273 3120 inquit,
1289 3034 1419 3099 eeclesia
1435 3037 1490 3098 &e

508 3136 591 3199 lbid.
608 3136 628 3199 l.
641 3215 643 3220 ,
650 3155 682 3220 3.
705 3135 761 3220 οἷς]
789 3136 862 3200 Etsi
888 3137 1033 3201 ediderat
1060 3137 1224 3202 Strothius
1249 3134 1272 3221 ᾧ
1296 3136 1433 3200 testibus
1457 3135 1566 3199 eitatis

464 3238 587 3318 Rufino,
602 3236 784 3319 Νἱονρλοτο,
801 3237 968 3320 (ι’θνιζςθορθ.
984 3238 1080 3301 mon.
1104 3238 1276 3321 Κοίοοιδριιο
1294 3237 1327 3299 in
1344 3237 1506 3313 Vereione,
1521 3235 1566 3298 nil

463 3342 573 3416 tamen
588 3356 715 3398 neeesse
732 3336 810 3398 mihi
824 3336 925 3400 visum
940 3344 999 3415 est,
1016 3345 1053 3402 ut
1069 3338 1245 3401 editionum
1262 3344 1359 3422 atque
1373 3336 1567 3420 manuserip-

463 3444 572 3500 torum
586 3436 681 3500 leutio
700 3443 889 3500 mutaretur.
935 3438 1008 3502 Ηοο
1027 3438 1101 3502 olim
1123 3439 1199 3514 dixi,
1221 3459 1305 3501 nune
1326 3437 1505 3501 Strothium
1519 3458 1567 3500 se-

466 3542 560 3599 eutus
580 3543 630 3598 est
648 3536 934 3614 Zimmermaunus,
954 3540 1041 3603 haud
1061 3540 1109 3605 ita
1127 3546 1186 3604 aut
1205 3538 1394 3615 Heiniehen‚
1410 3544 1468 3602 aut
1486 3537 1567 3600 Bur·

467 3642 572 3700 tonus.
617 3635 766 3698 Ceterum
788 3636 872 3700 hune
898 3639 1137 3704 Corinthiorum
1156 3639 1348 3724 episeopum‚
1367 3639 1567 3702 nominatum

467 3736 620 3812 Primum,
636 3735 712 3802 alibi
728 3759 884 3824 nusquam
895 3748 1177 3805 commemoratum
1192 3762 1227 3804 se
1241 3739 1405 3824 reperisse,
1421 3738 1469 3802 ait
1485 3738 1567 3802 Hal-

467 3835 592 3901 loixius.

513 3936 598 4002 Ibid.
623 3937 643 3999 l.
664 3956 695 4020 5.
723 3939 924 4023 σννεπάημεν]
957 3938 1140 4023 Adseripsit
1169 3940 1310 4024 Scaliger
1338 3961 1403 4003 01·ae
1433 3939 1568 4023 exempli

467 4037 677 4121 Stephaniani
693 4042 970 4118 σννανεπαύθημεν.
994 4062 1065 4124 quae
1085 4040 1213 4123 quidem
1228 4041 1324 4105 leutio
1339 4048 1448 4105 exstat
1462 4041 1495 4103 iu
1509 4061 1569 4104 ιιιιο

468 4140 505 4202 de
522 4139 657 4202 Floreat.
673 4147 706 4203 et
730 4139 763 4201 in
781 4139 876 4203 altero
896 4140 1041 4225 superius
1060 4141 1220 4205 scribitur.
1265 4142 1341 4205 Vox
1360 4142 1497 4207 Paulina
1518 4149 1570 4206 est

468 4241 725 4318 σννονοποθομαι,
742 4241 829 4303 Rom.
842 4261 892 4304 xv.
905 4258 958 4325 32.
1004 4241 1069 4304 Sed
1084 4241 1160 4304 nihil
1176 4243 1374 4307 mutandum.

512 4339 594 4403 Ibid.
609 4339 630 4404 l.
643 4342 673 4403 6.
696 4340 837 4423 διαδοχὴν
857 4341 1041 4421 ἐποιησάμην
1057 4343 1161 4424 μέχρις
1172 4341 1342 4428 Ἀνικήπον]
1372 4344 1508 4408 Savilius
1526 4344 1568 4407 ad

468 4460 558 4502 oram
583 4440 631 4503 sui
654 4440 772 4504 eodieis
797 4463 855 4526 pro
878 4442 1020 4525 διαδοχὴν
1039 4441 1178 4506 eorrexit
1198 4445 1372 4524 διοτριβλνς
1397 4451 1505 4507 utrum
1528 4465 1569 4507 ex

468 4541 661 4622 eonjeetura,
684 4563 781 4605 snex
802 4541 865 4604 fide
886 4542 1094 4626 manuscripti
1114 4543 1311 4627 exemplaris,
1331 4544 1497 4609 incertum.
1518 4551 1568 4607 ut

465 4663 602 4705 eumuue
617 4651 725 4706 tannen
740 4643 918 4708 neeessaria
931 4652 982 4708 est
997 4643 1066 4708 haea
1077 4645 1267 4709 emendatio.
1298 4648 1402 4710 Porro
1416 4646 1449 4709 iu
1463 4645 1568 4730 eapite
