3809 5650
535 681 584 745 IN
607 681 674 745 BB.
691 681 958 746 DIONYSIUM
984 681 1040 745 ET
1065 680 1294 745 PlNYTUM.
1399 684 1460 752 191

360 851 478 931 Πέτρου
493 851 541 914 καὶ
556 854 682 915 Παύλου
697 853 839 916 ordinem
854 852 1017 935 nominum
1032 858 1139 917 mutat
1154 851 1311 936 Georgius
1327 851 1462 936 Synccll.

357 952 392 1014 in
404 951 629 1037 Olerocoyrcplr.
642 953 696 1015 ubi
710 976 742 1038 p.
758 974 833 1038 341.
848 953 916 1017 haec
932 952 1079 1037 Dionysii
1095 952 1237 1016 adducit.

405 1052 444 1115 P.
460 1054 531 1116 180.
550 1053 571 1115 l.
588 1056 636 1116 18.
663 1055 859 1141 γενηθεῐσαν]
886 1057 1090 1132 Γεννηθεῖσαν
1112 1052 1240 1137 quidem
1261 1051 1411 1116 scribitur
1431 1055 1465 1115 in

360 1152 520 1215 Chronico
538 1154 667 1239 Georgii
689 1154 835 1239 Syncelli.
881 1155 945 1218 Sed
966 1153 1068 1217 nostri
1089 1152 1213 1217 codices
1232 1152 1362 1238 Regius,
1379 1152 1463 1217 Μαι.

362 1254 448 1317 Med.
464 1277 502 1318 ac
519 1255 602 1318 Fuk.
618 1255 738 1320 habent
753 1262 934 1338 γενηθεῖσαν
953 1278 1011 1340 per
1025 1255 1158 1339 simplex
1174 1280 1200 1318 ν.
1220 1255 1304 1338 quod
1318 1254 1465 1338 equidem

360 1355 461 1439 mugis
476 1356 587 1441 probo.
613 1356 775 1419 Vnnmrus.
819 1361 1018 1437 γεννηθεῖσαν
1033 1376 1091 1439 per
1101 1354 1260 1439 geminam
1277 1354 1351 1417 ved.
1361 1355 1464 1440 stupu

360 1462 393 1518 et
407 1456 536 1539 Nicepll.
561 1457 707 1520 Extabat
721 1457 825 1520 altera
839 1456 934 1520 lectio
949 1456 982 1518 in
997 1456 1059 1519 cod.
1073 1477 1197 1539 quoque
1214 1454 1314 1519 Vocet.
1330 1456 1464 1521 Smorn.

361 1563 544 1635 Γενηθεῖσον
559 1579 630 1620 eum
647 1558 780 1642 simplici
802 1584 819 1621 ν
839 1564 974 1643 praestat
996 1579 1077 1620 unus
1094 1557 1208 1620 saltem
1228 1578 1268 1620 ex
1286 1558 1378 1622 codd.
1393 1581 1464 1623 nos-

359 1657 430 1729 tris,
447 1659 562 1721 MSlue
584 1658 675 1721 Bodl.
720 1658 816 1722 Nunc
840 1681 949 1722 omncs
973 1659 1106 1735 codices,
1127 1658 1161 1720 in
1183 1678 1274 1721 usum
1296 1680 1389 1722 suum
1410 1660 1464 1744 qui

357 1758 467 1821 collati
484 1765 571 1834 sunt,
585 1766 743 1824 memorat
757 1759 930 1824 Burtonus.

405 1858 489 1923 Ibid.
510 1859 531 1921 l.
548 1879 599 1924 20.
632 1861 850 1947 corsicanos]
880 1862 1037 1947 Georgius
1062 1861 1224 1946 Syncellus
1250 1862 1284 1924 in
1307 1862 1464 1928 Chronico

359 1961 461 2026 habet
476 1961 676 2042 φαιτύσαντες
690 1964 817 2027 rectius.
842 1963 905 2027 Sed
920 1972 954 2028 et
968 1964 1001 2027 in
1015 1963 1066 2026 his
1081 1985 1151 2046 qum
1167 1970 1344 2046 sequuntur
1358 1966 1465 2044 ὁμοίως

356 2065 393 2125 δὲ
415 2064 463 2126 καὶ
483 2066 526 2129 εἰς
546 2063 601 2141 τὴν
614 2062 759 2141 Ἰταλίαν,
776 2064 986 2150 supplendum
1008 2072 1058 2128 est
1081 2064 1287 2145 φοιτήσαντες.
1334 2068 1417 2130 Sane
1431 2067 1464 2130 in

360 2165 469 2229 codice
484 2165 586 2250 Regio
600 2175 634 2230 ct
650 2166 738 2229 Med.
754 2175 828 2250 post
841 2165 986 2243 Ἰταλίαν,
1002 2165 1126 2251 virgula
1140 2165 1279 2250 ponitur.
1295 2167 1462 2231 Vasrsrus.

360 2267 541 2330 Secundum
556 2266 676 2331 Valesii
692 2267 868 2331 versionem
888 2267 1061 2350 Dionysius
1082 2267 1169 2344 dicit,
1187 2266 1320 2331 Petrum
1334 2275 1369 2333 et
1385 2269 1464 2334 Pau-

359 2370 425 2432 lum
439 2370 550 2432 ambos
565 2368 658 2432 simul
679 2369 781 2454 egisse
802 2369 958 2446 Corinthi,
974 2375 1008 2433 et
1029 2368 1141 2432 ambos
1163 2368 1197 2431 in
1221 2369 1349 2433 ltaliam
1371 2370 1466 2434 simul

360 2470 519 2554 proiectos
534 2492 613 2534 esse.
658 2470 722 2533 Sed
745 2478 782 2535 ut
804 2471 888 2533 hunc
910 2492 1038 2534 sensum
1060 2491 1100 2533 ex
1118 2469 1222 2532 verbis
1244 2469 1389 2554 Dionysii
1412 2493 1465 2534 ex·

360 2571 501 2656 culperet
517 2571 680 2646 Valesius;
705 2572 809 2656 primo
829 2572 862 2635 in
885 2572 984 2656 priori
1009 2572 1151 2634 membro
1177 2570 1272 2655 hujus
1297 2573 1464 2638 sententiae

354 2683 473 2738 contra
495 2696 604 2737 omnes
624 2675 755 2738 Eusebii
779 2675 921 2746 Codices,
938 2681 972 2739 et
994 2674 1098 2738 editos
1120 2681 1154 2737 et
1176 2674 1321 2758 scriptos,
1338 2698 1378 2739 ex
1397 2677 1465 2740 solo

360 2775 506 2861 Syneello
529 2797 588 2861 pro
610 2778 815 2858 φυτεύσαντας
829 2777 907 2862 legit
930 2776 1140 2859 φοιτήσαντες,
1156 2783 1189 2839 et
1209 2776 1342 2840 eandem
1357 2799 1465 2843 vocem

358 2877 559 2958 φοιτήσαντες
573 2877 606 2940 in
621 2879 789 2962 posteriori
804 2879 947 2943 membro
963 2880 1131 2943 sententies
1142 2878 1348 2963 supplendam
1361 2881 1464 2945 docet.

361 2981 479 3043 Vocem
503 2986 612 3043 autern
633 2980 726 3043 simiel
749 2979 782 3042 in
803 2979 960 3044 Versione
985 2980 1069 3043 unde
1095 2979 1245 3044 habuerit
1269 2981 1384 3057 nescio,
1404 2981 1465 3045 nisi

359 3082 442 3146 forte
465 3104 485 3145 a
507 3081 645 3155 Rufin03
677 3104 752 3145 nam
778 3104 840 3146 vox
869 3083 978 3161 ὁμοίως
1006 3080 1093 3145 aliud
1118 3081 1286 3165 significat,
1311 3104 1407 3165 quam
1432 3083 1465 3146 in

356 3185 464 3268 priore
479 3184 622 3246 membro
637 3182 753 3260 omisit,
770 3183 802 3246 in
817 3182 987 3267 posteriori
1001 3189 1096 3246 extra
1110 3182 1215 3246 locum
1234 3204 1326 3245 suum
1348 3183 1464 3267 posuit.

359 3283 406 3346 Et
421 3282 548 3365 quidem
568 3282 767 3363 φοιτήσαντες
787 3305 847 3368 pro
869 3285 1075 3364 φυτεύσαντες
1096 3304 1264 3367 perperam
1282 3283 1410 3348 omnino
1431 3290 1466 3348 et

360 3389 474 3446 contra
502 3392 648 3466 apertam
677 3382 823 3469 Dionysii
852 3392 992 3448 mentem
1025 3384 1227 3448 scribendum
1256 3407 1326 3449 esse
1356 3384 1464 3450 voluit.

361 3486 444 3548 Nam
460 3484 528 3547 lraeo
544 3484 702 3548 sententia
718 3485 809 3568 quasi
829 3486 913 3549 ratio
933 3485 1031 3570 priori
1054 3485 1233 3570 subjicitur,
1249 3493 1286 3550 ut
1308 3486 1467 3571 particula

359 3590 416 3667 γὰρ
432 3586 516 3649 clare
532 3582 699 3668 significat.
744 3586 839 3649 Prior
858 3595 967 3651 autem
990 3588 1151 3652 sententio
1172 3588 1241 3652 haeo
1259 3596 1318 3653 est.
1362 3594 1466 3652 Ταῦτα

357 3687 407 3749 ’καὶ
422 3689 505 3766 ὑμεῖς
520 3688 568 3749 διὰ
583 3688 634 3763 τῆς
647 3687 793 3765 τοσαύτης
812 3690 980 3765 νουθεσίας,
997 3689 1051 3767 τὴν
1066 3689 1125 3753 ἀπὸ
1142 3689 1261 3771 Πέτρου
1276 3691 1324 3753 καὶ
1339 3692 1465 3754 Παύλου

359 3789 486 3867 φυτείαν
514 3792 697 3868 γενηθεῖσαν
720 3787 873 3868 Ῥωμαίων
903 3814 936 3852 τε
964 3791 1011 3853 καὶ
1037 3793 1204 3870 Κορινθίων
1234 3792 1464 3871 συνεκεράσατε.

357 3888 462 3967 Quam
482 3888 579 3952 etium
599 3888 644 3951 sic
665 3890 748 3951 male
766 3890 910 3954 reddidit
928 3890 1080 3954 Valesius.
1125 3892 1180 3953 Ita
1203 3899 1231 3953 et
1256 3911 1466 3953 oce—com-

358 3990 529 4054 miscuistis.
575 3990 627 4053 Ex
650 3991 710 4055 hoc
728 3999 836 4055 tamen
855 3991 925 4054 loco
943 3992 1024 4055 satis
1045 3991 1130 4055 clare
1148 3997 1283 4075 apparet
1304 3993 1338 4054 τὸ
1359 3994 1465 4071 φυτεύ-

358 4116 469 4156 σαντες
492 4090 526 4153 in
552 4092 722 4176 posteriori
752 4093 914 4156 sententio
942 4094 985 4155 ad
1010 4095 1138 4174 φυτείαν
1162 4092 1363 4156 referendum
1387 4114 1465 4171 esse,

357 4190 453 4274 idque
482 4193 599 4270 ὁμοίως,
625 4193 779 4270 simililer,
806 4194 855 4257 bis
884 4193 1026 4279 positum
1055 4192 1135 4258 satis
1163 4193 1277 4257 innuit.
1323 4191 1373 4256 Ut
1399 4193 1466 4256 haee

358 4292 465 4356 omnia
494 4293 614 4356 rectius
644 4293 875 4378 intelligantur,
900 4292 1060 4377 integrum
1082 4291 1227 4377 Dionysii
1253 4293 1466 4377 fragmentum

358 4392 545 4477 simpliciter
564 4395 822 4458 transferendum
841 4394 957 4458 censui.
1003 4396 1059 4458 la
1080 4405 1108 4458 et
1130 4416 1179 4457 oca
1199 4415 1234 4456 ec
1256 4404 1344 4459 lanto
1365 4396 1467 4459 admo-

357 4496 473 4559 nitione
487 4495 712 4579 phalaricam
738 4498 945 4559 Bouroncrum
967 4506 996 4560 et
1023 4496 1247 4559 Corinthiorum
1272 4518 1293 4559 u
1317 4497 1414 4560 Petro
1439 4508 1468 4562 er

358 4596 463 4660 Paulo
469 4597 594 4679 factam
608 4596 842 4662 mamercum.
887 4595 985 4661 Ambo
995 4597 1080 4661 enim
1093 4597 1128 4659 ia
1146 4595 1225 4660 Urbe
1239 4607 1342 4662 υυούτο
1359 4598 1466 4661 Ocric-

357 4694 589 4781 tlcploutcates
603 4716 657 4759 uos
671 4696 817 4761 similiter
827 4697 1002 4775 mrum,
1013 4696 1156 4762 similiter
1166 4708 1266 4763 cutm
1279 4708 1306 4762 ού
1320 4699 1355 4762 in
1366 4698 1467 4763 Italic
1566 4725 1569 4730 ⁴
