3809 5650
601 683 652 745 IN
677 682 949 746 MELITONIS
974 683 1294 745 FRAGMENTA.
1440 685 1503 747 135

443 848 525 911 Ibid.
545 847 564 909 l.
585 868 635 932 15.
660 849 733 911 ἔνθα
756 850 900 931 ἐκηρύχθη
921 851 969 912 καὶ
990 849 1136 934 ἐπράχθη]
1157 850 1244 914 Bene
1265 851 1396 934 exponit
1412 858 1503 914 vetus

400 949 558 1034 interpres
573 950 715 1027 Rufinus,
732 949 783 1013 ubi
797 951 1020 1036 predicationis
1034 954 1121 1036 coepit
1135 954 1299 1029 exordium,
1315 962 1343 1016 et
1357 951 1409 1016 abi
1420 963 1504 1039 pecto

398 1062 469 1114 ςιιιιί
484 1052 542 1115 illc
556 1054 671 1128 mania,
687 1076 756 1138 pure
770 1054 907 1138 ίοριιιιίιιν
920 1055 1046 1138 scripta.

446 1152 529 1217 Ibid.
543 1154 563 1216 l.
582 1172 631 1236 17.
647 1155 815 1242 Μωϋσέως]
834 1156 899 1219 Pro
920 1156 1074 1222 Μωῦσέως
1088 1157 1120 1218 in
1135 1157 1183 1219 cd.
1204 1156 1304 1241 Sept.
1320 1164 1353 1221 et
1374 1156 1503 1241 Niccpb.

399 1255 517 1339 legitur
535 1256 677 1324 Μωσέως.
717 1259 799 1321 Mox
817 1281 932 1322 nomen
955 1259 1055 1336 Δαβῶ
1075 1280 1139 1321 non
1157 1266 1249 1322 extat
1268 1259 1354 1343 apud
1375 1259 1503 1342 Niceplr.

401 1356 560 1420 Oaeterum
570 1357 630 1420 hoc
639 1380 751 1422 nomen
763 1359 941 1442 ubieunque
950 1367 1108 1433 occurrat,
1120 1361 1321 1424 scribendum
1331 1382 1399 1424 esse
1410 1361 1504 1423 Δαυὶδ

401 1480 464 1520 uon
481 1462 591 1537 Δαβῶ,
604 1467 691 1523 recte
706 1469 815 1524 monet
831 1459 1099 1525 Mentesa-leonius
1117 1463 1150 1524 in
1168 1461 1312 1525 Biblioth.
1332 1462 1454 1525 Ooisliu.
1471 1483 1501 1544 p.

399 1579 454 1642 50.
500 1560 602 1645 Vulgo
614 1561 646 1622 in
663 1560 768 1624 Mstis
780 1563 930 1626 scribitur
942 1550 1008 1628 dub
1023 1587 1081 1648 pro
1097 1586 1159 1648 quo
1170 1563 1362 1627 recentiores
1372 1562 1503 1637 librarii,

400 1684 489 1726 more
514 1662 738 1726 hodiernorum
761 1664 958 1743 (imorum,
978 1666 1030 1751 qui
1055 1667 1155 1744 Δαβὶδ
1177 1665 1330 1736 scribunt,
1351 1687 1390 1727 ao
1410 1665 1504 1726 Δαυὶδ

400 1763 623 1847 pronunciant,
645 1764 840 1848 scripserunt
860 1771 969 1846 Δαβίὸ,
994 1768 1127 1830 Sraorn.
1169 1766 1291 1828 Extare
1316 1764 1450 1829 Μωσέως
1470 1769 1504 1827 et

402 1867 498 1930 Δαυὶὸ
513 1867 545 1929 in
559 1867 623 1930 cod.
638 1868 719 1930 Par.
735 1888 762 1930 1.
778 1868 914 1936 Μωσέως
928 1870 960 1932 in
973 1870 1053 1932 Par.
1073 1887 1103 1931 2.
1120 1889 1202 1931 nunc
1217 1867 1314 1930 refert
1329 1866 1502 1929 Burtonus.

391 1970 397 1979 ’
447 1968 632 2032 Ibid.l.18.
652 1968 798 2050 Ἀριθμοὶ,
814 1971 985 2054 Λευιτικὸν]
1008 1970 1049 2032 In
1064 1969 1182 2032 nostris
1202 1967 1362 2031 codicibus
1382 1967 1502 2030 Mazar.

402 2070 491 2133 Med.
508 2078 541 2133 ot
555 2071 636 2133 Fuk.
654 2093 776 2135 necnon
791 2074 877 2156 apud
894 2073 1108 2156 Nicephorum
1125 2071 1247 2134 inverso
1262 2069 1372 2133 ordine
1387 2068 1504 2152 legitur

400 2169 545 2251 Ἀριθμοὶ,
570 2175 722 2236 Λευπικόν.
769 2174 877 2257 Atque
901 2174 948 2237 ita
970 2174 1104 2236 Rufinus
1125 2172 1158 2235 in
1184 2172 1248 2235 suis
1272 2169 1504 2254 exemplaribus

400 2273 554 2357 scriptum
569 2274 742 2351 invenerat,
759 2282 795 2338 ut
810 2297 850 2338 ox
865 2276 1008 2338 versione
1023 2275 1091 2358 ejus
1110 2280 1254 2358 apparet.
1299 2272 1418 2354 Moysis
1432 2270 1506 2335 libri

401 2377 555 2460 quisqam
588 2377 722 2453 Gerrcsis,
737 2376 872 2452 Esodus,
889 2377 1030 2451 Numeri,
1046 2375 1209 2451 hecdicus,
1230 2374 1503 2437 Deuteronomium.

402 2475 456 2539 Sic
475 2476 559 2539 enim
580 2477 697 2561 legitur
718 2477 751 2539 in
771 2477 986 2541 vetustissimo
1005 2477 1112 2540 codiee
1134 2476 1322 2540 Parisiensis
1341 2474 1502 2539 Ecclesiae.

402 2581 479 2641 Van.
513 2578 687 2656 Strothius,
702 2601 796 2663 quem
818 2585 945 2642 secutus
967 2600 1046 2655 sum,
1065 2579 1148 2641 hanc
1172 2577 1350 2652 lectionem,
1374 2577 1414 2638 de
1440 2598 1504 2659 qua

403 2681 552 2746 Valesius
574 2680 652 2765 agit,
684 2681 814 2764 recepit,
839 2687 873 2743 et
901 2679 1005 2743 Vereri
1022 2679 1133 2743 codicis
1157 2680 1252 2742 Lecta
1275 2678 1316 2741 ab
1347 2677 1397 2739 his
1429 2698 1502 2760 par-

404 2783 490 2847 tibus
510 2789 626 2847 testem
647 2782 793 2855 adduxit,
810 2782 860 2846 cui
879 2781 956 2845 addi
976 2787 1110 2866 possunt
1131 2779 1200 2843 cod.
1223 2779 1313 2843 Βοιίί.
1332 2801 1387 2843 seu
1407 2778 1503 2841 Socii.

402 2886 591 2969 Rufinasqac
606 2891 674 2948 tarn
689 2885 795 2948 editus
811 2905 907 2967 quam
928 2883 1077 2967 scriptus,
1092 2889 1126 2945 et
1139 2881 1229 2945 codes
1243 2891 1365 2965 uterque
1378 2880 1505 2944 Floron-

401 2988 493 3049 tin-us.

446 3088 484 3149 P.
501 3105 570 3151 120.
586 3087 606 3151 1.
618 3107 649 3171 3.
665 3086 684 3165 ἢ
701 3089 748 3150 καὶ
763 3087 878 3172 Σοφία]
897 3086 994 3149 Hune
1008 3085 1112 3149 locum
1123 3084 1320 3148 restituimus
1333 3087 1456 3165 (exstet
1472 3082 1505 3145 in

401 3188 449 3251 cd.
465 3187 568 3272 Μιρίι.
584 3190 602 3267 ἡ
618 3190 739 3271 σοφία)
754 3211 794 3251 ex
810 3189 871 3251 fide
885 3194 1028 3251 veterum
1043 3187 1196 3263 codicum,
1212 3185 1305 3270 Regii
1317 3185 1402 3248 Μαι.
1416 3182 1504 3246 Med.

403 3290 527 3354 Fuk.et
537 3290 697 3363 Sardiani,
708 3291 822 3374 quibus
831 3290 1002 3354 subscribit
1012 3289 1108 3353 etiam
1121 3287 1318 3371 Nicephorus
1327 3286 1507 3363 Σολόμωνος

402 3394 563 3471 παροιμίαι,
576 3390 652 3468 ἣκαὶ
663 3394 769 3472 σοφία.
793 3391 855 3455 Sed
868 3399 901 3455 et
913 3391 1047 3454 Rufinus
1058 3391 1140 3453 hanc
1149 3389 1317 3453 lectionem
1327 3386 1503 3464 confirmat,

402 3493 450 3557 ita
458 3500 593 3570 vertens,
606 3492 774 3557 Scbrreom's
775 3492 952 3577 proverbia,
962 3513 1030 3577 quae
1040 3502 1068 3556 et
1076 3492 1249 3576 Sapientia.
1279 3490 1374 3554 Certe
1384 3495 1505 3552 veteres

402 3615 493 3678 prens
504 3593 612 3658 omnes
621 3594 788 3679 proverbia
801 3595 987 3673 Salomonis,
998 3595 1187 3680 sapientiam
1199 3592 1377 3666 vocabant3
1402 3591 1502 3654 inter-

402 3697 478 3759 dum
493 3703 527 3761 et
542 3696 730 3780 sapientiam
745 3704 930 3780 panareton.
971 3698 1055 3761 Vide
1070 3719 1141 3781 quae
1156 3717 1251 3780 supra
1269 3693 1448 3758 notavimus
1456 3694 1504 3756 'ad

401 3794 470 3882 cap.
480 3816 532 3860 22.
548 3796 719 3881 Dionysius
731 3798 967 3861 Alexandrinus
976 3800 1021 3860 ὅτι
1032 3800 1138 3878 Κύριος
1147 3800 1248 3860 δίδωσι
1258 3796 1381 3875 σοφίαν,
1389 3795 1434 3856 καὶ
1446 3794 1504 3856 ἀπὸ

402 3902 563 3980 προσώπου
583 3900 673 3962 αὐτοῦ
687 3905 798 3981 γνῶσις
820 3902 867 3963 καὶ
888 3900 1075 3975 ebremadus
1092 3900 1110 3977 ἡ
1131 3896 1212 3978 σοφὴ
1229 3897 1343 3974 βίβλος
1366 3893 1503 3975 ἐμήνυσε.

402 4001 481 4081 Quae
505 3999 650 4083 Dionysii
671 4000 768 4062 verba
789 4000 970 4065 referuntur
989 4001 1021 4063 in
1042 3999 1146 4082 eapite
1163 3998 1212 4060 28.
1233 4003 1354 4059 catenae
1374 3994 1407 4056 in
1425 3996 1448 4055 J
1451 3994 1501 4056 ob.

401 4104 449 4187 (p.
466 4104 540 4185 438.
564 4102 611 4165 ed.
637 4101 756 4183 lunii.)
797 4101 920 4165 Auctor
948 4099 1101 4164 itinerarii
1130 4094 1423 4179 Hierosolynritani,
1451 4094 1505 4158 lbi

400 4204 493 4267 etiam
514 4212 627 4266 σοιιςίσί
648 4201 809 4274 urbiculus,
826 4203 859 4264 ia
874 4225 930 4286 quo
949 4201 1090 4264 Salomon
1109 4199 1185 4263 sedit
1204 4208 1232 4261 ct
1251 4198 1434 4281 sapien-tiam
1454 4198 1501 4260 de·

400 4305 531 4388 scripsit.
579 4304 741 4365 Vnncsrus.
765 4303 918 4366 Exhiberi
943 4303 991 4365 καὶ
1015 4302 1046 4363 in
1069 4300 1235 4383 Bospara-ii
1253 4301 1348 4362 Lectt.
1368 4319 1438 4380 quae
1461 4299 1504 4360 ad

400 4427 501 4490 marg.
517 4405 563 4469 ed.
583 4406 688 4468 Gnaeo.
706 4412 827 4479 extant,
850 4405 969 4467 notavit
991 4402 1163 4467 Strothius.
1210 4401 1254 4464 Et
1274 4400 1435 4463 codicibus
1452 4400 1503 4462 hic

401 4507 585 4570 memoratis
600 4528 683 4568 nune
698 4506 789 4569 addit
800 4506 964 4569 Burtonus
980 4505 1086 4568 Paris.
1109 4524 1134 4566 1.
1150 4522 1177 4565 ι.
1211 4503 1352 4565 Venetam
1375 4501 1503 4564 Floras

399 4610 544 4695 lineaque.
588 4609 748 4673 Gaeterurn
768 4607 809 4670 ad
825 4631 895 4691 cup.
912 4626 961 4670 22.
978 4607 1029 4669 lib.
1041 4606 1080 4670 iv.
1103 4606 1191 4668 Hier.
1213 4603 1313 4668 tradit
1335 4601 1501 4678 Eusebius,

400 4734 465 4775 nou
482 4711 700 4796 Hegesippum
715 4709 824 4784 solum,
842 4710 895 4773 sed
913 4708 1010 4770 ctiam
1027 4709 1186 4770 Irenaeum
1200 4716 1234 4770 et
1255 4715 1377 4769 veteres
1394 4727 1503 4768 omncs
