3809 5650
527 692 750 758 EPISTOLA
775 693 1105 760 VIENNENSIUM
1131 695 1188 759 ΕΤ
1213 694 1349 762 LUGD.
1424 697 1489 760 803

389 854 495 934 ὁπότε
514 853 639 953 μηκέτι
655 854 766 954 μηδὲν
784 852 881 959 εἶχον
900 854 920 935 ὁ
937 855 1156 956 ποιήσουσιν
1174 857 1280 964 αὐτῷ,
1298 855 1340 937 rb
1362 870 1486 936 τελεν·

388 989 488 1060 ταῖον
523 989 663 1085 χαλκᾶς
699 986 846 1065 λεπίδος
883 983 1075 1087 διαπύρους
1109 985 1373 1087 προσεκὸλλων
1416 991 1490 1070 τοῖς

388 1115 671 1221 τρυφερωτάτοις
701 1117 828 1216 με’λεσι
851 1127 916 1196 τοῦ
941 1116 1111 1214 σώματος
1137 1121 1256 1199 αὐτοῦ.
1287 1123 1345 1198 καὶ
1377 1127 1491 1199 ταῦτα

387 1249 452 1349 μὲν
489 1250 635 1331 ἐκαίετο.
683 1248 789 1333 αύτὸς
826 1249 863 1330 δὲ
899 1252 1094 1354 παρέμενεν
1128 1253 1394 1352 ἆνεπόκαμπτος
1431 1258 1490 1334 καὶ

361 1381 583 1479 5ἀνένδοτος,
613 1379 763 1485 στεῤῥὸς
791 1381 883 1486 πρὸς
907 1382 973 1482 τὴν
998 1386 1208 1486 ὁμολογίαν,
1228 1384 1307 1465 ιύπὸ
1335 1390 1399 1485 τῆς
1425 1387 1487 1466 ού·

388 1519 511 1618 ρανίου
528 1520 648 1617 πηγῆς
665 1526 729 1596 τοῦ
749 1518 878 1601 ὕδατος
895 1523 960 1617 τῆς
978 1519 1066 1621 ζωῆς
1085 1529 1149 1599 τοῦ
1167 1519 1325 1627 ἐξιόντος
1353 1519 1408 1600 ὶέκ
1426 1523 1491 1620 τῆς

389 1649 515 1749 νηδύος
539 1657 602 1728 τοῦ
621 1654 786 1753 Χριστοῦ
813 1650 1062 1755 δροσιζόμενος
1089 1656 1148 1732 καὶ
1176 1653 1488 1753 ἐνδυναμούμενος.

388 1785 430 1866 τὸ
455 1785 493 1866 δὲ
520 1784 705 1883 σωμάτιον
735 1784 871 1890 μάρτυς
898 1787 944 1886 ἦν
975 1794 1047 1867 τῶν
1078 1786 1375 1888 συμβεβηκότων,
1402 1787 1491 1869 ὁλον

388 1928 528 2021 τραῦμα
546 1922 605 1998 καὶ
622 1920 779 2025 μύλωψ,
793 1924 852 1999 καὶ
869 1922 1182 2021 συνεσπασμένον,
1197 1926 1256 2002 καὶ
1274 1925 1488 2022 ἀποβεβλη·

343 2094 379 2132 10
389 2055 450 2139 κὸς
481 2055 548 2154 τὴν
577 2054 797 2157 ἀνθρώπειον
832 2056 964 2162 ἔξωθεν
993 2055 1150 2162 μορφήν·
1194 2060 1231 2138 ἐν
1269 2053 1298 2163 ᾧ
1335 2055 1492 2163 πάσχων

388 2189 549 2295 Χριστὸς
572 2190 736 2293 μεγάλας
760 2193 919 2273 ἐπετέλει
944 2190 1065 2299 δόξας,
1086 2201 1276 2297 καταργῶν
1300 2193 1364 2272 τὸν
1388 2196 1489 2274 ἀντι·

388 2329 557 2427 κείμενον,
577 2330 637 2407 καὶ
654 2325 702 2410 εἷς
720 2326 786 2426 τὴν
803 2335 876 2408 τῶν
900 2334 1038 2408 λοιπῶν
1065 2329 1297 2410 ὑποτύπωσιν
1325 2331 1487 2409 ὑποδεικ-

389 2461 491 2557 νύων,
520 2460 575 2540 ὁτι
603 2460 714 2560 μηδὲν
744 2460 904 2567 φοβερὸν
937 2462 1029 2543 bnon
1060 2460 1196 2565 πατρὸς
1233 2461 1367 2565 ἀγάπη,
1399 2462 1489 2562 μηδὲ

389 2593 555 2693 ἀλγεινὸν
583 2592 673 2672 ὅπου
701 2599 866 2695 Χριστοῦ
893 2595 997 2701 δόξα.
1038 2603 1110 2674 τῶν
1141 2595 1211 2698 γὰρ
1241 2594 1384 2696 ἀνόμων
1410 2599 1488 2694 μεθ’

346 2759 377 2815 ¹5
388 2726 521 2830 ἡμέρας
538 2725 651 2806 πόλιν
670 2726 947 2827 στρεβλούντων
966 2730 1025 2806 καὶ
1050 2727 1224 2832 μάρτυρα,
1242 2733 1301 2809 καὶ
1326 2726 1488 2833 νομιζόν·

388 2896 470 2959 των,
497 2860 552 2940 ὁτι
579 2861 769 2940 οἱδούντων
796 2866 854 2941 καὶ
884 2860 1182 2970 φλεγμαινόντων
1207 2870 1280 2943 τῶν
1308 2862 1490 2963 σωμάτων

389 3003 418 3075 εἰ
436 2995 483 3075 τὰ
501 2994 591 3074 αὐτὰ
608 2996 879 3098 προσενέγκοιεν
892 2995 1116 3098 κολαστήρια
1134 2998 1357 3100 περιέσοιντο
1372 2999 1491 3096 αὐτοῦ,

389 3128 495 3211 ὁπότε
533 3128 612 3210 ούδέ
643 3128 708 3228 τὴν
741 3128 812 3209 ἀπὸ
847 3136 921 3209 τῶν
959 3137 1086 3233 χειρῶν
1124 3129 1222 3237 ἁφὴν
1258 3132 1429 3235 ἠνείχετο·
1467 3130 1491 3233 ἢ

390 3377 423 3423 ut
434 3384 500 3422 cum
513 3364 585 3420 nihil
596 3362 720 3437 amplius
731 3362 801 3440 ipsis
812 3383 913 3442 super.
964 3364 1090 3421 hominis
1118 3364 1243 3443 speciem
1271 3365 1410 3422 retinens.
1453 3364 1490 3423 In

344 3467 380 3504 20
390 3455 465 3503 esset
480 3464 539 3520 quo
552 3443 635 3500 illurn
651 3455 831 3519 torquerent,
846 3464 913 3501 can-
964 3463 1023 3520 quo
1052 3443 1187 3502 Christus
1220 3444 1282 3524 ipse
1314 3446 1490 3523 perpetiens,

390 3526 492 3583 dentes
506 3524 570 3581 uris
591 3523 712 3580 laminas
734 3522 914 3582 mollioribus
965 3544 1070 3601 magns
1084 3524 1222 3584 miracula
1233 3525 1377 3605 patrabat,
1387 3525 1491 3584 sdver-

390 3606 454 3681 ejus
486 3604 622 3662 membris
654 3603 814 3680 affigerent.
872 3603 914 3662 Et
965 3604 1072 3662 surium
1087 3603 1223 3663 funditus
1240 3604 1349 3671 delens,
1365 3616 1396 3664 et
1411 3604 1491 3665 illus·

391 3684 519 3741 membru
546 3681 665 3760 quidem
698 3681 912 3741 adurehsntur:
965 3684 1002 3741 tri
1032 3684 1166 3762 exemplo
1193 3685 1298 3744 ceteris
1324 3685 1490 3752 ostendens,

389 3765 452 3842 ipse
468 3783 535 3820 vero
549 3773 646 3822 rectus
659 3773 747 3839 utque
761 3762 912 3822 inconcus·
966 3764 1040 3821 nihil
1064 3784 1127 3822 esse
1151 3764 1341 3823 metuendum
1367 3766 1418 3824 ubi
1443 3784 1491 3823 cs·

343 3858 378 3914 25
390 3864 448 3909 sus,
473 3844 563 3902 firmis
587 3842 718 3919 vestigiis
741 3842 771 3899 in
800 3844 914 3902 confes-
965 3844 1036 3902 ritas
1060 3844 1156 3902 Patris
1178 3844 1270 3902 adsit:
1301 3843 1414 3901 nullum
1437 3844 1490 3903 do·

390 3924 471 3983 sione
502 3923 640 4002 perstitit,
669 3932 773 4000 utpote
807 3923 914 3982 coelesti
965 3922 1066 3988 lorem.
1081 3924 1131 3982 ubi
1146 3922 1239 4001 gloria
1249 3924 1375 3981 vertitur
1389 3924 1490 3981 Chris·

391 4003 472 4061 fonte
487 4023 568 4079 uquoe
586 4004 659 4060 vivoe
678 4020 743 4078 qun
761 4022 799 4060 ex
814 4015 914 4062 ventre
965 4003 998 4061 ti.
1024 4004 1143 4082 Quippe
1157 4022 1223 4061 curn
1236 4002 1316 4080 impii
1331 4000 1375 4058 illi
1389 4003 1491 4080 paucis

391 4083 499 4140 Christi
518 4081 647 4162 profluit,
662 4081 800 4159 perfusus
818 4081 914 4140 firma·
965 4093 1032 4160 post
1041 4081 1143 4140 diebus
1153 4082 1259 4139 iterum
1270 4092 1406 4157 torquere
1415 4101 1492 4140 mur.

389 4173 507 4238 tusque.
549 4162 641 4219 Porro
655 4180 759 4239 eorpus
772 4162 867 4239 ipsum
883 4181 913 4219 a·
964 4172 1059 4241 tyrem
1073 4162 1238 4239 coepissent,
1247 4159 1456 4237 crederentque
1466 4160 1493 4219 si

342 4241 488 4315 30bunde
510 4241 671 4300 testabatur
695 4259 730 4298 es
753 4260 818 4317 quse
840 4241 913 4299 scci-
965 4241 1202 4317 turgescentibus
1215 4239 1309 4298 adhuc
1328 4250 1358 4297 et
1377 4239 1490 4299 influm-

391 4322 503 4386 dersnt,
518 4321 627 4399 quippe
641 4320 719 4397 quod
741 4321 814 4379 nihil
835 4321 914 4379 uliud
965 4321 1052 4378 mstis
1061 4319 1232 4379 vulneribus
1241 4318 1492 4379 esdemtorments

390 4413 467 4461 esset
492 4412 597 4481 praeter
616 4400 738 4459 vulnera
762 4413 850 4477 utque
871 4400 915 4458 vi.
966 4400 1003 4459 de
1027 4400 1142 4477 integro
1166 4399 1348 4464 adhiberent,
1369 4399 1433 4457 fore
1457 4411 1491 4459 ut

390 4483 484 4541 bicesz
511 4492 605 4540 totum
628 4491 808 4539 contractum
828 4491 916 4557 atque
967 4480 1018 4538 illo
1033 4480 1196 4559 superiores
1207 4478 1373 4545 evaderent,
1382 4480 1492 4560 quippe

390 4574 567 4632 contortum,
597 4581 650 4619 nec
676 4560 736 4637 jum
765 4571 915 4619 externam
967 4562 1018 4637 qui
1045 4581 1083 4619 ne
1111 4579 1249 4618 manuum
1277 4559 1394 4637 quidem
1423 4580 1491 4618 eon-

629 4724 636 4762 ἰ
648 4722 722 4771 Josn.
734 4723 766 4771 iv.
782 4737 819 4782 ¹4·
1082 4721 1094 4755 ¹¹
1106 4722 1180 4771 Josn.
1192 4720 1235 4770 vii.
1247 4721 1287 4782 ³8·
