3809 5650
428 677 494 740 ιιι
752 669 992 752 nsulsum
1018 669 1191 735 sncnAE.

429 836 561 939 ζῶντας
579 836 637 911 καὶ
654 831 806 933 νεκροῦς,
825 835 883 909 καὶ
901 831 1082 912 ἀποδῶσει
1100 829 1242 936 ἑκάστῳ
1265 828 1356 908 κατὰ
1378 828 1425 908 τὰ
1448 833 1525 910 ἐπι·

429 966 631 1068 τηδειίματα
648 968 768 1045 αὐτοῦ·
798 967 853 1070 ἐφ’
867 965 918 1047 οἷς
935 965 1046 1063 μηδὲν
1064 967 1181 1045 αὐτῶν
1198 965 1448 1068 κατεγνωκότα
1464 963 1529 1045 τὸν

430 1099 661 1199 Δομετιανὸν,
691 1098 791 1178 ἀλλὰ
827 1103 886 1178 καὶ
918 1102 967 1183 ὡς
1001 1101 1154 1179 εὐτελῶν
1190 1098 1529 1205 καταφρονήσαντα,

430 1234 634 1336 ε’λευθέρους
648 1232 714 1332 μὲν
728 1232 854 1316 αὐτοῦς
868 1236 1011 1330 ἀνεῖναι,
1025 1242 1254 1312 καταπαῦσαι
1273 1233 1312 1312 δὲ
1330 1232 1388 1312 διὰ
1405 1268 1526 1336 προσ-

430 1366 612 1468 τάγματος
643 1367 708 1446 τὸν
739 1364 831 1446 κατὰ
856 1371 919 1465 τῆς
943 1367 1137 1465 ἐκκλησίας
1170 1367 1339 1466 διωγμόν·
1380 1366 1461 1450 τοῦς
1492 1367 1529 1447 δέ
1538 1404 1556 1465 5

327 1496 329 1500 ¹
431 1503 685 1599 ἀπολυθεῦτας,
699 1500 911 1602 ἡγήσασθαι
929 1508 1002 1581 τιῦν
1019 1505 1231 1600 ἐκκλησιῶν,
1244 1507 1293 1585 ὡς
1311 1501 1357 1581 ἂν
1375 1501 1418 1601 δὴ
1437 1502 1529 1604 μοίρ-

431 1670 539 1738 τυρας
558 1638 647 1735 ὁμοῦ
660 1640 719 1714 καὶ
737 1635 809 1714 ἀπὸ
828 1635 951 1735 γένους
969 1635 1075 1718 ὄντας
1089 1643 1152 1714 τοῦ
1168 1639 1315 1738 Κυρίου·
1340 1639 1530 1737 γενομένης

431 1803 470 1848 τε
493 1767 639 1870 εἰρήνης,
658 1768 762 1872 μέχρι
780 1775 961 1871 Τραϊανοῦ
983 1777 1196 1869 παραμεῖναι
1220 1768 1348 1854 αὐτοῦς
1369 1776 1422 1876 τῷ
1445 1773 1528 1877 βίω.

433 1904 506 1963 Hoec
520 1905 618 1982 posuit
635 1905 780 1962 Eusebius
794 1904 843 1961 lib.
859 1904 900 1961 iii.
917 1904 999 1961 Hist.
1016 1924 1040 1961 c.
1055 1922 1101 1960 20.

481 2005 681 2111 Ἔρχονται
701 2007 762 2085 οὖν
788 2025 889 2098 (Judae
909 2036 1030 2102 nepotes
1051 2025 1182 2102 proxime
1204 2037 1271 2083 aute
1286 2025 1449 2098 memorati)
1472 2010 1530 2087 καί
1542 2041 1580 2083 ιο

431 2148 671 2243 πραηγοῦνται
699 2140 822 2236 πάσης
851 2139 1044 2236 ἐκκλησίας
1073 2142 1121 2222 ὡς
1153 2135 1337 2241 μάρτυρες,
1369 2144 1427 2219 καί
1459 2138 1530 2221 ἀπὸ

432 2273 556 2374 γένους
581 2278 644 2350 τοῦ
672 2273 814 2373 Κυρίου.
854 2275 912 2349 καὶ
937 2271 1128 2370 γενομένης
1156 2270 1293 2374 εἰρήνης
1319 2274 1467 2366 βαθείας
1494 2276 1532 2351 ἐν

432 2404 536 2509 πᾶση
574 2406 759 2510 ἐκκλησίᾳ,
792 2405 939 2502 μένουσι
976 2404 1080 2507 μέχρι
1116 2411 1296 2508 Τραϊανοῦ
1335 2408 1529 2509 Καίσαρος.

432 2539 556 2647 μέχρις
575 2539 616 2616 οῦ
635 2540 655 2616 ὁ
673 2541 712 2616 ε’κ
731 2537 825 2616 θείου
843 2546 907 2616 τοῦ
928 2540 1062 2641 Κυρίου
1081 2540 1100 2617 ὃ
1118 2540 1367 2642 προειρημένος
1386 2539 1532 2636 Συμεὼν

435 2670 507 2755 υίὸς
522 2676 675 2767 Κλωπᾶ,
689 2675 972 2773 συκοφαντηθείς
992 2671 1061 2752 ὑπὸ
1080 2680 1152 2752 τῶν
1165 2675 1345 2775 αἱρέσεων,
1361 2674 1532 2757 ὡσαύτως
1546 2696 1578 2756 ι5

435 2804 662 2909 κατηγορήθη
681 2810 739 2885 καὶ
758 2805 863 2891 αὐτὸς
882 2809 939 2887 ε’πί
965 2812 1015 2914 τῷ
1042 2809 1138 2914 αὐτῷ
1163 2806 1264 2915 λόγῳ
1291 2809 1348 2888 ἐπὶ
1366 2810 1533 2889 Ἀττικοῦ

434 2950 498 3021 τοῦ
517 2944 697 3020 ὑπατικοῦ.
732 2943 789 3020 καί
807 2945 866 3021 ἐπὶ
883 2942 1028 3028 πολλὰς
1042 2945 1172 3047 ἡμέρας
1187 2943 1411 3047 αἰκιζόμενος,
1427 2947 1534 3047 ε’μαρ-

436 3285 571 3342 Christus
592 3283 748 3342 adveniens
769 3304 834 3342 cum
856 3284 960 3361 gloria,
1011 3286 1177 3363 praesident,
1205 3296 1309 3364 utpote
1337 3298 1479 3366 martyres
1506 3301 1536 3345 et

436 3363 518 3422 vivos
546 3362 633 3421 simul
659 3375 690 3421 et
718 3374 849 3421 mortuos
879 3364 961 3439 judi.
1011 3366 1108 3442 agnati
1151 3365 1270 3424 Christi.
1345 3365 1535 3443 Tandemque

436 3443 523 3508 nubit,
538 3453 568 3501 et
581 3443 740 3519 unicuique
758 3462 877 3520 operum
892 3464 960 3501 suo·
1011 3443 1157 3521 profundo
1188 3464 1258 3523 poce
1289 3445 1415 3503 eoclesiae
1450 3446 1533 3502 resti·
1546 3454 1583 3492 20

436 3542 500 3580 rum
536 3521 696 3580 mercedem
732 3523 852 3580 tribuet.
903 3523 961 3580 His
1011 3534 1085 3586 tutu.
1105 3523 1142 3580 ad
1159 3524 1274 3600 Trnjsni
1293 3543 1386 3601 usqne
1404 3534 1535 3600 tempora

436 3601 554 3669 auditis,
584 3601 771 3658 Domitianus
801 3600 874 3656 nihil
909 3602 959 3658 sd·
1011 3602 1182 3679 superstites
1195 3603 1326 3660 fuerunt.
1363 3602 1465 3658 Donec
1479 3601 1535 3678 sy-

436 3700 538 3739 versus
565 3679 630 3737 illos
657 3680 786 3756 asperius
811 3678 958 3737 decrevit:
1011 3701 1096 3738 meon
1117 3681 1300 3758 supradictus
1321 3680 1437 3757 Cleopoe
1457 3679 1536 3738 tilius

436 3760 488 3819 ssd
516 3759 653 3816 vilitatem
686 3758 833 3815 hominum
863 3778 959 3837 usper-
1011 3760 1146 3835 ejusqui
1171 3769 1293 3835 patruus
1316 3769 1379 3817 erut
1404 3759 1534 3826 Domini,

437 3852 533 3903 uatus,
548 3839 654 3896 liberos
668 3837 746 3895 abire
761 3837 868 3912 jussit:
891 3839 961 3896 mis.
1011 3849 1162 3898 aeeusstus
1175 3836 1309 3895 similiter
1323 3839 1359 3895 sb
1372 3838 1535 3905 Haeretieis
1547 3849 1582 3905 25

437 3937 527 3996 soque
545 3917 643 3975 edicto
658 3917 887 3994 persecutionem
910 3918 959 3975 nd-
1012 3929 1042 3976 et
1073 3919 1111 3975 ob
1138 3916 1258 3975 eandem
1283 3937 1396 3975 causum
1429 3917 1459 3974 iu
1488 3918 1537 3993 jus

438 4017 538 4055 versus
589 3995 736 4055 ecelesiam
789 4008 961 4054 commotam
1012 4008 1131 4056 vocatus
1153 4008 1197 4055 est
1218 4016 1313 4054 eornm
1334 3998 1438 4055 Attioo
1459 3999 1537 4054 Con.

437 4076 624 4154 compescuit.
666 4074 737 4132 Illos
751 4095 820 4134 vero
833 4076 871 4132 sd
885 4076 963 4134 hunc
1012 4075 1120 4146 sulari3
1142 4088 1172 4134 et
1190 4096 1242 4154 per
1255 4076 1363 4134 multos
1380 4076 1442 4135 dies
1459 4097 1537 4135 scer.

438 4155 557 4213 modum
577 4155 721 4223 dimissos,
736 4154 863 4213 eeclesiis
884 4167 963 4233 post·
1013 4156 1137 4214 bissimis
1164 4156 1317 4214 tormentis
1342 4157 1536 4223 excruciatus,

438 4235 492 4293 hae
519 4234 669 4312 prefuisse
699 4245 827 4298 narrant,
859 4245 963 4312 utpote
1015 4234 1100 4293 iidem
1147 4235 1256 4292 Christi
1307 4235 1585 4302 constantissime30

439 4314 549 4372 Christi
573 4324 715 4391 martyres
735 4312 821 4370 simul
843 4334 876 4372 ae
897 4335 964 4391 pro.
1015 4314 1162 4392 professus
1178 4324 1240 4383 est;
1262 4314 1335 4373 adeo
1356 4328 1390 4373 ut
1410 4328 1440 4372 et
1459 4312 1537 4371 Con.

439 4393 584 4471 pinquos;
619 4403 650 4449 et
677 4411 747 4464 paee
775 4391 890 4450 demum
919 4413 964 4451 ec·
1014 4393 1257 4471 sularisipse‚et
1278 4394 1449 4469 omnesqui
1471 4392 1538 4450 sde-

440 4470 534 4529 clusin
553 4469 666 4527 reddita
684 4469 721 4527 ad
736 4471 851 4545 Trojani
872 4491 964 4548 usque
1015 4483 1090 4538 rant,
1102 4492 1277 4549 magnopere
1286 4473 1469 4536 mirarentur,
1480 4489 1538 4546 qua

439 4559 572 4625 tempora
608 4549 694 4606 vitam
736 4548 964 4625 perduxisse-
1014 4552 1127 4608 ratione
1156 4553 1199 4607 vir
1227 4562 1343 4608 eentum
1373 4571 1406 4609 sc
1433 4549 1536 4626 viginti

440 4627 557 4685 Adsunt
576 4627 619 4684 iili
634 4638 663 4684 et
679 4628 820 4684 universes
837 4628 964 4686 ecclesio
1015 4651 1105 4687 oniros
1126 4642 1221 4697 nutus,
1243 4640 1288 4687 tot
1308 4640 1453 4687 tormento
1472 4642 1563 4707 per-3
1569 4643 1583 4697 5
