3809 5650
450 670 514 735 116
774 668 1023 746 RELIQUIAE
1046 667 1223 732 SACRAE.

449 841 583 947 φοίνται
611 846 669 923 καὶ
696 847 770 919 τῶν
797 843 1003 943 ἀλλοτρίων
1030 841 1189 942 ἐρασταὶ,
1217 837 1283 936 τὴν
1309 839 1348 919 ἐκ
1375 842 1447 914 τῶν
1473 840 1535 914 δια

448 974 643 1076 ταγμάτων
662 975 801 1079 ἔχοντες
820 973 1001 1080 ἀφορμὴν,
1014 979 1177 1079 φανερῶς
1195 971 1448 1077 ληστρειίονσι,
1468 969 1555 1049 viiio.

448 1145 522 1213 τωρ
541 1113 599 1189 καὶ
617 1109 820 1213 μεθημέραν
839 1109 1090 1213 διαρπάζοντες
1107 1108 1189 1193 τοὺς
1199 1107 1309 1205 μηδὲν
1328 1110 1548 1192 ἀδικοῦντας,

450 1259 499 1321 καὶ
512 1255 576 1336 μεθ’
594 1258 680 1337 ἔτερα
695 1259 780 1338 φησί.
841 1247 914 1322 Καὶ
941 1250 970 1322 εί
992 1241 1057 1342 μὲν
1085 1252 1155 1321 σοῦ
1183 1241 1420 1324 κελεύσαντος
1437 1248 1552 1327 ταῦτα

448 1373 651 1475 πράττεται,
665 1375 760 1455 ἔστω
779 1384 901 1461 καλῶς
913 1377 1110 1478 γινόμενον·
1133 1378 1265 1459 δίκαιος
1278 1373 1350 1478 γδρ
1363 1370 1581 1469 βασιλεὺς,5

449 1509 513 1586 οὐκ
543 1507 588 1585 ἂν
616 1511 744 1595 ἀδίκως
770 1513 1012 1607 βουλεύσαιτο
1042 1512 1197 1591 ποίττοτε·
1228 1513 1286 1588 καὶ
1315 1510 1412 1606 ἡμεῖς
1441 1505 1551 1604 ἡδέως

449 1643 606 1748 φέρομεν
624 1653 688 1722 τοῦ
707 1645 868 1726 τοιούτου
886 1644 1043 1726 θανάτου
1061 1646 1102 1726 τὸ
1125 1645 1241 1748 γε’ρας.
1269 1642 1402 1741 ταύτην
1426 1642 1468 1719 δέ
1488 1676 1552 1719 σοι

448 1775 562 1876 μόνην
579 1779 835 1884 προσφέρομεν
853 1780 987 1878 δέησιν,
1001 1778 1059 1865 ’ίνα
1074 1779 1178 1861 αὐτὸς
1196 1775 1369 1881 πρότερον
1386 1772 1551 1876 ἐπιγνοὺς

447 1910 530 1993 τοὺς
549 1916 613 2009 τῆς
629 1911 794 2011 τοιαύτης
813 1915 1031 2018 φιλονεικίας
1057 1910 1218 2016 ἐργάτας,
1238 1911 1377 1992 δικαίως
1400 1911 1551 2010 κρίνειας

449 2051 477 2127 εί
497 2045 591 2150 ἄξιοι
610 2045 765 2124 θανάτου
783 2046 841 2124 καὶ
861 2046 1042 2148 τιμωρίας,
1061 2042 1084 2144 ἡ
1110 2043 1290 2147 σωτηρίας
1316 2046 1373 2122 καὶ
1398 2043 1551 2145 ἡσυχίας
1566 2077 1605 2127 ιο

449 2180 553 2259 εἰσίν.
584 2185 614 2256 εἰ
633 2179 671 2257 δὲ
690 2182 748 2257 καὶ
765 2178 865 2279 παρὰ
883 2188 954 2258 σοῦ
972 2178 1023 2276 μὴ
1041 2179 1093 2278 ε’ίη
1117 2179 1140 2277 ἡ
1165 2177 1283 2276 βονλὴ
1309 2181 1398 2276 αὕτη
1423 2180 1482 2255 καὶ
1507 2173 1551 2261 τδ

450 2309 572 2399 καινὸν
588 2319 695 2393 τοῦτο
714 2311 906 2412 διάταγμα,
932 2311 953 2391 ὃ
984 2313 1072 2411 μηδὲ
1095 2311 1187 2391 κατὰ
1204 2312 1402 2414 βαρβάρων
1424 2311 1552 2412 πρέπει,

449 2448 642 2542 πολεμίων,
661 2446 758 2526 πολὺ
776 2453 922 2545 μᾶλλον
941 2446 1093 2545 δεόμεθά
1111 2446 1256 2546 σου,μὴ
1274 2451 1440 2551 περιῖδεῖν
1457 2446 1552 2544 ἡμᾶς

450 2583 487 2658 ἓν
504 2579 649 2684 τοιαύτῃ
668 2581 821 2679 δημώδει
839 2584 1030 2687 λεηλασίᾳ.
1063 2595 1176 2660 τούτοις
1191 2594 1273 2658 αὖθις
1289 2593 1423 2673 ἐπιφέρει
1436 2589 1549 2671 λέγων.

449 2717 500 2793 Ἡ
519 2714 591 2829 γὰρ
611 2716 688 2794 καθ
704 2717 796 2814 ἡμᾶς
812 2719 1018 2822 φιλοσοφία
1032 2716 1206 2819 πρότερον
1224 2716 1290 2813 μὲν
1303 2718 1341 2794 ἐν
1352 2712 1553 2817 βαρβάροις
1567 2749 1605 2812 ¹5

450 2849 621 2948 ἤκμασεν.
678 2849 919 2949 ἔπανθὴσασα
947 2850 1077 2934 δέτοῖς
1107 2857 1187 2935 σοΐς
1216 2851 1335 2931 ἔθνεσι
1364 2847 1456 2929 κατὰ
1484 2846 1553 2941 τὴν

452 2986 666 3084 Αὐγούστου
683 2996 748 3064 τοῦ
770 2996 840 3064 σοῦ
863 2985 1046 3100 προγόνου
1070 2985 1235 3096 μεγάλην
1257 2980 1383 3087 ἀρχὴν,
1403 2979 1554 3093 ἐγενήθη

450 3254 489 3312 tis
516 3256 705 3331 exagitatum.
750 3255 972 3335 Impudentissi-
1025 3270 1055 3317 et
1069 3259 1162 3317 securi
1175 3258 1279 3335 degere
1290 3265 1466 3314 mereantur.
1496 3254 1552 3314 Sin

451 3332 490 3388 mi
511 3353 635 3407 namque
654 3335 797 3393 delatores
816 3348 846 3392 et
865 3334 973 3393 aliena.
1026 3358 1094 3395 vero
1108 3336 1181 3395 illud
1196 3335 1348 3395 consilium
1363 3344 1451 3411 atque
1471 3332 1552 3393 edic-

451 3430 515 3468 rum
538 3432 626 3489 opum
649 3415 758 3491 cupidi,
781 3434 818 3472 ex
842 3415 974 3490 imperia·
1026 3428 1088 3474 tum
1103 3416 1190 3494 plane
1208 3415 1383 3479 inauditum,
1398 3412 1476 3490 quod
1497 3432 1549 3471 ne·
1563 3427 1606 3476 no

451 3487 528 3547 libus
555 3490 658 3550 edictis
682 3494 859 3550 occasionem
885 3494 973 3564 nacti,
1025 3516 1082 3572 que
1114 3494 1252 3553 adversus
1285 3494 1420 3553 barbaros
1451 3493 1551 3551 hostes

451 3568 545 3644 palem
567 3567 618 3625 diu
640 3585 786 3647 noctuque
807 3583 974 3647 grossantur
1024 3575 1128 3632 sanciri
1149 3573 1296 3643 decuerat,
1315 3591 1464 3648 nunquam
1484 3592 1501 3629 a
1519 3580 1551 3630 te

451 3647 635 3723 spoliantque
668 3651 799 3707 homines
826 3650 971 3709 innoxios.
1024 3654 1186 3730 profectum
1220 3664 1274 3721 est,
1303 3652 1485 3709 obsecramus
1520 3662 1550 3708 te

451 3731 492 3793 Et
516 3739 596 3807 paulo
613 3747 687 3808 post:
719 3730 861 3799 Quodsi,
883 3737 972 3799 inquit,
1024 3732 1117 3789 multo
1136 3733 1235 3811 magis,
1251 3752 1288 3790 ne
1310 3752 1362 3788 nos
1383 3729 1549 3805 hujusmodi

451 3812 512 3868 hoec
536 3820 589 3867 tuo
609 3812 693 3887 jussu
718 3809 803 3874 fiunt,
825 3819 904 3867 recte
927 3820 972 3867 at·
1025 3810 1143 3890 publico
1157 3811 1307 3869 latrocinio
1323 3809 1436 3868 diutius
1450 3809 1548 3867 vexari
1562 3824 1602 3883 ος

451 3910 508 3967 que
522 3887 624 3948 ordine
638 3891 715 3947 facta
729 3900 824 3946 sunto.
867 3888 974 3964 Neque
1025 3892 1184 3968 permittas.
1228 3897 1322 3951 Paucis
1347 3893 1442 3948 deinde
1468 3894 1550 3947 inter·

450 3970 527 4027 enim
543 3968 604 4026 fieri
619 3979 725 4048 potest,
737 3979 771 4025 ut
782 3967 880 4043 justus
895 3968 972 4045 prin·
1021 3975 1098 4046 jectis
1110 3974 1168 4028 haec
1181 3974 1329 4044 subjungit.
1371 3966 1442 4023 Hoec
1459 3965 1549 4028 enim.
1596 3963 1598 3967 ⁵

451 4065 519 4127 ceps
529 4048 640 4126 aliquid
650 4068 776 4124 unquam
789 4048 897 4123 injuste
906 4067 974 4104 con-
1025 4053 1114 4116 inquit,
1142 4045 1330 4123 philosophis)
1357 4055 1436 4102 secta
1462 4061 1548 4119 quom

451 4129 573 4186 stituat:
613 4141 643 4187 et
671 4149 723 4185 nos
751 4127 852 4185 libenti
878 4127 974 4184 animo
1025 4126 1204 4202 profitemur,
1220 4125 1300 4202 prius
1317 4123 1434 4199 quidem
1454 4123 1549 4199 viguit

450 4207 592 4282 ejusmodi
612 4208 713 4264 mortis
726 4209 881 4343 Xraemium
904 4205 974 4263 feri.
1025 4202 1102 4282 apud
1135 4205 1278 4261 barbaros.
1341 4203 1447 4260 Postea
1479 4203 1601 4262 ver030-

451 4304 524 4343 mus.
556 4286 656 4344 Unum
671 4286 724 4348 illu
759 4296 820 4343 ate
835 4284 971 4363 petimus¹
1025 4303 1089 4341 cum
1114 4281 1270 4361 provinciis
1297 4282 1411 4360 imperii
1440 4280 1484 4339 tui
1512 4281 1547 4337 il-

451 4375 485 4422 ut
517 4385 583 4422 oum
615 4365 781 4441 hujusmodi
815 4366 973 4442 pertinacia
1024 4362 1156 4431 luxisset,
1172 4362 1337 4440 principatu
1352 4361 1447 4439 magni
1468 4360 1549 4418 iliius

451 4443 587 4520 proditos
614 4445 744 4501 homines
772 4464 824 4522 per
852 4455 881 4501 te
910 4443 972 4519 ipse
1024 4442 1147 4515 Augusti
1167 4442 1218 4517 qui
1237 4461 1313 4499 unus
1335 4460 1372 4498 ex
1390 4439 1548 4515 majoribus

450 4522 531 4599 prius
549 4524 767 4591 examinaveris,
783 4532 847 4580 tum
866 4521 972 4580 deinde
1022 4521 1082 4579 tuis
1096 4521 1165 4586 fuit,
1177 4520 1306 4578 faustum
1318 4535 1548 4598 prosperumque

450 4620 502 4677 pro
517 4602 718 4677 tnaaequitnte
737 4613 856 4670 statuas,
872 4612 970 4659 utrum
1021 4601 1143 4678 imperio
1168 4600 1301 4656 Romano
1328 4619 1412 4657 omen
1435 4597 1545 4657 extitit.
1557 4598 1597 4658 3⁵

449 4678 593 4757 supplicio
606 4699 639 4738 sc
652 4692 745 4737 morte
756 4680 840 4748 affici,
851 4699 888 4736 an
899 4680 970 4737 salvi
1024 4679 1121 4737 Exeo
1139 4677 1280 4755 siquidem
1301 4689 1433 4756 tempore
1453 4676 1546 4735 mni.
