3809 5650
666 703 885 767 SENIORES
909 701 1038 765 APUD
1062 701 1307 765 IRENAEUM.
1495 702 1538 763 53

440 873 604 949 Cir-istrum
620 871 866 956 quemadmodum
881 869 1005 954 quidam
1021 891 1120 932 cor-iero
1135 878 1329 945 tentaverunt,
1346 878 1372 930 et
1386 890 1406 931 a
1420 889 1538 951 serpeu-

437 982 515 1046 tibus
532 983 702 1067 perierunt.
747 982 854 1065 Neque
879 981 1153 1055 munituraoeritis,
1176 980 1268 1041 sicini
1290 979 1415 1062 quidam
1440 1000 1539 1041 corum

437 1101 714 1165 nrurmuruoerunt,
743 1100 770 1152 et
792 1091 955 1172 perierunt
980 1090 1018 1152 ab
1043 1090 1281 1153 manticulare.
1334 1089 1412 1151 Here
1441 1099 1539 1152 aretem

437 1201 538 1265 omnia
553 1202 587 1264 ia
593 1204 701 1286 fictura
707 1199 824 1283 fiebunt
838 1199 902 1262 illis
912 1225 927 1272 ,·
944 1200 1059 1283 canpto
1073 1208 1142 1261 eunt
1156 1210 1256 1261 autern
1270 1198 1315 1260 ad
1327 1200 1540 1282 correptionem

412 1319 581 1388 Scodram,
596 1312 631 1373 in
645 1310 800 1394 qruoefinia
813 1309 993 1371 eremelorurr·
1008 1308 1134 1371 deuenit.
1182 1309 1371 1391 Quapropter
1385 1307 1439 1391 qui
1447 1317 1540 1391 putot

440 1444 469 1485 se
489 1432 578 1497 stare,
597 1419 700 1483 uideat
723 1441 760 1482 ne
784 1419 883 1482 cadat.
928 1403 1060 1498 (Deinde
1091 1427 1352 1484 intervenientibus
1380 1425 1539 1491 nonnullis,

444 1533 512 1590 Siue
531 1533 703 1590 dubitatione
718 1533 770 1588 &c
782 1550 847 1607 quae
861 1532 959 1588 statim
976 1530 1158 1606 subjungam,
1174 1529 1215 1586 itu
1229 1528 1347 1586 ineunte
1362 1550 1424 1606 cup.
1439 1529 1541 1586 xxviii.

442 1638 538 1715 pergit
552 1644 670 1712 sermo.)
715 1634 820 1713 Quum
834 1654 910 1713 ergo
925 1633 976 1694 hio
992 1638 1026 1694 et
1039 1631 1102 1693 illio
1123 1631 1230 1693 eadem
1247 1630 1289 1693 sit
1305 1631 1337 1692 in
1353 1631 1541 1694 vindicando

442 1743 508 1805 Deo
529 1740 659 1826 justitia
680 1742 752 1818 Dei,
776 1750 810 1806 et
831 1742 894 1804 illic
917 1741 1044 1824 quidem
1066 1740 1181 1825 typico,
1204 1747 1237 1803 et
1260 1741 1489 1824 temporaliter,
1508 1748 1541 1804 et

397 1882 434 1920 10
443 1850 648 1915 mediocrius:
671 1853 722 1916 hic
733 1875 807 1916 vero
822 1874 904 1930 vere,
917 1859 950 1915 et
966 1872 1097 1935 semper,
1114 1857 1147 1912 et
1162 1849 1336 1912 austerius:
1360 1849 1441 1933 ignis
1457 1851 1541 1913 enim

442 1965 590 2037 aeternus,
607 1967 639 2024 et
663 1984 733 2045 quae
756 1984 776 2025 a
799 1961 878 2025 coelo
899 1958 1091 2023 revelabitur
1113 1958 1161 2020 ira
1184 1957 1246 2021 Dei
1268 1980 1288 2021 a
1311 1958 1390 2021 facie
1413 1959 1543 2022 Domini

443 2068 556 2144 nostri,
571 2071 836 2152 quemadmodum
859 2077 892 2132 et
913 2068 1018 2132 David
1040 2068 1107 2131 ait:
1133 2067 1269 2131 rVultus
1292 2079 1392 2131 cotem
1415 2069 1544 2133 Domini

443 2199 533 2261 super
549 2179 700 2261 facientes
725 2180 817 2256 nala,
840 2189 874 2241 ut
891 2178 1007 2262 perdat
1030 2176 1066 2240 de
1092 2187 1175 2241 terra
1200 2179 1374 2241 montorium
1396 2180 1542 2263 riparium,

444 2287 596 2370 majorem
616 2311 743 2372 poenam
762 2295 896 2373 praestat
914 2288 952 2350 iis
970 2286 1023 2371 qui
1045 2287 1189 2352 incidunt
1212 2289 1244 2351 in
1268 2311 1357 2353 earn:
1382 2290 1473 2353 valdo
1497 2289 1543 2350 in-

400 2431 434 2488 15
445 2402 588 2458 sensatos
602 2396 790 2461 amendabaut
806 2399 994 2460 Parsnrrrm
1009 2421 1063 2461 eos
1079 2398 1132 2481 qui
1148 2420 1187 2461 ex
1207 2398 1256 2460 his
1272 2421 1342 2482 quae
1360 2398 1544 2461 acciderunt

444 2503 505 2579 his,
517 2504 570 2587 qni
586 2504 662 2566 olim
673 2506 745 2568 Deo
761 2528 824 2569 non
839 2507 1116 2591 obtemperabant,
1128 2513 1257 2570 tentant
1268 2507 1404 2570 alterum
1419 2515 1544 2590 putrem

445 2613 667 2688 introducere;
700 2636 718 2677 e
747 2615 907 2678 contrario
937 2625 1139 2700 opponentes,
1168 2623 1288 2700 quanta
1317 2615 1475 2678 Dominus
1505 2617 1545 2678 ad

445 2719 612 2784 salvandos
632 2743 695 2799 eos,
712 2722 765 2805 qui
783 2731 970 2807 receperunt
992 2747 1073 2802 oum,
1090 2726 1217 2788 veniens
1239 2724 1374 2801 fecisset,
1391 2725 1544 2788 miserans

446 2853 573 2905 eorum,
598 2839 742 2896 tacentes
756 2841 865 2896 autem
880 2835 919 2896 de
930 2834 1050 2917 judicio
1066 2834 1141 2917 ejus,
1158 2842 1191 2897 et
1213 2856 1420 2919 quacumque
1435 2855 1544 2917 prove·

399 2943 534 3020 20niont
557 2942 619 3019 his,
639 2945 692 3026 qui
714 2945 884 3007 audierunt
907 2963 1068 3006 sormones
1091 2946 1168 3026 ejus,
1192 2951 1224 3006 et
1249 2965 1311 3006 non
1336 2946 1487 3020 fecerunt,
1511 2952 1545 3007 et

447 3051 618 3135 ⁸qu0niam
640 3052 830 3136 expediebat
857 3052 911 3128 eis,
940 3051 968 3114 si
993 3074 1055 3115 non
1081 3060 1186 3127 essent
1211 3053 1288 3129 nati,
1316 3062 1348 3117 et
1375 3055 1544 3137 tquoniam

447 3162 641 3226 tolerabilius
654 3165 799 3227 Sodoma¹
815 3170 849 3226 ot
866 3164 1034 3226 Gomorrae
1049 3163 1110 3226 erit
1125 3164 1157 3225 in
1168 3162 1298 3245 judicic,
1311 3184 1405 3246 quum
1421 3164 1543 3228 civitati

447 3271 490 3334 illi
506 3296 576 3356 quae
590 3296 654 3336 non
668 3274 789 3357 recepit
802 3295 962 3337 sermones
977 3272 1202 3357 discipulorum
1217 3272 1294 3355 ojus.

491 3484 662 3563 Quanquam
688 3486 891 3564 interjacentia
915 3487 1010 3555 verba,
1034 3486 1068 3542 de
1091 3486 1193 3563 qiribua
1221 3486 1299 3543 ruodo
1326 3485 1397 3550 dixi,
1421 3485 1545 3562 prindein

402 3620 417 3657 2
422 3618 438 3674 5
440 3588 538 3665 frenae
566 3589 732 3669 Presbyteri
760 3591 839 3647 baud
863 3590 1019 3667 praesracle
1044 3590 1213 3663 negaverim,
1238 3611 1271 3646 ea
1296 3598 1389 3647 tamea
1412 3597 1546 3667 tanquam

452 3694 602 3750 Irenaeana
617 3696 708 3767 magis
727 3695 918 3752 existimanda
939 3715 1065 3752 reorrnrn
1080 3715 1097 3749 a
1115 3694 1203 3750 verbis
1223 3694 1417 3770 superioribas
1431 3693 1477 3750 lu'c
1490 3692 1546 3750 col.

450 3801 569 3860 locarrda
585 3800 690 3858 cenaui.

492 3904 576 3977 (Sine
595 3904 776 3962 dubitatione
795 3904 893 3980 igitur,
909 3913 939 3960 et
956 3903 1018 3960 sine
1035 3900 1262 3959 contradictione
1280 3899 1453 3957 ostendente
1470 3902 1546 3976 Apo-

451 4006 535 4076 stolo,
551 4027 642 4063 unum
656 4019 688 4064 et
702 4007 837 4065 eumdem
852 4027 913 4065 esse
929 4007 1036 4070 Deum,
1052 4005 1102 4080 qui
1118 4014 1148 4061 et
1164 4004 1213 4061 illa
1224 4004 1377 4080 judicavit,
1393 4016 1423 4061 et
1437 4024 1470 4061 ea
1484 4024 1548 4081 qua

403 4141 441 4197 30
451 4133 528 4170 nnnc
542 4124 619 4181 sunt,
634 4113 771 4190 exquirit,
787 4123 818 4170 et
836 4131 965 4169 caussam
985 4110 1187 4186 descriptionis
1204 4129 1303 4165 eorum
1321 4109 1546 4177 demonstrante,

450 4216 560 4273 indocti
581 4226 612 4273 et
632 4216 763 4283 audaces,
785 4216 880 4274 adhuc
900 4215 987 4273 etiam
1008 4212 1208 4289 imprudentes
1226 4213 1416 4270 inveniuntur
1438 4234 1547 4280 onmes,

451 4320 500 4395 qui
522 4330 642 4397 propter
662 4321 917 4397 transgressionem
939 4338 1050 4382 eorum,
1070 4316 1120 4392 qui
1142 4316 1210 4373 olim
1232 4317 1363 4382 fuerunt,
1381 4328 1411 4375 et
1430 4329 1550 4395 propter

451 4422 642 4500 plurimorum
671 4423 782 4480 indicto
809 4422 996 4489 audientiam,
1026 4419 1147 4476 alterum
1175 4419 1293 4496 quidem
1322 4420 1404 4478 aiunt
1432 4420 1547 4478 illorum

451 4527 541 4585 fuisse
555 4527 663 4593 Deum,
679 4539 709 4584 et
723 4527 801 4585 huuc
815 4547 877 4586 esse
897 4525 998 4583 mundi
1017 4525 1229 4589 fabricatorem,
1244 4534 1274 4581 et
1294 4544 1356 4581 esse
1374 4525 1403 4580 in
1422 4524 1548 4582 diminu-

597 4757 608 4785 r
627 4746 666 4794 Pr.
679 4745 764 4792 xxxiii.
777 4743 813 4791 16,
914 4758 924 4782 u
944 4746 1022 4794 blare.
1035 4747 1083 4793 xiv.
1095 4758 1133 4792 21.
1232 4750 1239 4774 ¹
1257 4743 1294 4790 Id.
1306 4743 1337 4788 vi.
1350 4756 1386 4789 ιι.
