3809 5650
618 686 668 749 IN
693 683 952 757 MELITONlS
977 684 1279 750 FRAGMENTA,
1439 687 1499 748 131

398 853 535 915 salsorum
567 853 758 917 Christianos
786 854 941 931 imitandi,
975 857 1003 937 ξ.
1027 875 1072 921 12.
1125 863 1144 891 “
1161 855 1238 918 Non
1268 873 1397 938 possum
1426 855 1502 937 quin

400 965 419 990 ‘⁶
435 976 581 1018 moneam
599 955 682 1018 hune
700 955 865 1019 Melitonis
880 956 984 1020 laeum
999 957 1162 1041 suppetias
1185 956 1245 1019 illis
1267 956 1342 1030 iere,
1358 956 1412 1039 qui
1427 976 1502 1019 eon-

400 1064 419 1090 “
435 1056 582 1131 tendunt,
599 1079 708 1120 verum
730 1057 807 1120 illud
828 1079 907 1135 esse,
923 1059 1010 1143 quod
1032 1058 1185 1142 seriptum
1207 1066 1319 1121 extare
1331 1057 1399 1140 jam
1422 1057 1501 1119 dixi·

400 1169 420 1190 “
437 1179 519 1233 mus,
535 1157 703 1221 Tiberium
718 1165 752 1221 et
775 1159 979 1223 Hadrianum
1002 1160 1165 1224 Christum
1187 1160 1272 1224 inter
1294 1159 1370 1222 deos
1394 1179 1502 1222 eonse-

400 1267 525 1325 “arare
552 1260 694 1324 valuisse.
741 1262 826 1324 Nam
847 1283 943 1346 quum
968 1261 1085 1326 Melite
1106 1267 1323 1326 antecessores
1345 1260 1502 1324 Antonini

401 1371 420 1399 “
438 1363 572 1426 voluisse
587 1370 736 1441 testatur,
753 1371 790 1428 ut
804 1363 914 1449 religio
930 1363 1112 1428 Christiana
1126 1385 1191 1428 non
1205 1385 1295 1427 saeus
1308 1384 1347 1426 aa
1361 1362 1502 1447 reliqua,

400 1474 421 1503 “
439 1465 562 1549 publiea
598 1466 823 1542 tolerarentur,
852 1466 894 1528 ad
919 1486 1075 1551 quosnam
1096 1465 1128 1528 id
1154 1465 1363 1548 imperatores
1393 1463 1504 1527 referri

400 1577 422 1605 “
439 1575 546 1651 queat,
578 1567 603 1630 si
629 1567 688 1630 hos
717 1567 797 1630 dues
828 1589 907 1650 quos
936 1568 1096 1630 nominavi
1125 1568 1274 1651 excipias,
1300 1566 1386 1630 haud
1411 1565 1502 1629 iaoils

400 1677 422 1705 “
437 1669 601 1753 apparet.''
646 1669 684 1732 P.
699 1688 774 1753 359.
797 1669 857 1732 vol.
875 1669 904 1731 1.
920 1670 1047 1733 Dasea.
1064 1668 1109 1732 ad
1128 1668 1211 1732 Hist.
1229 1667 1311 1731 Eoel.
1330 1668 1502 1730 Peraean.

400 1770 451 1833 od.
467 1770 624 1833 seeundae.

446 1869 483 1932 P.
505 1886 575 1951 117.
593 1870 613 1932 l.
635 1890 681 1932 11.
709 1873 796 1951 μόνοι
810 1869 1083 1951 πάντων-Νέρων
1098 1871 1146 1933 sal
1162 1867 1359 1954 aspernante]
1407 1869 1498 1933 ldem

401 1972 512 2035 soribit
535 1972 748 2036 Tertullianus
770 1974 803 2036 in
825 1973 1037 2058 Apologetioo
1051 1994 1121 2056 oap.
1137 1988 1169 2055 5.
1187 1971 1365 2055 Repaietis,
1387 1970 1500 2055 inquit,

394 2074 536 2159 primm
551 2076 702 2137 Nemeam
729 2076 763 2138 io
788 2075 866 2138 lana
886 2085 994 2138 saetam
1014 2084 1077 2138 tam
1097 2074 1227 2137 manime
1242 2075 1347 2136 Rama
1364 2073 1503 2136 orimtem

404 2176 580 2239 (lammam
603 2176 708 2260 plodio
725 2176 881 2260 ferocisse.
929 2175 974 2239 Et
1003 2176 1098 2260 paulo
1127 2181 1224 2261 post:
1266 2177 1446 2240 Testamrat
1474 2185 1503 2240 et

401 2277 610 2355 Domitianas,
626 2277 729 2360 portio
751 2277 884 2340 Naroma
905 2277 941 2340 de
963 2277 1147 2340 crudelitate.
1197 2277 1318 2358 Quibus
1340 2278 1408 2342 haeo
1430 2278 1504 2341 sub·

397 2376 515 2460 jungit.
551 2381 689 2441 Cetemm
711 2378 747 2441 de
762 2387 803 2442 tot
820 2379 928 2442 esiade
943 2377 1139 2464 primipilus
1158 2379 1203 2442 ad
1221 2379 1409 2455 hodiernam,
1425 2380 1504 2443 adite

401 2479 533 2562 aliquem
561 2477 767 2542 debellatorem
798 2480 1052 2543 Christianorum.
1100 2480 1208 2558 Qaalss
1232 2503 1299 2565 erpo
1329 2480 1400 2566 lepes
1427 2482 1503 2552 ista,

401 2602 476 2665 qaas
490 2580 634 2644 adversas
648 2603 700 2645 aas
713 2581 769 2645 soli
783 2591 914 2645 mercem
929 2582 1033 2667 impii,
1048 2581 1163 2665 lajasti,
1180 2584 1502 2665 ποποποποποποποῖ,

401 2682 574 2745 demotos?
596 2703 672 2767 qaas
691 2683 845 2766 Trayaaas
868 2705 904 2747 ea
919 2693 1014 2768 parte
1027 2684 1204 2766 fenestratas
1225 2693 1286 2746 est:
1310 2706 1386 2767 qaas
1404 2685 1506 2748 asellas

402 2784 599 2861 Hadrimsm,
610 2784 712 2849 nullm
721 2785 811 2863 Piae,
827 2785 929 2850 sallas
947 2786 1041 2850 Vama
1055 2785 1214 2869 impressit.
1232 2784 1395 2849 Vsnnsrus.
1417 2787 1505 2866 μόνοι

402 2889 435 2949 δὲ
452 2912 484 2950 π.
510 2887 676 2971 menapis.
721 2887 854 2951 Smorn.

447 2988 529 3052 lbid.
556 2988 576 3051 l.
597 3006 644 3073 15.
660 2989 739 3073 περὶ]
758 2993 839 3070 παρὰ
856 2989 986 3074 Niceplt.
1001 3010 1076 3051 mox
1097 3009 1155 3073 pne
1179 2988 1306 3068 dyuaiav
1332 2986 1504 3071 Clristopt.

403 3090 497 3153 Lemt.
513 3090 634 3154 habent
649 3092 763 3155 ἆνοίαν.
801 3092 908 3157 Aliter
926 3093 1061 3174 Rufinus.
1086 3091 1219 3153 Smoru.
1242 3088 1364 3153 illamam
1377 3111 1506 3152 erraras·

401 3192 457 3274 pai
486 3213 524 3256 ea
548 3192 725 3276 ipmraatia
750 3203 882 3258 asserat.
908 3195 1050 3276 Rafiam.
1072 3191 1230 3257 inseitiam
1255 3198 1290 3255 et
1320 3191 1504 3266 amentiam,

404 3292 664 3377 Clristoplarsmi
678 3296 782 3359 oemio.

448 3398 485 3458 P.
514 3398 584 3458 118.
611 3395 631 3459 l.
651 3416 678 3458 1.
701 3398 794 3475 ὁμὲν
813 3394 933 3462 πάππος
957 3422 1013 3459 σου
1031 3393 1189 3477 Ἀδριανὸς
1207 3394 1278 3479 Sta]
1311 3394 1440 3469 Attulit,
1466 3403 1504 3458 ut

403 3518 500 3582 supra
513 3499 633 3574 monui,
648 3498 731 3561 hano
747 3498 905 3562 Hadriani
926 3498 968 3562 ad
990 3498 1182 3562 Fundanum
1204 3495 1372 3583 epistolam
1387 3496 1420 3558 in
1434 3518 1504 3581 cap.

403 3618 434 3680 9.
450 3598 545 3682 hujus
556 3598 611 3662 lib.
626 3600 774 3662 Historia
789 3599 948 3663 Eusebius
969 3621 990 3663 a
1011 3599 1143 3664 Justino
1160 3600 1307 3684 Martyre
1327 3605 1503 3682 saeptam.

404 3699 454 3764 De
469 3723 532 3784 qua
546 3701 709 3785 praeclare,
724 3708 762 3765 ut
778 3702 868 3775 solet,
884 3701 954 3787 agit
971 3701 1025 3765 Fr.
1037 3701 1209 3765 Balduinus
1223 3701 1247 3765 J
1249 3701 1309 3766 0
1300 3723 1332 3764 1n
1344 3703 1504 3766 Conmmt.

402 3802 448 3864 ad
461 3802 576 3866 Edicta
599 3803 660 3865 Vel.
676 3803 860 3889 Priaoipam
874 3803 963 3865 Rem.
978 3804 1016 3867 de
1032 3803 1275 3878 ctriaiaoa3‘
1278 3800 1404 3864 ‘Ubi
1395 3822 1428 3864 m
1439 3801 1504 3884 jus,

402 3903 555 3988 “inquit
585 3909 715 3967 ventum
744 3915 801 3982 est,
832 3911 866 3968 et
896 3911 1001 3968 status
1027 3911 1077 3968 est
1106 3904 1219 3989 aliquis
1248 3925 1321 3967 reus
1346 3900 1506 3986 religionis

402 4013 424 4043 “
441 4007 639 4083 christianae,
656 4006 819 4069 Adrianus
842 4005 910 4069 vult
934 4026 1021 4068 more
1044 4012 1142 4088 atque
1165 4003 1275 4067 ordine
1290 4022 1418 4067 oausam
1439 4000 1501 4116 agi.

404 4108 504 4172 “Sed
534 4108 560 4172 si
591 4106 711 4171 nullum
740 4106 827 4171 aliud
857 4108 976 4171 crimen
1009 4106 1207 4191 proponitur,
1238 4125 1334 4188 quam
1371 4102 1506 4166 nominis

404 4217 424 4244 ‘¹
440 4208 625 4287 Christiani,
641 4230 705 4272 non
715 4208 840 4272 videtur
854 4209 914 4271 hoe
926 4207 1026 4272 solum
1036 4208 1078 4270 ad
1088 4204 1281 4270 criminalem
1297 4204 1504 4288 quaestionem

404 4319 427 4350 “
441 4311 552 4376 reterri
568 4311 712 4375 voluisse.
758 4310 808 4373 Ut
830 4310 863 4374 id
886 4309 1077 4386 existimem,
1101 4308 1178 4372 iacit
1193 4307 1352 4380 Justinus‚
1370 4306 1422 4391 qui
1446 4307 1505 4369 hoa

401 4413 579 4477 “Adriani
600 4413 756 4497 rescripto
778 4435 841 4475 non
864 4418 1010 4476 uteretur
1032 4411 1064 4473 in
1085 4409 1245 4495 religionis
1260 4408 1507 4485 confessionam

403 4522 425 4552 ‘⁶
440 4515 524 4579 hane
547 4537 673 4600 quoque
695 4515 794 4578 solam
816 4513 982 4577 Adrianus
1004 4513 1154 4576 voluisset
1176 4511 1290 4597 puniri.
1336 4511 1452 4576 Utitur
1472 4519 1506 4574 et

402 4621 425 4653 ‘⁴
440 4617 552 4680 eodem
567 4614 713 4700 exemplo
730 4613 844 4678 Melita
860 4613 1025 4678 Sardensis
1040 4613 1073 4677 in
1089 4635 1147 4677 sua
1168 4614 1210 4676 ud
1233 4611 1371 4676 Lusium
1387 4611 1510 4695 (potius

403 4725 424 4755 “
442 4718 607 4801 Marcum)
651 4718 770 4781 Verum
807 4716 888 4800 Imp.
917 4716 1091 4801 Apologia,
1129 4722 1163 4779 a
1203 4721 1315 4800 aperte
1360 4718 1509 4786 teststsu,

932 4837 984 4881 sa
