3809 5650
367 426 432 491 ιον
714 426 952 510 summus:
976 427 1148 493 seusu.

366 589 633 692 στρεβλώσεως
652 590 773 671 ἱκανὸν
791 590 835 691 ἦν
852 592 944 694 πρὸς
963 588 1005 671 τὸ
1023 592 1213 698 ἐξαγαγεῖν
1238 591 1305 691 τὴν
1328 592 1465 699 ψυχὴν,

365 727 433 829 οὐχ
460 723 515 804 ὅτι
539 758 583 826 γε
607 733 754 804 τοιαῦτα
775 728 834 804 καὶ
857 735 1031 805 τοσαῦτα.
1065 728 1150 805 ἀλλ’
1181 727 1204 824 ἦ
1232 729 1389 831 μακαρία
1416 732 1465 813 ὡς

365 865 524 961 γενναῖος
556 857 717 956 ἀθλητὴς
745 856 923 958 ἀνενεάζὲν
956 862 1066 964 ἐντῇ
1098 860 1287 964 ὁμολογίᾳ.
1330 862 1389 939 καὶ
1420 859 1465 960 ἧν

365 994 473 1092 αι’σῆς
491 991 675 1098 ἀνάληψις
693 995 752 1071 καὶ
770 990 972 1077 ἀνάπαυσις·
985 995 1044 1071 καὶ
1057 995 1267 1092 ἀναλγησία
1283 1000 1357 1073 τῶν
1370 1029 1465 1093 συμ-

364 1126 573 1226 βαινόντων,
590 1125 633 1208 τὸ
652 1126 772 1228 λε’γειν
792 1126 847 1207 ὅτι
865 1126 1069 1230 Χριστιονή
1088 1132 1170 1226 εἶμι·
1199 1131 1258 1208 καὶ
1275 1130 1360 1231 παρ’
1380 1130 1491 1228 ἡμῖνὸ

364 1260 465 1342 οὐδὲν
484 1267 627 1368 φαῦλον
645 1261 790 1362 γίνεται.

419 1393 467 1482 ς’.
497 1396 546 1474 Ὁ
576 1392 613 1472 δὲ
639 1391 802 1494 Σάγκτος
827 1396 886 1471 καὶ
916 1391 1022 1476 αὐτὸς
1052 1393 1374 1497 ὑπερβεβλημένος
1405 1398 1464 1474 καὶ

365 1529 452 1633 ὑπὲρ
469 1527 588 1610 πάντα
607 1528 797 1631 ἄνθρωπον
819 1527 942 1612 πόσας
967 1527 1032 1613 τάς
1055 1528 1100 1634 ἐξ
1124 1528 1324 1631 ἀνθρώπων
1350 1532 1464 1616 αἰκίας

363 1664 532 1766 γενναίως
562 1663 756 1761 ὑπομένων,
785 1668 858 1740 τῶν
890 1658 1034 1760 ἀνόμων
1066 1661 1282 1764 ἐλπιζόντων
1309 1660 1367 1741 διά
1399 1662 1464 1762 τὴν

362 1796 533 1897 ἐπιμονὴν
554 1796 679 1876 καὶτὸ
704 1794 854 1894 με’γεθος
880 1803 953 1873 τῶν
981 1794 1156 1891 βασάνων
1183 1795 1407 1877 ἀκούσεσθαί
1428 1833 1512 1879 τιιο

362 1933 447 2035 παρ’
466 1932 576 2011 αὐτοῦ
592 1935 664 2009 τῶν
688 1928 738 2028 μὴ
765 1928 926 2027 δεόντων,
945 1929 1105 2036 τοσαύτῃ
1130 1930 1331 2012 ὑποστάσει
1360 1935 1459 2013 ἀντι·

999 2062 1010 2090 ἱ
1035 2063 1051 2093 J

361 2062 589 2170 παρετάξατο
607 2064 735 2159 αὐτοῖς,
754 2062 850 2141 ὥστε
867 2061 957 2162 μηδὲ
974 2098 1016 2142 το
1036 2067 1125 2143 ιδιον
1142 2072 1317 2145 κατειπεῖν
1340 2065 1463 2165 ὄνομα,

362 2197 453 2299 μήτε
470 2197 593 2281 ἔθνους
608 2195 698 2296 μήτε
716 2194 856 2280 πόλεως
881 2196 964 2276 ὅθεν
987 2194 1042 2295 ἦν,
1061 2197 1150 2296 μήτε
1173 2205 1203 2277 εἰ
1227 2202 1358 2284 δοῦλος
1381 2199 1404 2300 ἦ
1428 2204 1463 2281 ε’-

363 2330 531 2434 λειίθερος
541 2331 607 2430 εἴη·
634 2329 735 2409 ἀλλά
749 2329 840 2433 πρὸς
851 2329 971 2411 πάντα
985 2330 1031 2411 τὰ
1044 2333 1298 2434 ἑπερωτώμενα
1312 2336 1457 2438 ἀπεκρί-

364 2500 450 2546 νατο
467 2467 705 2570 τῇῬωμοῖκῇ
719 2471 835 2572 φωνῇ,
847 2466 1068 2568 Χριστιανός
1086 2473 1166 2565 εἶμι.
1182 2477 1288 2548 τοῦτο
1306 2472 1364 2548 καὶ
1383 2472 1462 2550 ἀντὶ
1474 2502 1508 2560 15

362 2596 545 2698 ὀνόματος,
573 2600 632 2677 καὶ
660 2602 739 2676 ἀντὶ
765 2597 916 2696 πόλεως,
944 2603 1003 2677 καὶ
1030 2602 1109 2678 ἀντὶ
1136 2601 1269 2701 γένους,
1298 2606 1357 2681 καὶ
1383 2606 1463 2683 ἀντὶ

362 2732 498 2817 παντὸς
510 2729 730 2831 ἐπαλλήλως
748 2732 936 2834 ὡμολόγει·
957 2733 1078 2834 ἀλλην
1091 2734 1129 2814 δὲ
1143 2734 1268 2839 φωνὴν
1280 2738 1345 2816 οὐκ
1357 2738 1462 2838 ἤκου-

363 2903 436 2947 σαν
450 2869 558 2948 miror]
576 2865 623 2945 τὰ
641 2867 734 2965 ἔθνη.
752 2866 834 2945 ὅθεν
848 2866 892 2966 δὴ
906 2874 965 2947 καὶ
979 2870 1177 2973 φιλονεικία
1189 2870 1333 2973 μεγάλη
1347 2882 1410 2952 τοῦ
1424 2907 1462 2952 τε

362 3002 534 3105 ἡγεμόνος
551 3004 696 3080 καὶτῶν
714 3009 953 3096 βασανιστῶν
967 3003 1104 3104 ἐγένετο
1117 3002 1207 3107 πρὸς
1226 3004 1346 3085 αὐτόν·
1367 3006 1462 3085 ὥστε

362 3185 537 3248 eueeaudam
583 3185 738 3253 suffecisse,
777 3186 884 3243 nedum
936 3188 1048 3246 licitum
1070 3208 1106 3247 ex
1125 3209 1161 3248 eo
1179 3189 1341 3257 audituros,
1355 3191 1394 3248 ob
1414 3192 1510 3252 ui·ao

363 3279 408 3327 tot
428 3287 461 3325 ac
480 3276 562 3325 tauta
580 3276 734 3324 tormenta.
772 3264 885 3323 Verum
936 3268 1022 3325 miam
1032 3268 1090 3326 vim
1106 3279 1136 3327 et
1151 3270 1380 3347 magnitudinem
1393 3292 1459 3329 cru-

362 3347 447 3407 beau
464 3345 516 3403 illa
537 3346 627 3403 instar
640 3345 771 3422 generosi
788 3345 886 3421 cujus-
935 3348 1082 3405 eiatuum:
1106 3359 1186 3406 tanta
1207 3349 1343 3408 firmitate
1358 3351 1400 3408 eis
1414 3371 1460 3410 re·

362 3426 429 3486 dam
443 3425 570 3492 athlete,
584 3424 614 3482 in
629 3425 692 3501 ipsa
705 3425 886 3482 confessione
935 3427 1022 3494 stitit,
1043 3438 1077 3486 ut
1098 3448 1151 3487 nec
1172 3448 1268 3495 suum,
1291 3449 1345 3487 uec
1364 3432 1461 3505 gentis

362 3508 438 3565 vires
461 3515 548 3582 atque
573 3505 684 3562 animos
710 3504 883 3562 resumebat.
935 3517 987 3564 aut
1001 3507 1128 3566 civitatis
1142 3527 1179 3566 ex
1194 3528 1252 3585 qua
1265 3519 1341 3567 esset
1360 3512 1460 3568 oriun.

362 3587 496 3662 Eratque
525 3585 552 3644 ei
581 3584 702 3643 refectio
728 3595 759 3642 et
791 3583 884 3660 quies,
936 3585 991 3644 dus
1018 3606 1134 3655 nomen,
1157 3607 1210 3646 nec
1235 3599 1334 3645 utrum
1359 3597 1505 3659 servus²5

361 3684 536 3742 sensumque
577 3683 691 3722 omnem
735 3663 885 3739 praesentis
934 3676 1011 3723 esset
1021 3687 1057 3724 an
1066 3668 1219 3744 ingenuus,
1229 3666 1399 3746 prolocutus
1407 3669 1458 3727 sit:

361 3745 470 3805 doloris
500 3744 645 3803 adimebat
676 3743 800 3822 prolatio
833 3744 885 3799 ho.
934 3744 986 3803 sed
995 3745 1031 3802 ad
1040 3766 1140 3804 omnes
1148 3747 1459 3824 interrogationes&-

361 3845 426 3884 rum
482 3825 654 3884 verborum:
719 3823 885 3881 Christiana
934 3843 1020 3882 mana
1035 3826 1136 3904 lingua
1149 3827 1342 3904 responderit,
1358 3829 1458 3887 Chris·

361 3925 435 3972 sum,
445 3916 476 3964 et
487 3903 560 3962 nibil
573 3902 652 3981 apud
663 3923 715 3961 uos
726 3902 793 3960 mali
808 3902 884 3980 geri·
935 3904 1032 3963 tiauus
1055 3925 1129 3964 sum.
1172 3905 1241 3965 Hoc
1263 3907 1318 3965 sibi
1340 3927 1457 3975 nomen.

361 3996 419 4044 tur,
935 3984 1068 4062 patriam,
1089 4006 1191 4063 genus,
1213 3986 1310 4044 omnia
1332 3987 1508 4064 denique30

402 4065 432 4124 6.
455 4064 580 4123 Sanctus
597 4083 675 4128 vero.
691 4082 755 4121 eum
772 4072 802 4119 et
822 4062 883 4140 ipse
934 4064 1129 4124 essesubinde
1139 4066 1348 4143 profitebatur3
1362 4086 1458 4143 neque

361 4164 448 4224 supra
471 4143 630 4201 humanum
656 4141 773 4200 modum
797 4161 883 4200 eunc-
934 4143 1019 4201 aliam
1034 4164 1133 4203 vocem
1148 4147 1184 4205 ab
1203 4166 1238 4204 eo
1256 4146 1388 4206 Gentiles
1405 4166 1458 4206 ax·

361 4234 392 4284 ta
405 4243 470 4300 quae
488 4223 525 4281 ab
542 4222 708 4280 hominibus
726 4221 882 4298 exsagitari
934 4233 1071 4300 torquere
1089 4225 1252 4284 valuerunt.
1295 4227 1391 4298 Quam
1413 4237 1458 4285 et·

361 4312 517 4382 potuerant
531 4312 676 4360 tormenta
689 4301 806 4359 fortiter
819 4321 882 4359 sus·
934 4302 990 4359 iam
1006 4304 1043 4362 ob
1057 4323 1171 4363 causam
1183 4306 1309 4364 maxima
1318 4304 1457 4365 adversus

360 4382 478 4449 tineret,
497 4380 680 4459 sperantibus
700 4380 761 4457 jam
787 4379 883 4458 impiis
933 4380 1016 4439 illum
1042 4394 1072 4441 et
1097 4384 1233 4443 Praesidis
1257 4396 1288 4444 et
1312 4396 1455 4444 tortorum
1465 4397 1503 4459 35

360 4460 470 4540 aliquid
494 4481 525 4519 se
546 4458 713 4518 indecorum
736 4469 823 4536 atque
844 4459 880 4517 il·
934 4462 1092 4536 pertinacia
1106 4465 1213 4523 furoris
1227 4471 1340 4524 exarsit.
1370 4464 1456 4524 Adeo
