3809 5650
296 619 538 753 ⁵²³i²³²³⁵
825 682 1022 755 narras,

369 881 481 954 alium
523 882 698 951 seniorem
733 880 946 962 Johannem,
981 902 1089 972 quem
1131 889 1213 972 post
1255 879 1476 950 Aristionem

372 1012 569 1074 enumerat.
631 1003 713 1073 Hoc
743 1013 863 1074 autem
896 1002 1052 1072 diximus
1086 1011 1231 1094 propter
1260 1003 1476 1095 superiorem

370 1128 586 1218 opinionem,
605 1149 711 1219 quarn
729 1150 751 1197 a
767 1120 972 1219 plerisqued
988 1125 1176 1196 retulimus
1193 1125 1373 1209 traditam,
1391 1128 1477 1196 duas

371 1251 584 1341 posteriores
614 1249 781 1342 epistolas
806 1248 980 1320 Johannis
1010 1273 1081 1319 non
1107 1247 1274 1342 Apostoli
1300 1272 1388 1332 esse,
1414 1250 1476 1320 sed

370 1374 578 1465 presbyteri.
648 1372 720 1442 Hic
763 1373 894 1443 dicitur
935 1372 1036 1442 mille
1077 1394 1250 1443 annorum
1288 1371 1476 1443 Judaioam

371 1497 523 1566 edidisse
556 1493 781 1593 ‘cleu-reposo,
813 1518 921 1589 quem
964 1496 1077 1565 secuti
1117 1504 1201 1564 sunt
1235 1494 1404 1578 Irenaeus,
1438 1504 1477 1565 et

368 1617 623 1713 Apollinarius,
650 1629 688 1689 et
713 1621 835 1702 ceteri,
861 1620 921 1710 qui
947 1628 1028 1712 post
1054 1621 1350 1690 resurrectionem
1376 1621 1477 1690 aiunt

368 1744 406 1813 in
430 1766 535 1813 carne
558 1766 640 1813 oum
665 1745 796 1814 sanctis
821 1741 1019 1812 Dominum
1045 1751 1286 1836 regnaturum.
1337 1743 1478 1813 Tertul-

368 1865 484 1936 lianus
507 1889 648 1958 quoque
673 1868 711 1935 in
730 1863 841 1935 flibro
868 1867 913 1935 de
939 1888 1002 1958 spe
1027 1866 1198 1948 fidelium,
1216 1876 1254 1937 et
1268 1865 1477 1938 Victorinus

323 2050 326 2062 ,
371 1986 649 2071 Petabionensis,
667 1998 705 2058 et
725 1988 935 2058 Lactantius
953 1989 1019 2058 hac
1037 1987 1203 2079 opinione
1221 1990 1400 2059 ducuntur
1412 1999 1440 2058 8.

411 2292 427 2325 ⁸
449 2283 650 2361 Hieronymus
668 2302 753 2340 suum
777 2283 898 2341 Librum
921 2303 958 2342 ex
976 2282 1100 2342 Eusebii
1120 2281 1324 2342 Ecclesiastiea
1343 2283 1477 2342 Historia

370 2379 525 2436 maximam
541 2389 654 2457 partem
670 2380 860 2458 deprompsit.

410 2473 427 2519 b
450 2475 617 2554 Hierapolis
638 2476 741 2534 civitas
761 2476 793 2532 in
816 2476 945 2554 Phrygia
960 2475 1041 2536 Asia.
1061 2477 1191 2555 regione.
1235 2475 1478 2555 Hierapolitanos

372 2571 539 2652 Episcopus
552 2571 661 2630 dieitur
672 2571 778 2650 Papias
792 2571 881 2630 etiam
894 2573 931 2630 ab
942 2572 1073 2632 Eusebio
1087 2573 1128 2631 iii.
1139 2573 1188 2648 36.
1204 2573 1312 2631 Hieta
1327 2572 1477 2651 Stephano

371 2666 490 2727 Gobaro
514 2666 593 2747 apud
619 2666 770 2736 Photium,
794 2667 867 2725 Cod.
892 2686 960 2743 232.
990 2668 1148 2728 Anastatio
1174 2669 1286 2728 Sinaita
1308 2669 1358 2727 lib.
1373 2669 1423 2727 vii.
1445 2668 1476 2725 in

372 2763 517 2822 Hexaem.
533 2762 655 2841 aliisque
673 2774 704 2822 et
723 2764 759 2822 ab
774 2764 899 2823 Hieron.
914 2784 1003 2844 supra
1022 2786 1083 2845 cap.
1100 2767 1128 2825 8.
1144 2776 1175 2825 et
1191 2765 1356 2825 protasia
1371 2763 1476 2823 Victo.

370 2860 427 2918 rin.
453 2860 490 2919 ad
515 2859 724 2941 Apocalypsin.
765 2861 816 2920 Jo.
836 2864 977 2919 Aassa‘r.
1000 2861 1186 2921 Fssnrorus.
1229 2863 1379 2920 Memorat
1402 2861 1477 2918 hanc

370 2955 521 3015 ecclesiam
549 2976 616 3016 oum
645 2956 703 3016 illis
728 2956 912 3017 Colossarum
941 2970 973 3018 et
997 2957 1148 3017 Laodiceae
1174 2960 1205 3017 S.
1222 2956 1342 3024 Paulus,
1365 2954 1475 3013 Coloss.

370 3052 474 3129 iv.13.
516 3053 680 3133 Martyrem
703 3054 821 3113 demum
842 3056 976 3114 extitisse
999 3054 1129 3133 Papiam,
1155 3052 1366 3133 Martyrolagia
1387 3050 1476 3130 signi·

372 3147 471 3215 fleant,
495 3150 596 3219 Bedoe,
615 3150 752 3216 Ususrdi,
778 3149 902 3217 Adonis,
925 3151 1060 3214 aliorum,
1083 3170 1148 3227 quas
1169 3149 1266 3207 omnia
1292 3148 1411 3226 Papiam
1431 3148 1476 3204 in·

371 3257 481 3305 sertum
502 3248 619 3306 habent.
664 3248 699 3305 ln
721 3243 867 3304 Chronico
888 3247 1009 3323 insuper
1030 3244 1242 3312 Alexandrino,
1259 3264 1310 3302 seu
1333 3242 1475 3307 Paschali.

371 3341 433 3401 hec
455 3344 510 3401 sub
531 3343 706 3421 imperatore
729 3341 833 3399 Marco
857 3340 982 3398 Aurelio
1003 3339 1099 3418 posita
1121 3350 1207 3398 sunt:
1234 3342 1284 3395 Σὺν
1304 3344 1341 3415 τῷ
1362 3339 1427 3413 ἁγίῳ
1448 3340 1477 3392 δὲ

371 3442 536 3514 Πολυκάρπφ
551 3441 592 3494 καὶ
610 3439 690 3493 ἄλλοι
703 3439 727 3493 ὅ
740 3438 792 3492 ἀπὸ
806 3438 985 3509 adstrictior
1002 3436 1103 3509 (Cous.
1120 3436 1279 3514 Polycarpi
1297 3435 1477 3513 Martyrium

371 3552 389 3591 a
414 3532 640 3610 Smymenslbus
661 3531 760 3610 script.
779 3535 803 3603 ἧ.
821 3534 864 3609 2.)
879 3538 1057 3607 μαρτυροῦσιν
1077 3534 1105 3588 ἐν
1126 3532 1238 3607 Σμύρνῃ·
1261 3535 1302 3588 καὶ
1320 3533 1349 3586 ἐν
1372 3536 1475 3605 Περγά-

370 3652 412 3704 pp
430 3629 459 3684 di
474 3626 569 3703 ἕτεροι,
584 3630 613 3685 ἐν
631 3626 670 3686 oie
690 3626 722 3698 ἦν
740 3629 781 3684 nol
802 3638 932 3685 Hamas
953 3632 995 3684 sal
1015 3631 1093 3685 ἄλλοι
1114 3632 1219 3695 πολλοὶ,
1239 3626 1276 3686 cir
1297 3632 1338 3685 nol
1356 3631 1477 3702 ἕγγραφιι

372 3728 498 3800 φέρονται
519 3727 553 3781 τὰ
570 3726 710 3799 papnlpm,
727 3745 756 3803 p.
773 3723 841 3800 258.
862 3725 934 3785 edit.
957 3725 1110 3803 Ducungii,
1133 3748 1162 3806 p.
1185 3729 1255 3801 481.
1277 3724 1322 3784 ed.
1338 3723 1476 3783 Dindorf.

374 3820 449 3879 Haec
468 3820 558 3879 refert
572 3820 710 3878 Chronici
724 3820 807 3879 Alex.
821 3832 932 3891 auctor,
946 3820 996 3899 qui
1017 3822 1192 3899 imperatore
1211 3821 1384 3880 Constantio
1403 3840 1477 3899 opus

371 3917 495 3976 fortasse
509 3916 635 3997 scripsit.

415 4027 429 4059 θ
440 4015 654 4095 loquebantur,
666 4015 844 4074 Veronensis
858 4015 927 4074 MS.
938 4016 1093 4095 Mqrrrmlur
1106 4036 1159 4091 pro
1173 4015 1368 4096 loquebantur,
1381 4015 1479 4074 verius

372 4112 409 4170 ad
431 4111 528 4191 Papiae
553 4121 666 4171 textum
688 4114 823 4186 λέγουσιν.
858 4111 1079 4181 Vanniusrus,
1099 4112 1230 4190 Operum
1254 4111 1286 4170 S.
1304 4111 1478 4191 Hieronymi

373 4208 468 4265 editor
482 4208 664 4266 novissimus.

414 4301 428 4339 ἃ
449 4304 553 4381 Capite
567 4304 608 4360 ix.
623 4303 714 4379 hujus
727 4302 793 4362 libri
810 4304 859 4362 De
871 4304 950 4363 Viris
961 4304 1010 4363 Ill.
1023 4325 1103 4373 voce,
1112 4306 1264 4365 Johannes
1273 4306 1440 4385 Apostolus.

414 4408 428 4439 θ
449 4401 612 4471 amem.
624 4397 646 4455 J
647 4399 760 4464 udaica,
774 4411 820 4459 est
834 4401 1061 4469 traditio,‚velut
1075 4403 1202 4461 secundo
1217 4402 1281 4461 loco
1300 4413 1367 4481 post
1385 4402 1479 4478 legem

374 4490 510 4569 scriptam
534 4492 676 4581 habenda,
700 4493 808 4554 Misna.
851 4496 930 4555 Vide
956 4497 1155 4576 Epiphaniam
1180 4498 1282 4555 haeresi
1310 4498 1368 4554 xvi.
1394 4497 1477 4555 Idem

374 4585 468 4643 xxxiii.
492 4605 521 4662 9.
544 4590 571 4644 ol
593 4591 645 4662 γὰρ
668 4593 826 4662 παραδόσεις
847 4597 899 4648 τῶν
922 4596 1109 4665 πρεσβυτέρων
1136 4596 1306 4667 decrepitam
1332 4597 1402 4667 παρὰ
1426 4598 1478 4649 τῶν
