3809 5650
957 1811 1182 1895 PLURIUM

579 2048 910 2147 AUCTORUM
950 2048 1554 2150 ECCLESIASTICORUM

667 2287 797 2360 APUD
821 2296 854 2361 S.
870 2295 1200 2362 HIERONYMUM
1224 2295 1469 2364 REOENSUS.

931 2500 1206 2547 ...4-

633 2658 867 2730 IDELICET
910 2663 1138 2750 Hieronymus,
1173 2686 1245 2729 cum
1281 2667 1415 2753 Pupiam
1449 2666 1591 2752 aliosque

650 2773 776 2841 circiter
789 2773 901 2860 viginti
923 2772 1101 2859 Scriptores
1115 2795 1136 2839 n
1151 2797 1201 2840 me
1216 2775 1364 2841 collectos
1385 2776 1459 2841 alibi
1474 2799 1590 2842 memo

541 2895 656 2965 resset,
677 2886 718 2951 de
739 2885 868 2971 reliquis
890 2885 989 2950 ferme
1013 2885 1158 2950 omnibus
1182 2886 1233 2950 hic
1255 2887 1380 2974 positis,
1402 2887 1503 2972 iisque
1527 2888 1591 2951 cul-

541 2998 688 3075 tioribus,
709 2997 743 3061 iu
764 2996 912 3082 Epistola
933 2995 976 3061 ud
999 2995 1155 3081 Magnum
1180 3005 1341 3062 oratorem
1367 2997 1453 3061 urbis
1479 2998 1590 3062 Romce

541 3109 734 3176 mentionem
749 3108 834 3173 fecit.

584 3218 792 3295 OURRAM,
808 3195 935 3301 (inquit)
946 3238 1004 3300 per
1014 3213 1170 3300 singulos:
1189 3216 1365 3296 Quadratus
1375 3217 1589 3304 apostolorum

541 3328 721 3413 discipulus,
733 3334 768 3391 et
782 3323 991 3391 Atheniensis
1005 3325 1149 3410 pontifex
1163 3325 1314 3403 ecclesiae,
1328 3349 1433 3392 nonne
1444 3328 1589 3391 Adriano

541 3436 685 3539 principi,
702 3428 860 3500 Eleusinae
882 3456 974 3499 suoru
995 3434 1154 3512 invisenti,
1174 3434 1290 3499 librum
1310 3458 1368 3520 pro
1389 3444 1500 3501 nostru
1518 3435 1589 3500 reli·

540 3545 634 3635 gione
659 3545 814 3612 tradidit!
847 3547 895 3609 Et
926 3552 1028 3609 tuntae
1053 3543 1257 3609 admirationi
1284 3544 1430 3609 omuibus
1454 3545 1526 3622 fuit,
1551 3552 1589 3608 ut

541 3656 790 3744 persecutionem
815 3654 1035 3741 gmvissimem
1063 3654 1147 3718 illius
1170 3654 1325 3719 excellens
1352 3655 1480 3719 sederet
1503 3655 1589 3740 iuge-

540 3768 637 3832 nium.
680 3765 836 3831 Aristide
857 3764 1074 3852 philosophus,
1100 3765 1149 3829 vir
1173 3765 1458 3849 eloquentissimus,
1485 3764 1588 3828 eidem

540 3876 673 3964 principi
699 3876 941 3962 Apolcgeticum
962 3898 1021 3962 pro
1044 3876 1232 3942 Christianis
1250 3877 1378 3953 obtulit,
1401 3884 1587 3941 contextum

539 3990 797 4077 philosophorum
811 3987 997 4065 sententiis3
1022 4010 1116 4073 quem
1136 3986 1280 4054 imitatus
1295 3987 1453 4066 Iustinus,
1468 3994 1501 4052 et
1519 3988 1587 4072 ipse

539 4100 753 4186 philosophus,
770 4098 937 4165 Antonino
957 4097 1017 4162 Pio
1032 4108 1066 4163 et
1080 4099 1152 4162 filiis
1166 4099 1245 4183 ejus,
1263 4098 1455 4183 Senatuiquc
1470 4098 1586 4162 librum·

539 4217 653 4274 contre
673 4210 816 4275 Gentiles
837 4208 984 4283 tradidit,
999 4207 1171 4272 defendens
1190 4206 1395 4292 ignominiam
1416 4207 1528 4284 crucis,
1552 4217 1586 4272 ct

538 4318 801 4383 resurrectionem
823 4318 952 4382 Christi
982 4326 1058 4403 tote,
1083 4316 1260 4400 praediceus
1289 4316 1448 4381 libertate.
1502 4317 1585 4397 Quid

539 4429 651 4514 loquar
664 4430 705 4493 de
720 4427 863 4493 Mettum
877 4428 1026 4492 Serdensi
1047 4428 1215 4513 episcopo?
1238 4427 1313 4511 quid
1333 4427 1373 4491 de
1388 4427 1585 4513 Apolbiucric

540 4535 791 4622 Hierapolitunae
821 4538 960 4602 ecclesiae
990 4537 1164 4611 secerdote.
1190 4534 1399 4619 Dionysioque
1426 4535 1585 4601 Corinthi-
