3809 5650
600 674 649 736 IN
673 673 926 737 HEGESIPPI
954 675 1261 739 FRAGMENTA.
1424 677 1487 738 281

380 841 555 919 nominata,
572 843 618 905 cel
631 865 651 904 o
668 853 759 926 patre
774 844 821 907 cel
840 867 861 907 a
878 845 1058 928 pestilitatis
1072 846 1217 929 faenilia,
1234 845 1281 908 cel
1299 844 1365 907 alio
1388 866 1489 909 causa.

381 939 615 1007 Verumtamen
638 944 755 1008 ibidem
775 946 835 1009 hoc
850 946 991 1021 additur,
1010 947 1145 1011 Mariam
1169 947 1328 1023 Salomon,
1345 969 1415 1030 quae
1431 948 1490 1011 Ze-

380 1042 482 1105 bedaei
497 1033 559 1108 fuit
574 1067 667 1123 uxor,
681 1068 702 1110 a
717 1047 906 1129 quibusdam
922 1049 984 1111 dici
1001 1049 1141 1112 Mariam
1156 1048 1306 1133 (lleophae
1321 1049 1429 1123 luisse,
1443 1048 1490 1113 ita

379 1142 502 1208 dietam
526 1147 611 1229 quod
636 1147 710 1210 duce
735 1148 816 1212 circe
842 1149 1001 1214 habuerit.
1027 1150 1097 1213 Vid.
1113 1172 1209 1234 supra
1227 1173 1259 1235 p.
1280 1154 1328 1213 16.
1375 1150 1491 1215 Omnia

379 1244 449 1308 haee
476 1246 604 1328 quidem
630 1247 753 1313 ineerta
777 1257 852 1314 sunt
863 1276 873 1325 ;
895 1251 945 1313 sin
970 1273 1045 1315 vero
1071 1252 1179 1316 Maria
1199 1251 1347 1337 Cleophae
1375 1251 1490 1316 Mariae

380 1346 511 1430 virginis
537 1370 628 1411 soror
649 1350 722 1426 luit,
745 1351 882 1434 Symeon
905 1351 1033 1415 Christo
1056 1353 1245 1438 cognatione
1267 1358 1415 1416 materna
1444 1350 1491 1414 in·

379 1469 476 1530 super
503 1451 693 1533 conjunctus
719 1460 777 1515 est.
824 1452 974 1515 Ceterum
998 1460 1111 1514 contro
1137 1450 1297 1516 Valesium
1319 1452 1490 1519 ostendere

380 1548 448 1611 vult
473 1548 601 1614 Samuel
621 1552 800 1638 Basnagius
815 1554 952 1617 Euareia
966 1554 1050 1616 Huc.
1065 1553 1145 1616 Cris.
1162 1553 1226 1615 An.
1243 1553 1318 1616 xliv.
1334 1575 1420 1617 num.
1435 1557 1489 1639 38.

379 1671 409 1732 p.
424 1651 498 1732 518.
523 1651 683 1716 Simonem
699 1655 845 1718 Zelotem
859 1654 1041 1739 apostolum
1056 1676 1076 1718 a
1092 1653 1247 1738 Symeone
1257 1654 1366 1741 Olopae
1378 1662 1490 1739 aperte

380 1750 533 1837 distingui
548 1755 634 1836 apud
649 1753 860 1832 Dorotheum,
877 1757 993 1819 nedum
1014 1754 1174 1819 confundi.
1222 1755 1377 1838 Oleophas
1396 1763 1491 1839 pater

380 1853 450 1937 ejus
460 1875 541 1917 unus
552 1856 592 1918 de
604 1855 729 1920 duobus
740 1856 903 1941 discipulis
917 1857 991 1933 fuit,
1001 1856 1116 1940 quibus
1129 1856 1323 1920 Emauntem
1338 1855 1490 1920 euntibus

380 1955 531 2038 apparuit
547 1956 706 2021 Christus.
730 1960 763 2021 S.
775 1959 852 2022 Luc.
869 1959 954 2021 xxiv.
976 1961 1021 2021 18.

425 2056 463 2118 P.
481 2076 553 2139 219.
569 2058 590 2120 l.
604 2080 633 2141 9.
656 2057 728 2123 Ὅτι
744 2063 781 2124 τὰ
797 2061 869 2144 dre]
903 2060 1011 2123 Unum
1034 2068 1083 2123 est
1106 2061 1145 2123 de
1168 2059 1336 2143 capitibus,
1360 2081 1430 2143 quae
1451 2081 1490 2123 ex

383 2157 539 2242 Stephani
555 2181 651 2243 opere
667 2161 804 2225 Photius
819 2164 988 2247 excerpsit.

425 2262 508 2324 Ibid.
525 2263 546 2325 l.
565 2265 612 2327 16.
636 2265 685 2327 καὶ
701 2267 791 2348 ἑξῆς]
820 2265 885 2328 Vix
907 2265 1033 2329 invenio
1048 2264 1205 2328 rationem
1228 2263 1401 2327 excusandi
1423 2260 1490 2327 Hc-

379 2363 557 2447 gesippum,
573 2364 808 2450 improbantem
823 2367 887 2431 ista
902 2367 1018 2431 verba:
1037 2367 1137 2442 Bona,
1149 2387 1215 2450 qud
1224 2374 1411 2450 preparata
1421 2375 1491 2428 aar

372 2464 475 2545 justis,
492 2465 594 2530 oculus
604 2489 663 2530 ιιοιι
678 2469 767 2544 cidit,
783 2490 838 2531 nec
851 2469 939 2531 cirris
954 2468 1086 2539 aedicit,
1103 2489 1157 2530 ccc
1171 2468 1205 2529 ia
1220 2489 1272 2530 cer
1292 2466 1421 2529 lanicio
1435 2465 1490 2530 aa

378 2567 561 2632 reordemcnt.
593 2571 675 2632 Sunt
690 2571 773 2632 enim
788 2570 858 2653 ipsa
874 2570 906 2632 S.
918 2568 1066 2652 Apostoli
1082 2568 1176 2631 Pauli
1192 2568 1289 2631 verba
1309 2588 1320 2628 1
1338 2567 1487 2631 Corinth.

379 2665 412 2729 ii.
429 2689 493 2731 ver.
507 2690 536 2753 9.
553 2669 618 2732 sive
633 2691 673 2732 ex
689 2669 795 2733 Esaiae
811 2693 882 2754 cap.
895 2672 968 2734 lxiv.
985 2692 1049 2734 ver.
1062 2691 1092 2748 4.
1109 2671 1173 2733 sive
1190 2692 1229 2731 ex
1244 2669 1326 2731 libro
1342 2673 1490 2752 Apocry-

380 2770 444 2853 pho
460 2771 570 2843 citata,
587 2770 626 2833 dc
640 2792 703 2855 quo
719 2770 792 2834 vide
801 2779 879 2836 tom.
893 2772 920 2834 1.
934 2771 1029 2855 hujus
1041 2770 1201 2855 Spicilegii
1215 2770 1351 2834 Patmm
1366 2792 1398 2853 p.
1415 2772 1487 2852 136.

380 2876 429 2938 At
443 2893 518 2936 vero
540 2893 605 2935 non
625 2880 675 2936 est
692 2872 844 2935 standum
853 2872 976 2957 judicio
1000 2872 1156 2955 Stephani
1172 2870 1297 2935 Gobari
1319 2868 1489 2934 Tritheitae

381 2975 600 3059 Hegesippum
614 2973 798 3057 allegantis:
823 2973 913 3058 cujus
931 2972 1145 3057 antiquissimi
1162 2971 1272 3036 Patris
1293 2970 1490 3050 ὑπομνήματα

379 3078 406 3140 si
428 3082 643 3161 superessent,
661 3074 839 3139 videremus
861 3076 954 3150 sorte,
975 3096 1048 3137 oum
1070 3095 1134 3135 non
1156 3073 1227 3157 ipsa
1248 3073 1303 3136 illa
1322 3071 1419 3135 verba
1441 3092 1490 3134 re-

375 3179 504 3262 jecisse,
519 3177 575 3241 scd
592 3176 706 3239 salsam
726 3196 837 3237 eorum
857 3174 1163 3260 interpretationem,
1179 3175 1220 3238 ab
1242 3172 1402 3238 haereticis
1423 3168 1489 3235 sac·

379 3288 460 3356 tarn,
484 3280 538 3363 qui
566 3277 730 3343 Christum
752 3297 874 3339 merum
889 3278 1080 3361 phantasma
1094 3276 1249 3351 lecerunt,
1263 3296 1298 3337 se
1314 3280 1348 3337 et
1363 3272 1432 3336 visu
1455 3279 1489 3336 et

378 3383 493 3446 auditu
509 3380 593 3444 circa
608 3378 696 3441 illum
712 3378 863 3462 deceptos
883 3401 951 3442 esse
972 3379 1125 3442 dicentes.
1171 3378 1311 3442 annrus
1333 3374 1396 3437 fine
1418 3372 1489 3458 ipso

379 3483 540 3569 Spioileyic‘
569 3482 715 3544 Petrum.
764 3481 932 3544 Consentit
962 3482 1086 3545 Grabio
1112 3478 1284 3565 exponenti
1311 3475 1488 3563 Hegesippi

378 3587 482 3651 locum
498 3586 538 3648 de
555 3581 792 3646 Phantesiaetis
808 3583 1005 3662 Lardnems‚
1021 3584 1075 3647 ubi
1091 3606 1200 3668 supra,
1217 3584 1247 3664 ξ.
1263 3585 1294 3646 6.
1311 3603 1341 3664 p.
1359 3596 1433 3662 277.

423 3689 471 3750 At
486 3708 560 3750 vero
575 3685 616 3748 de
631 3684 725 3747 rebus
737 3682 966 3768 spiritualibus,
978 3707 1049 3771 quae
1061 3708 1117 3769 per
1129 3684 1326 3769 evangelium
1341 3680 1488 3744 fidelibus

379 3789 550 3872 patefactae
566 3793 653 3863 sunt,
669 3784 721 3848 hie
735 3785 804 3872 agit
825 3787 1048 3872 Hegesippus;
1073 3788 1169 3850 immo
1189 3786 1231 3849 ab
1251 3786 1320 3869 ipso
1340 3781 1487 3868 apostolo

378 3891 412 3952 in
438 3890 498 3953 hoe
525 3896 684 3953 commate
710 3888 870 3973 designari
896 3899 1006 3973 putem
1032 3889 1185 3973 dogmata
1209 3887 1264 3949 illa
1285 3884 1486 3949 adsalutem

378 3990 543 4055 hominum
575 3988 764 4074 spectantia,
789 3990 853 4053 sive
884 3990 1037 4075 mysteria
1064 3988 1255 4074 evangelica,
1281 4007 1351 4072 quae
1375 3984 1399 4046 J
1402 3985 1485 4047 udae-

378 4115 470 4156 orum
494 4093 623 4155 fuerant
647 4091 750 4154 celata
778 4090 895 4164 oculos,
922 4097 955 4154 et
985 4089 1109 4153 nonnisi
1133 4097 1195 4156 τοῖς
1218 4090 1346 4152 τελείοις
1369 4084 1485 4148 Divino

379 4193 501 4277 Spiritu
532 4191 746 4277 patefaciente
776 4198 913 4256 servata.
970 4190 1051 4254 Haec
1081 4198 1154 4254 sunt
1183 4189 1304 4253 Christi
1334 4185 1486 4271 mysteria

379 4304 399 4331 “
417 4317 488 4378 quae
507 4293 641 4377 cupiunt
657 4292 772 4375 Angeli
788 4292 926 4357 videre.''
944 4314 957 4356 1
978 4294 1050 4357 Pet.
1065 4293 1085 4355 i.
1106 4313 1156 4356 12.
1202 4292 1258 4355 Ad
1279 4291 1338 4353 hoc
1358 4312 1397 4353 ex
1416 4289 1484 4374 plu-

378 4395 466 4459 ribus
490 4394 664 4461 Clementis
679 4394 774 4457 Alex.
789 4393 868 4457 locis
890 4394 923 4457 id
947 4394 1025 4457 mihi
1049 4394 1201 4479 persuasi,
1224 4391 1397 4456 Gnosticos
1420 4392 1484 4457 hae-

377 4498 496 4563 reticos
510 4497 709 4561 consuevisse
730 4496 798 4559 haec
812 4495 920 4574 verba,
937 4496 1002 4559 sive
1022 4517 1062 4559 ex
1082 4496 1238 4580 apostolo,
1254 4494 1319 4558 sive
1341 4515 1380 4557 ex
1401 4493 1484 4557 libro

378 4600 575 4686 apocrypho,
595 4619 635 4662 ea
654 4598 856 4683 sumpserint,
877 4599 920 4662 ad
942 4597 1072 4682 seipsos,
1094 4605 1246 4683 tanquam
1267 4596 1335 4662 τοὺς
1356 4596 1484 4662 δικαίους

378 4702 514 4766 exclusis
539 4700 611 4765 aliis
632 4701 789 4781 omnibus,
810 4710 943 4787 propter
966 4701 1119 4785 majorem
1141 4721 1242 4772 suum,
1259 4719 1351 4783 quem
1375 4719 1482 4782 erepu-

423 4825 491 4866 vos.
509 4827 530 4865 r.
908 4824 963 4865 oo
