3809 5650
480 687 544 756 194
861 687 1215 753 ANNOTATIONES

477 855 497 921 3
499 855 551 919 3¹·
597 837 780 920 Utcumque
800 858 853 902 res
874 838 983 918 hebet,
998 839 1106 924 magni
1127 839 1279 904 momenti
1299 850 1349 904 est
1367 841 1408 904 ob
1424 858 1581 905 summam

477 936 546 1020 ejus
567 936 795 1020 antiquitatem
817 936 878 1001 hoc
903 939 1048 1024 Dionysii
1071 939 1299 1019 testimonium,
1315 949 1385 1005 tum
1405 962 1480 1006 vero
1503 942 1581 1005 illud

478 1039 682 1116 Tertulliani,
705 1039 758 1123 qui
786 1062 866 1124 pens
892 1041 1034 1124 ejusdem
1063 1042 1217 1126 temporis
1242 1042 1315 1120 fuit,
1337 1043 1365 1107 is
1393 1044 1486 1122 enim,
1509 1067 1583 1107 cum

477 1141 610 1206 dixisset
629 1142 662 1204 in
680 1142 733 1204 lib.
749 1142 789 1205 iv.
804 1141 877 1205 odo.
892 1144 1051 1207 Marcion.
1067 1166 1138 1229 cop.
1156 1160 1186 1229 5.
1202 1154 1230 1209 ct
1247 1146 1377 1209 Patrium
1396 1155 1424 1210 ct
1443 1145 1582 1209 Paulum

476 1242 663 1327 megalium
680 1244 825 1328 sanguiue
846 1265 899 1332 seso
919 1244 1073 1330 nonnum
1087 1246 1235 1310 Ιίακηαιιὶκ
1255 1246 1420 1332 roliqoisce,
1437 1248 1469 1310 in
1491 1249 1582 1313 Seor-

469 1345 562 1429 piccc
576 1365 634 1409 sno
649 1364 716 1430 cop.
735 1366 782 1428 15.
798 1354 832 1410 et
846 1357 950 1410 contra
964 1349 1122 1412 Gnosticoc
1140 1371 1209 1434 cap.
1226 1365 1273 1433 15.
1288 1349 1341 1412 sub
1356 1353 1478 1414 Nerone
1489 1350 1581 1414 Petri

475 1446 664 1532 martyrium
686 1447 855 1532 contigisse
878 1449 1031 1514 ucrrcvit.
1077 1450 1119 1512 Id
1140 1471 1214 1513 vero
1236 1450 1489 1533 antiquissimum
1511 1473 1578 1513 om·

476 1549 564 1612 nium
582 1550 801 1614 testimonium
819 1557 870 1613 est
884 1550 1037 1635 temporis
1060 1549 1214 1634 martyrii.
1262 1551 1392 1613 intereo
1413 1551 1578 1633 utriusque

476 1650 612 1736 apostoli
639 1652 746 1715 obitus
772 1660 1039 1736 praemonstrntus
1063 1651 1160 1714 fuisse
1189 1650 1222 1713 in
1248 1650 1281 1714 S.
1303 1651 1468 1735 Scriptura
1493 1651 1576 1712 vide-

475 1760 548 1826 tur;
574 1753 665 1817 Petri
687 1754 771 1837 opud
794 1755 828 1817 S.
843 1753 995 1817 loannem
1017 1751 1145 1829 xxi.18,
1160 1772 1208 1835 19.
1227 1752 1319 1816 Pauli
1335 1775 1411 1815 vero
1431 1774 1451 1816 c
1473 1752 1576 1835 seipso

475 1855 509 1918 in
533 1856 659 1939 epistola
684 1856 729 1918 ad
756 1855 938 1919 Timotheus
956 1854 1127 1939 posteriori,
1147 1852 1188 1917 iv.
1204 1854 1234 1916 6.
1279 1852 1431 1918 (leuiores
1447 1851 1578 1916 Eusebii

475 1956 560 2020 Huc.
576 1957 607 2020 ii.
625 1959 674 2020 26.

519 2058 557 2122 P.
574 2061 643 2122 181.
658 2059 680 2120 l.
691 2079 723 2142 3.
746 2057 929 2124 Ἐπιπολὰς
949 2059 1008 2138 γὰρ
1030 2057 1186 2139 ἀδελφῶν]
1211 2055 1320 2120 (lodex
1344 2055 1468 2119 Macer.
1489 2053 1577 2118 Med.

474 2178 545 2223 cum
567 2159 680 2223 Fulret.
698 2180 805 2223 vocem
826 2161 885 2239 γὰρ
906 2157 1103 2222 interserunt
1124 2157 1185 2222 hoc
1207 2157 1312 2222 modo.
1336 2159 1498 2223 ἐπιστολὰς
1520 2159 1578 2237 γὰρ

474 2262 625 2341 ἀδελφῶν,
651 2261 706 2322 tre.
752 2260 862 2343 Atque
888 2259 936 2322 ite
962 2258 1160 2344 Nicephorus
1185 2265 1220 2323 et
1245 2258 1389 2322 Rufinus.
1413 2257 1578 2321 Vetusius.

474 2359 636 2425 Omiseret
657 2363 715 2442 γὰρ
741 2360 788 2422 sd.
811 2359 913 2445 Stepl.
938 2382 994 2425 seu
1019 2361 1097 2425 edit.
1121 2360 1276 2446 princeps,
1299 2360 1428 2424 codicem
1451 2360 1580 2444 Βαρὶινα

474 2469 593 2538 secute,
624 2460 814 2546 perticulam
843 2482 918 2525 vero
946 2469 1126 2546 agnoscunt
1154 2461 1239 2525 codd.
1270 2483 1395 2545 quoque
1425 2461 1514 2524 Bodl.
1545 2466 1579 2524 et

474 2563 612 2647 Norsole.
654 2562 747 2626 Nunc
761 2568 896 2627 caeteros
909 2563 1011 2627 addes
1026 2585 1046 2628 a
1061 2562 1098 2627 cl.
1116 2562 1261 2626 Burtono
1285 2561 1429 2626 collatos.
1474 2561 1577 2626 Pculo

405 2738 411 2748 ,
474 2662 904 2751 ροαλλμὶνοῦνααιί.Βοιίἱ.

519 2767 604 2831 lbid.
620 2763 640 2831 l.
655 2781 684 2848 7.
711 2767 738 2829 sl
757 2765 806 2829 καὶ
825 2771 885 2830 τῶν
905 2770 1060 2847 Κνριακῶν
1081 2765 1307 2849 ῥαδιονργῆσαι]
1333 2763 1465 2849 Opinari
1481 2786 1515 2829 se
1529 2764 1577 2830 cit

476 2869 670 2946 Lardnerus‚
684 2869 735 2931 Dc
749 2866 832 2932 Fido
846 2867 928 2931 Hist.
943 2867 1065 2953 Ειναιιρ.
1082 2866 1120 2929 Ρ.
1134 2866 1166 2930 ii.
1181 2866 1242 2930 rol.
1256 2868 1284 2929 Ι.
1300 2888 1326 2929 e.
1344 2884 1392 2931 ια.
1439 2866 1578 2931 Marcio-

474 2971 560 3035 nites
568 2993 648 3047 esse,
660 2969 713 3053 qui
726 2968 777 3032 hic
792 2967 922 3032 crimine
936 2968 1157 3053 corrumpendi
1166 2988 1274 3032 sueres
1283 2965 1369 3032 Novi
1379 2967 1577 3032 Testamenti

474 3073 660 3156 scripturos,
681 3071 746 3134 sive
770 3071 964 3149 Dominiccs,
988 3078 1175 3157 arguentur.
1227 3070 1320 3151 Quod
1348 3069 1474 3154 quidem
1500 3089 1576 3133 vero

473 3171 574 3236 simile
600 3174 736 3249 videtur,
760 3193 833 3235 ncm
862 3173 1011 3237 Marcion
1034 3172 1102 3257 ipss
1125 3171 1239 3235 nobilis
1262 3170 1409 3235 felserius
1434 3178 1514 3247 erut,
1540 3176 1575 3235 et

472 3272 608 3335 haeresin
623 3274 691 3355 ejus
706 3293 874 3356 aggressus
894 3281 943 3335 est
959 3273 1131 3356 Dionysius
1145 3272 1178 3335 in
1192 3272 1329 3357 epistola
1346 3294 1405 3336 sue
1421 3273 1463 3336 nd
1479 3273 1573 3336 Nico·

471 3373 659 3447 medienses,
674 3379 711 3435 ut
731 3373 825 3435 docet
846 3372 895 3434 his
910 3373 1014 3435 verbis
1030 3373 1198 3448 Eusebius,
1215 3375 1295 3452 ἄλλη
1315 3375 1348 3437 u
1371 3373 1515 3452 ἐπιστολή
1532 3398 1575 3439 τις

471 3473 561 3535 αὐτοῦ
577 3473 650 3552 πρὸς
666 3472 851 3551 Νικομηδέας
870 3470 1005 3551 φέρεται,
1023 3476 1057 3536 ἐν
1076 3471 1096 3557 ᾖ
1116 3472 1170 3549 τὴν
1189 3477 1365 3554 Μαρκίωνος
1386 3477 1502 3550 αἵρεσιν
1521 3500 1574 3537 πο·

470 3579 581 3651 λεμῶν,
604 3577 644 3657 τῷ
670 3576 720 3649 τῆς
745 3574 886 3649 ἀληθείας
909 3575 1087 3652 παρίσταται
1111 3577 1222 3637 κανόνι.
1246 3574 1307 3637 vid.
1324 3597 1355 3658 p.
1373 3578 1442 3636 182.
1489 3578 1574 3638 Con-

470 3674 554 3738 feres
568 3674 697 3758 insuper
717 3674 757 3735 de
777 3672 847 3735 eliis
867 3672 1025 3736 nonnullis
1045 3674 1203 3738 hereticis
1222 3696 1329 3738 sacres
1348 3676 1457 3739 literas
1477 3679 1573 3741 corri-

468 3777 627 3863 gentibus,
649 3776 745 3838 immo
767 3774 1055 3856 corrumpentibus,
1077 3781 1240 3839 auctorem
1266 3775 1350 3853 libri,
1371 3778 1423 3860 qui
1446 3781 1572 3845 Porcus

469 3878 677 3964 soeculum
699 3878 869 3962 inscriptus
894 3884 956 3953 est,
981 3878 1022 3941 sb
1047 3877 1187 3940 Eusebio
1211 3877 1343 3941 allatum
1366 3879 1420 3943 lib.
1436 3904 1464 3944 v.
1488 3883 1571 3945 Hic.

469 4006 539 4069 cap.
555 3983 613 4047 ult.

514 4086 598 4149 lbid.
615 4084 634 4147 l.
651 4106 680 4166 9.
701 4081 934 4165 ἐπιβεβλήκασι]
954 4081 1060 4166 Vulgo
1085 4082 1307 4161 ἐπιβεβλήκασι
1330 4085 1385 4148 sed
1411 4087 1570 4163 ἐπιβεβον·

468 4190 594 4252 λεύκασι
617 4188 690 4250 MS.
712 4185 850 4268 Norsoic.
871 4193 904 4249 et
926 4184 1055 4269 Nicept.
1070 4183 1184 4269 quibus
1205 4187 1370 4249 addendus
1390 4187 1460 4249 Cod.
1477 4187 1568 4250 Bodl.

468 4290 587 4353 etsiibi
604 4292 899 4368 ἐπιβεβουλεύμασιν
918 4287 1002 4351 incili
1023 4309 1130 4356 errore
1154 4288 1307 4374 scriptum
1331 4297 1389 4352 est.
1436 4288 1519 4369 Quin
1535 4295 1569 4353 et

467 4389 550 4452 hanc
573 4389 750 4461 lectionem,
767 4398 862 4473 prout
884 4411 967 4453 nunc
989 4390 1065 4463 scio,
1081 4398 1236 4473 praestent
1258 4390 1370 4454 codices
1385 4389 1568 4467 Florentini,

468 4510 547 4571 quos
562 4490 697 4553 contulit
711 4491 734 4551 J
736 4493 854 4554 ccobus
869 4491 1061 4568 Gronovius,
1076 4499 1110 4555 et
1132 4500 1199 4556 tres
1221 4492 1273 4556 clii
1297 4500 1461 4576 praetereo,
1477 4492 1567 4555 Mac.

470 4589 554 4651 Med.
575 4590 682 4652 Fcket.
705 4611 725 4651 a
752 4592 896 4655 Burtono
926 4593 1173 4671 commemorati,
1198 4595 1251 4677 qui
1281 4616 1351 4658 enm
1381 4593 1414 4655 in
1443 4599 1568 4657 textum

467 4711 559 4755 suum
573 4689 704 4773 recepit.
719 4698 740 4725 ‘⁸
752 4690 804 4755 Ite
819 4692 988 4757 nimirum''
997 4694 1059 4778 (nit
1075 4694 1255 4759 Helloixius
1270 4717 1341 4780 pag.
1354 4711 1427 4777 777.
1443 4702 1520 4758 tom.
1535 4694 1567 4757 ii.
