3809 5650
393 658 457 721 100
767 657 1125 724 ANNOTATIONES

394 823 560 907 probabili,
577 823 702 887 ratione
721 823 755 886 in
775 823 828 886 illo
845 825 947 888 aas.
964 825 994 889 ii.
1013 850 1044 909 4.
1065 824 1194 910 ᾗὴμέρᾳ
1214 825 1387 904 &testesve
1410 824 1509 903 Θεὸς,

396 925 478 988 dem
501 926 542 987 de
561 924 644 988 Filio
664 925 812 1007 exposuit
834 926 979 992 Clemens
1003 926 1097 989 Alex.
1113 928 1229 991 Strom.
1244 925 1284 988 vi.
1300 948 1331 1011 p.
1346 925 1421 1009 815.
1451 927 1510 990 ed.

400 1024 539 1088 Potteri.
1130 1038 1136 1047 ·
1374 1078 1394 1102 ,

442 1126 521 1206 Quae
546 1147 621 1190 vero
644 1126 831 1189 Gallandius
854 1127 887 1190 in
911 1127 1151 1212 Prolegomenis
1176 1128 1219 1191 ad
1240 1133 1317 1191 tom.
1334 1129 1363 1191 1.
1384 1126 1512 1192 Biblio-

398 1226 490 1290 ttccae
506 1247 571 1291 suae
586 1228 730 1303 Patrem,
743 1249 811 1310 cap.
824 1250 874 1290 xv.
890 1229 930 1291 de
945 1227 1099 1292 Aristone
1114 1227 1233 1292 Pellaeo
1248 1230 1277 1310 ξ.
1294 1247 1365 1290 111.
1386 1226 1449 1292 hac
1465 1229 1512 1292 de

400 1348 435 1390 re
450 1327 609 1399 disseruit,
625 1327 657 1389 in
671 1327 875 1411 sequentibus
890 1349 972 1391 nunc
986 1328 1141 1392 allaturus
1156 1351 1235 1392 sum.

446 1429 528 1491 lbid.
543 1430 565 1491 l.
584 1448 630 1509 19.
654 1429 747 1509 Quod
768 1429 883 1492 salsum
902 1430 986 1514 esse]
1007 1431 1137 1493 Falsum
1155 1453 1224 1495 esse
1242 1431 1357 1495 asserit
1377 1433 1512 1495 Doctor

400 1531 558 1594 maximus
581 1530 628 1611 (S.
651 1531 882 1615 Hieronymus)
906 1532 992 1615 quod
1014 1532 1047 1594 in
1069 1554 1108 1596 ea
1130 1533 1284 1616 scriptum
1309 1538 1391 1608 erat,
1411 1532 1511 1597 initio

401 1633 561 1697 Geneseos
575 1633 608 1695 in
624 1633 764 1697 Hebraeo
778 1633 908 1696 haberi:
932 1634 976 1696 Ite
987 1633 1059 1715 filio
1073 1633 1154 1716 fecit
1173 1635 1259 1696 Deae
1272 1633 1377 1697 calam
1395 1643 1423 1697 et
1446 1643 1511 1697 ter-

402 1755 480 1798 ram.
535 1734 599 1798 Sed
628 1734 816 1797 Aristonem
843 1735 1077 1798 defendendum
1106 1735 1245 1818 suscepit
1274 1734 1510 1812 Bartoloecius,

403 1835 484 1898 Bibl.
499 1836 637 1899 Rabbin.
653 1843 735 1919 part.
747 1835 788 1899 iii.
804 1858 876 1921 pag.
890 1856 919 1903 a.
937 1858 1025 1899 num.
1036 1840 1112 1920 584.
1144 1838 1210 1900 Pro
1226 1836 1376 1914 Hebraeo,
1390 1836 1511 1920 inquit,

402 1936 591 2022 intelligitur
610 1937 729 2001 idioma
749 1936 1086 2022 Hierosolymitanum,
1110 1938 1195 2020 quod
1217 1937 1411 2000 Hebraicum
1437 1938 1511 2002 lato

403 2040 499 2102 modo
524 2039 701 2115 dicebatur,
726 2046 760 2101 et
786 2038 902 2101 litteris
929 2038 1099 2102 Hebraicis
1124 2038 1333 2103 scribebatur.
1378 2038 1418 2100 In
1445 2038 1512 2103 hoc

405 2140 559 2224 siquidem
573 2140 736 2214 idiomate,
753 2139 844 2222 cujus
862 2139 1005 2223 reliquiae
1025 2140 1128 2204 adhuc
1143 2140 1176 2203 in
1197 2140 1337 2224 Targum
1352 2139 1511 2205 Hieroso-

405 2242 559 2327 lymitano
592 2242 686 2305 hodie
715 2248 895 2325 supersunt,
925 2241 1101 2306 invenitur:
1138 2242 1181 2305 Ic
1209 2242 1363 2326 capitatia
1391 2243 1512 2306 escrit

404 2349 489 2412 Deus
504 2349 560 2410 &a
606 2345 670 2409 Per
687 2344 804 2407 Filium
819 2345 929 2409 Patris
943 2346 1065 2423 aeterni,
1082 2354 1115 2410 et
1130 2346 1163 2409 in
1178 2346 1261 2408 Filio
1274 2345 1327 2429 qui
1340 2344 1513 2429 Sapientia

407 2449 468 2512 Dei
491 2447 600 2512 Patris
622 2454 684 2523 est,
700 2453 810 2511 ereata
832 2453 908 2509 sunt
929 2447 1054 2510 omnia:
1076 2447 1159 2510 unde
1180 2446 1214 2509 in
1233 2446 1294 2510 hoc
1314 2445 1384 2509 loco
1402 2454 1437 2510 et
1460 2469 1512 2510 se-

405 2551 544 2614 cuudum
565 2549 648 2612 hunc
670 2568 807 2624 sensum,
828 2546 913 2610 idem
932 2548 1018 2612 valet
1039 2549 1082 2611 Ie
1105 2547 1268 2632 Sapientia
1287 2568 1325 2611 aa
1347 2547 1390 2638 Ia
1410 2548 1510 2612 aaa.

407 2651 575 2716 Hactenus
588 2650 649 2714 ille.
695 2650 806 2733 Neque
820 2648 944 2725 mirum,
961 2649 987 2712 si
1003 2649 1115 2713 Aristo
1133 2648 1269 2712 Pellaeus
1286 2648 1390 2712 locum
1408 2647 1512 2712 istum

405 2775 446 2818 ex
461 2753 601 2838 Targum
618 2750 912 2836 Hierosolymitano
929 2751 1129 2828 desumserit‚
1146 2749 1274 2813 consilio
1295 2749 1512 2836 institutoque

406 2876 465 2920 suo
490 2856 576 2919 haud
601 2877 714 2939 parum
741 2859 991 2938 congruentem
1025 2854 1079 2937 qui
1103 2852 1222 2917 scilieet
1247 2851 1512 2937 Disputationem

400 2979 496 3026 suam
525 2957 563 3020 de
593 2956 716 3020 Christo
744 2956 776 3018 in
809 2954 919 3038 primis
954 2952 1124 3038 inscripsit,
1160 2953 1277 3037 quique
1310 2973 1373 3015 non
1404 2952 1512 3015 solum

404 3059 559 3124 «Iasonem
574 3057 791 3122 Christianum
811 3056 871 3119 ἀπὸ
890 3061 950 3119 τῶν
964 3055 1133 3118 Ἰουδαϊκῶν
1151 3060 1287 3136 γραφῶν,
1303 3075 1338 3117 ee·
1356 3053 1432 3137 {veie
1451 3055 1511 3117 Jee-

405 3161 540 3224 daeoram
554 3159 663 3223 litteris
677 3159 906 3242 disputantem,
918 3178 1026 3220 verum
1042 3155 1139 3250 etiam
1149 3155 1320 3238 Papiscum
1332 3154 1511 3218 Hebraeum

406 3262 459 3325 οὔκ
474 3263 607 3343 ἀγεννῶς
626 3258 685 3323 ott'
702 3261 840 3339 ἀπρεπῶς
854 3260 894 3343 τῷ
913 3256 1076 3342 Ἰουδαϊκῶ,
1092 3267 1210 3322 arcaea
1225 3257 1357 3341 satisque
1374 3255 1512 3319 chetce

405 3362 676 3426 contradicentem
692 3360 826 3436 induxit,
842 3366 879 3421 ut
897 3358 993 3421 modo
1012 3358 1177 3422 asserebat
1198 3358 1362 3443 Origenes.
1409 3355 1511 3421 Haud

406 3462 553 3546 equidem
568 3461 690 3545 ignoro,
703 3460 776 3524 huic
789 3459 982 3523 Bartoloeeii
993 3459 1160 3524 sententiae
1175 3459 1230 3523 illa
1241 3459 1374 3533 officere,
1385 3480 1456 3542 quse
1468 3460 1510 3523 de

406 3563 499 3626 istius
525 3561 752 3645 Paraphrastae
776 3559 1060 3643 Hierosolymitani
1085 3567 1184 3624 aetate
1209 3582 1230 3624 a
1253 3560 1411 3644 plerisque
1433 3560 1512 3625 viris

407 3664 520 3737 doctis,
536 3660 735 3747 potissimum
752 3682 827 3725 vero
850 3683 871 3725 a
892 3660 1033 3738 Morino,
1054 3660 1108 3725 lib.
1126 3662 1172 3724 ll.
1189 3661 1330 3726 Exercit.
1346 3661 1428 3725 Bibl.
1444 3662 1509 3727 viii.

408 3765 538 3850 capvii.
555 3788 586 3850 p.
598 3784 671 3848 344.
688 3785 775 3848 seqq.
798 3763 1023 3840 edisseruntur,
1047 3763 1264 3827 statuentibus
1285 3763 1373 3826 illum
1394 3765 1511 3829 saeculo

407 3868 446 3932 vi.
462 3867 558 3931 fuisse
570 3866 797 3930 recentiorem:
821 3872 857 3928 ut
871 3863 1005 3949 proinde
1021 3863 1216 3948 Paraphrasi
1227 3863 1406 3946 hujusmodi
1421 3863 1509 3928 haud

406 3970 454 4034 uti
469 3968 582 4032 sarculo
596 3967 627 4030 ii.
644 3966 785 4051 potuerit
802 3966 924 4029 Aristo.
963 3966 1081 4027 Verum
1097 3964 1169 4027 huic
1185 3964 1354 4047 objectioni
1371 3966 1510 4030 occurrit

406 4070 591 4142 Waltonus,
617 4069 795 4154 Prolegom.
815 4067 869 4131 xii.
897 4067 929 4128 in
953 4065 1035 4128 Bibl.
1059 4064 1233 4148 Polyglott.
1256 4066 1306 4146 ἕξ.
1329 4086 1376 4142 11,
1398 4073 1432 4129 et
1459 4087 1509 4147 14.

406 4171 562 4255 duplicem
578 4169 723 4234 extitisse
738 4167 957 4250 Paraphrasin
973 4165 1100 4229 Hieros.
1116 4166 1347 4229 demonstrans.
1387 4166 1458 4247 Qua
1469 4168 1511 4231 de

406 4295 441 4336 re
464 4272 616 4335 nonnulla
636 4270 765 4354 insuper
790 4267 937 4343 wolfius,
961 4265 1043 4329 Bibl.
1066 4265 1167 4330 Hebr.
1189 4274 1267 4331 tom.
1280 4267 1312 4329 ii.
1327 4288 1400 4352 pag.
1416 4270 1508 4347 1169.

405 4372 554 4437 Ceterum
582 4372 716 4434 eandem
741 4370 835 4454 hujus
865 4368 925 4432 loci
952 4369 1112 4431 Geneseos
1142 4366 1438 4452 interpretationem
1467 4368 1511 4431 ab

405 4472 560 4535 Aristone
574 4471 762 4548 adhibitam,
778 4469 884 4533 hausit
899 4468 1020 4546 itidem,
1037 4475 1074 4531 ut
1089 4468 1224 4546 videtur,
1240 4490 1280 4532 ex
1294 4467 1511 4533 vetustissimo

405 4571 679 4659 pseudepigrapha
689 4571 929 4634 Pradicetieais
939 4571 1032 4634 Petri-
1044 4570 1189 4635 Clemens
1202 4569 1440 4634 Alexandrinus
1454 4570 1510 4636 lib.

406 4676 448 4740 vi.
464 4695 532 4757 cap.
545 4671 595 4735 vii.
612 4694 642 4755 p.
657 4673 730 4767 769¹.
750 4671 827 4734 edit.
849 4671 953 4734 Oxon.
975 4679 1012 4735 ut
1035 4672 1114 4736 alios
1135 4671 1251 4737 Patres
1272 4680 1510 4756 praetereamus.
