3809 5650
394 695 459 755 422
755 692 1135 757 ANNOTATIONES

394 883 489 943 opere
504 883 561 924 suo
582 862 748 924 Varianam
765 862 1016 945 Disputationam
1030 860 1227 925 adduxisset.
1258 862 1415 945 Origenes
1430 884 1511 946 quo-

395 986 457 1045 que
479 985 500 1025 a
523 961 670 1025 Stoechio
692 983 788 1044 supra
814 962 996 1025 nominatus
1019 961 1052 1024 in
1078 961 1161 1024 hanc
1185 962 1351 1046 epistolam
1377 963 1511 1047 scripsit

394 1063 649 1126 commentarios.
697 1062 749 1124 Ad
770 1063 848 1137 haee,
865 1063 918 1124 ubi
937 1084 1043 1146 supra,
1060 1062 1213 1125 Dardano
1227 1065 1368 1127 ostendit
1389 1064 1510 1128 Hiero-

396 1185 519 1246 nymus,
535 1162 649 1244 suscipi
669 1184 739 1223 eam
757 1163 846 1245 quasi
869 1163 961 1226 Pauli
982 1163 1119 1247 apostoli
1141 1164 1183 1226 ab
1203 1164 1342 1228 ecelesiis
1362 1164 1510 1229 Orientis

395 1271 430 1326 et
451 1264 493 1326 ab
508 1262 652 1325 omuibus
669 1263 775 1326 Graeci
795 1264 948 1326 sermonis
968 1264 1186 1347 scriptoribus.
1232 1265 1326 1329 Certe
1341 1288 1402 1349 ego
1422 1267 1510 1330 inter

395 1363 562 1447 legendum
577 1363 661 1425 clare
676 1370 773 1445 atque
792 1371 903 1446 aperte
918 1365 1040 1426 lactum
1058 1364 1136 1426 illud
1156 1365 1198 1427 ab
1212 1365 1408 1442 auctoribus,
1426 1388 1508 1451 quos

396 1466 447 1528 hic
469 1466 648 1543 nominabo
672 1466 757 1537 vidi;
785 1466 901 1549 quique
926 1489 1045 1540 omnes,
1069 1470 1210 1553 exceptis
1235 1473 1267 1533 S.
1281 1472 1381 1532 Petro
1409 1471 1508 1534 Alex·

395 1567 531 1630 audrino
546 1567 693 1650 episcopo
707 1576 805 1650 atque
817 1568 969 1643 Eusebio,
982 1577 1058 1632 ante
1073 1570 1222 1633 saeculum
1234 1572 1366 1634 tertium
1377 1571 1507 1635 linitum

396 1669 500 1731 vivere
515 1667 676 1730 desierant
685 1693 694 1743 ;
718 1690 739 1730 a
753 1669 915 1732 Clemente
935 1668 1085 1732 nimirum
1101 1671 1331 1744 Alexandrino,
1346 1693 1367 1735 a
1383 1671 1507 1736 Vetere

397 1769 450 1832 illo
478 1770 669 1852 Presbytero
694 1769 779 1852 apud
803 1771 938 1832 eundem
965 1770 1143 1833 Cbraentem
1167 1772 1258 1835 Ales.
1285 1772 1376 1855 eujus
1405 1773 1507 1858 Frag-

397 1880 540 1934 mentum
550 1892 647 1953 supra
655 1870 816 1943 collocavi,
829 1893 850 1933 a
865 1871 1019 1955 Dionysio
1031 1871 1260 1948 Alexandrino,
1276 1894 1297 1936 a
1308 1873 1507 1937 Praesulibus

400 1972 610 2035 Antiochenis
635 1972 668 2032 in
690 1971 831 2054 Epistola
851 1992 910 2034 sua
931 1972 977 2033 ad
997 1971 1133 2034 Paulam
1155 1974 1272 2036 Samos.
1299 1994 1321 2036 a
1343 1995 1394 2036 me
1421 1974 1507 2038 inira

398 2075 561 2145 collocata,
584 2096 604 2137 a
625 2074 723 2135 Petro
739 2072 958 2134 Alexandrino
979 2071 1012 2134 in
1029 2075 1151 2136 Canem
1170 2094 1226 2135 suo
1245 2074 1345 2147 Nono,
1368 2073 1508 2158 denique

397 2175 439 2236 ab
450 2174 587 2236 Eusebio
597 2175 645 2234 De
658 2176 757 2234 Mart
768 2172 895 2234 Pelust.
907 2195 934 2234 c.
945 2173 986 2235 xi.
1019 2173 1170 2236 Addendi
1181 2172 1336 2236 Clementi
1346 2173 1507 2251 Romano,

398 2273 452 2355 qui
468 2274 553 2335 haud
569 2272 672 2354 ipsum
687 2292 801 2334 nomen
818 2272 911 2335 Pauli
930 2274 1079 2357 apposuit
1099 2274 1131 2335 in
1147 2274 1273 2357 epistola
1287 2295 1346 2337 sua
1359 2295 1452 2358 capp.
1466 2292 1504 2358 17

397 2383 432 2435 et
446 2376 499 2455 36.
514 2373 568 2435 alii
583 2372 764 2455 scriptores,
781 2373 833 2456 qui
850 2394 930 2457 opus
944 2373 1149 2448 adduxerint,
1164 2374 1229 2438 scil.
1249 2375 1456 2459 Polycarpus,
1471 2377 1506 2439 ni

398 2474 501 2549 fallor,
516 2474 548 2535 in
563 2473 665 2557 Epist.
681 2495 739 2535 sua
753 2495 821 2557 cap.
834 2495 865 2552 4.
912 2475 1047 2559 Pinytus
1061 2475 1093 2537 in
1108 2476 1249 2559 prtola
1262 2476 1307 2538 cd
1320 2477 1507 2559 Dionysiam

399 2575 598 2637 Corinthium.
635 2574 856 2658 Theoguostus
881 2575 1094 2639 Cateeheticae
1121 2576 1154 2637 in
1180 2576 1400 2639 Alexandrina
1426 2577 1506 2640 urbe

397 2676 514 2739 scholae
540 2677 719 2759 pneiectus,
746 2676 779 2738 S.
796 2675 993 2752 Methodius,
1024 2675 1056 2738 in
1084 2677 1230 2739 Coaoioic
1261 2677 1345 2760 Viry.
1377 2699 1429 2761 pp.
1451 2697 1505 2759 90.

397 2786 432 2842 et
449 2781 499 2859 96.
524 2778 573 2842 ed.
592 2777 761 2842 Combefis.
786 2777 964 2860 Manesque
986 2784 1020 2840 et
1040 2776 1219 2851 Archelaus
1242 2777 1275 2841 in
1289 2778 1507 2860 Disputatione

397 2901 490 2963 capp.
502 2900 532 2962 5.
545 2900 596 2960 34.
619 2887 653 2942 et
673 2899 724 2957 41.
748 2884 781 2941 et
802 2896 856 2961 53.
902 2878 997 2940 Adde
1023 2878 1119 2961 quod,
1146 2878 1223 2940 dum
1248 2879 1282 2941 in
1307 2880 1506 2963 possessione

397 3001 467 3041 esso
491 2979 585 3061 hujus
608 2978 750 3061 epistolae
773 2978 908 3040 Paulum
927 2986 978 3041 tot
999 2986 1112 3052 testes,
1137 2985 1217 3061 quot
1241 2979 1374 3053 adduxi,
1398 2987 1507 3042 osten-

399 3080 490 3153 dunt,
506 3081 684 3163 apostolum
705 3079 808 3162 ipsum
824 3079 983 3142 vindicare
997 3100 1067 3141 eam
1083 3078 1153 3154 sibi,
1168 3100 1209 3142 ex
1223 3079 1349 3142 caeteris
1362 3080 1507 3163 epistolis

400 3180 543 3243 Paulinis
568 3180 703 3243 feliciter
731 3179 962 3243 demonstravit
988 3179 1036 3241 vir
1061 3181 1100 3242 de
1125 3178 1258 3243 ecelesia
1286 3179 1346 3243 hoc
1375 3180 1506 3243 nomine

399 3282 479 3343 bene
491 3280 624 3344 meritus
634 3279 766 3344 Carolus
779 3279 960 3354 Forsterus,
970 3280 1002 3341 in
1011 3279 1138 3342 erudita
1149 3278 1385 3342 Dissertatione
1396 3279 1506 3364 lingua

399 3379 567 3443 vernacula
589 3381 687 3454 edita,
704 3402 799 3462 quam
821 3381 1026 3463 Apostolicem
1048 3380 1267 3442 Auctoritatem
1287 3379 1440 3462 Epistolce
1461 3380 1509 3443 ad

400 3480 547 3542 Hebroeos
575 3479 778 3562 nuncupavit.
834 3480 879 3541 11.
907 3480 961 3542 Ad
990 3480 1098 3543 Jacob·
1128 3481 1212 3562 quod
1242 3480 1361 3543 attinet
1382 3481 1507 3565 Episto-

399 3579 472 3657 lem,
498 3601 606 3661 quam,
633 3579 715 3642 sicut
739 3579 835 3641 Judae
861 3578 958 3655 illam,
987 3581 1094 3643 omisit
1124 3580 1237 3643 saltem
1266 3579 1297 3641 in
1322 3581 1505 3644 recensione

398 3703 457 3744 sua
479 3679 630 3742 librorum
654 3700 815 3742 sacrorum
837 3681 922 3763 apud
945 3680 1129 3757 Eusebium,
1143 3682 1196 3744 lib.
1209 3681 1249 3744 vi.
1266 3702 1334 3764 cap.
1347 3699 1398 3764 25.
1433 3682 1506 3745 Ori-

398 3802 506 3865 genes,
521 3777 597 3841 mihi
613 3781 803 3843 monendum
819 3789 880 3857 est,
894 3782 991 3845 verba
1007 3781 1148 3859 Eusebii,
1162 3803 1232 3865 quee
1245 3782 1506 3847 commemoravit

399 3879 573 3956 Stoschius,
590 3879 622 3943 in
638 3881 758 3944 Graeeis
772 3903 850 3959 esse,
866 3882 902 3944 οὗ
916 3883 1027 3945 πολλοὶ
1041 3888 1100 3945 τῶν
1114 3884 1252 3945 παλαίων
1274 3882 1363 3958 αὐτῆς
1377 3882 1506 3959 ἐμνημό-

399 4006 520 4053 νευσαν,
544 4002 615 4065 quae
637 3982 734 4045 vertit
756 3983 884 4066 quidem
909 3982 1064 4058 Valesius,
1079 3982 1134 4045 sed
1155 3981 1207 4044 vix
1227 3987 1388 4052 accurate,
1404 3980 1507 4063 pauet

396 4082 561 4144 aelredus
585 4104 622 4144 ar
647 4082 870 4157 onustiorillm
904 4083 965 4145 etsi
991 4082 1099 4145 forsan
1124 4083 1171 4145 ita
1196 4082 1282 4164 loqui
1307 4080 1505 4165 temporibus

399 4181 529 4244 Eusebii
555 4180 703 4259 licuisset,
729 4204 815 4258 nam,
838 4183 864 4245 si
887 4182 941 4265 qui
965 4193 1040 4246 sunt
1064 4189 1182 4266 praeter
1205 4184 1364 4245 Irenaeum
1392 4181 1446 4244 lib.
1462 4181 1503 4246 ir.

397 4302 425 4343 c.
443 4284 491 4345 16.
507 4282 564 4345 vel.
580 4301 633 4365 30.
654 4282 745 4365 pauci
761 4283 903 4346 existunt
924 4304 942 4346 e
966 4284 1174 4366 scriptoribus
1194 4281 1334 4346 Eusebio
1351 4280 1505 4345 vetustio-

398 4380 496 4456 ribus,
521 4404 603 4445 nunc
626 4381 861 4465 superstitibus,
877 4383 930 4465 qui
955 4382 1037 4445 hanc
1059 4382 1226 4465 epistolam
1248 4389 1359 4465 aperte
1381 4380 1505 4443 addux-

398 4480 497 4553 erint3
523 4482 664 4545 nonnulli
689 4491 798 4546 tamen
821 4482 992 4567 scriptores
1015 4483 1121 4546 adhuc
1144 4482 1333 4567 superstites
1358 4480 1502 4557 eandem,

398 4579 556 4662 praeeipue
581 4582 634 4643 ubi
659 4589 751 4645 vetus
775 4583 1017 4647 Testamentum
1039 4583 1183 4646 Jecobus
1212 4582 1319 4658 affert,
1344 4580 1504 4664 cogitasse

398 4685 539 4761 possunt.
586 4680 680 4743 Certe
697 4703 771 4744 mox
786 4690 972 4746 ostensurus
991 4704 1072 4758 sum,
1093 4705 1202 4746 omnes
1222 4682 1373 4766 epistolas
1391 4680 1503 4743 catho-

397 4775 482 4839 licas·
499 4798 520 4840 c
539 4778 701 4842 Clemente
725 4779 943 4846 Alexandrino
965 4782 998 4845 in
1013 4780 1258 4866 Hypotyposibas
1280 4781 1345 4845 suis
1364 4779 1504 4844 breviter
