3809 5650
341 764 345 769 ,
397 689 463 750 eoo
771 682 1131 749 Anuommonns

398 849 472 913 Hoc
486 849 592 912 Rufini
608 870 667 932 pro
683 849 791 932 Pinyti
811 853 955 933 μκτανοίμ
968 851 1187 914 testimonium
1208 851 1379 914 adducitur
1393 872 1464 914 oum
1478 872 1500 914 a

399 951 583 1014 Whartono
609 950 641 1012 in
665 957 808 1013 tractatu
831 951 926 1014 modo
950 959 1136 1028 memorato,
1163 952 1213 1015 Do
1238 951 1388 1016 vetitam
1415 952 1500 1015 Cleri

397 1076 428 1138 p.
439 1056 491 1116 61.
508 1062 576 1116 tum
591 1074 665 1115 vero
686 1075 706 1116 a
726 1053 763 1115 cl.
779 1053 903 1116 Collier.
919 1054 951 1115 in
968 1055 1063 1118 docta
1082 1061 1116 1118 et
1135 1055 1263 1140 egregia
1277 1078 1335 1119 sua
1358 1056 1500 1119 Historia

398 1155 509 1218 Εοσίος.
535 1155 731 1216 Βνίίαινιιίοσ
755 1161 831 1217 tom.
850 1156 878 1217 1.
905 1154 959 1218 lib.
975 1155 1018 1218 iii.
1044 1178 1073 1240 p.
1100 1176 1172 1236 194.
1195 1157 1306 1221 itidem
1330 1156 1498 1220 vernacula

396 1257 504 1341 lingua
529 1255 717 1339 conscripta.
762 1256 826 1319 Sed
846 1278 957 1320 vereor
976 1266 1014 1321 ut
1034 1258 1165 1321 Eusebii
1184 1258 1352 1321 verborum
1371 1279 1498 1321 sensum

397 1380 506 1422 verum
521 1357 709 1442 praestiterit
724 1356 866 1419 Rufinus.

442 1459 479 1522 P.
495 1462 566 1537 184.
577 1458 599 1521 l.
609 1478 658 1522 10.
674 1459 869 1539 στεῤῥοτέρας
877 1459 931 1537 ἤδη
942 1461 1015 1522 ποτὲ
1022 1460 1212 1537 μεταδιδόναι
1222 1462 1343 1539 τροφῆς,
1353 1455 1498 1520 τελεωτέ-

396 1589 459 1645 ροις
474 1564 545 1647 δια]
571 1562 650 1626 (ium
665 1563 799 1626 dixisset
815 1563 1006 1638 Lardnerus‚
1019 1564 1068 1625 Dc
1076 1562 1159 1626 Fide
1170 1563 1252 1625 Hist.
1266 1562 1385 1645 Εοστιρ.
1400 1560 1497 1622 P.11.

397 1666 458 1729 vol.
471 1666 502 1728 ii.
528 1688 554 1729 c.
569 1667 618 1729 28.
644 1688 675 1748 p.
692 1667 765 1749 658.
792 1666 960 1728 videndum
987 1688 1064 1741 esse,
1089 1673 1196 1728 utrum
1222 1665 1423 1748 aliquatenus
1447 1662 1497 1725 hio

397 1776 560 1852 spectetur
573 1768 615 1829 ad
635 1787 645 1829 1
670 1768 739 1830 Cor.
754 1767 799 1829 iii.
816 1786 844 1830 2.
861 1788 916 1830 seu
939 1767 1053 1831 saltem
1076 1768 1117 1830 ad
1142 1766 1328 1838 Hedum,
1351 1785 1397 1849 ¹3·
1421 1763 1497 1827 mihi

397 1870 574 1955 apparebat
599 1869 698 1932 totius
720 1868 776 1931 loci
800 1877 963 1932 structura
985 1869 1155 1932 consimilis
1172 1870 1337 1932 verborum
1361 1865 1497 1950 apostoli

397 1972 438 2035 ad
455 1971 623 2045 Hebraeos,
640 1969 693 2052 qui
709 1969 777 2052 ipse
791 1991 860 2032 sese
874 1971 916 2033 ad
932 1970 1115 2034 Corinthios
1137 1971 1328 2035 scribentem
1353 1969 1497 2032 imitatus

398 2079 494 2135 esset.

441 2172 523 2235 Ibid.
546 2171 637 2233 l.11.
660 2171 727 2251 παρ’
744 2170 838 2256 αὐτῷ]
863 2170 931 2250 παρ’
948 2172 1025 2256 αὐτῷ
1046 2174 1187 2235 editionis
1208 2174 1310 2259 Stcplt.
1330 2174 1496 2237 lectionem

397 2295 455 2358 pro
471 2272 640 2337 Valesiana
661 2272 708 2335 ὑπ’
733 2274 809 2356 αὐτῷ
827 2273 988 2335 revocavit
1002 2273 1174 2349 Strothius,
1191 2297 1284 2357 quem
1304 2275 1498 2338 variantibus

397 2373 482 2439 inter
504 2397 539 2438 se
564 2373 724 2437 codicibus
750 2373 885 2456 scriptis,
909 2395 994 2436 nuno
1019 2395 1091 2436 cum
1117 2375 1375 2439 Zimmermauno
1400 2384 1498 2458 atque

398 2476 543 2540 Burtouo
555 2483 682 2540 secutus
693 2497 778 2549 sum;
793 2474 928 2537 Rufinus
937 2495 1012 2537 vero
1022 2482 1148 2537 vertens
1159 2475 1288 2537 eccbsioe
1297 2497 1361 2536 ςιιοο
1367 2476 1499 2560 populus

397 2578 486 2642 litem
499 2579 585 2641 haud
601 2578 738 2641 diremit.
776 2577 934 2641 Oaeterum
948 2576 1056 2639 omisit
1075 2579 1147 2639 τοτὲ
1162 2597 1258 2659 supra
1270 2577 1342 2637 MS.
1360 2577 1497 2658 Norfolc.

397 2680 566 2765 posuitque
584 2679 799 2760 όποθρέψοντα
824 2698 883 2762 pro
905 2677 1120 2758 όποθρέψαντα
1142 2684 1176 2740 et
1202 2677 1498 2759 ἔγκαταγηρόσαντες

398 2802 457 2866 pro
472 2781 733 2863 καταγηράσαντες
746 2780 827 2843 idem
841 2779 939 2843 codes
979 2778 1083 2843 Addit
1097 2778 1135 2843 cl.
1155 2780 1318 2843 Burtonus
1343 2787 1363 2813 ‘⁶
1374 2780 1498 2859 ὑποθρέ-

398 2892 500 2966 ψοντα
513 2884 599 2947 codd.
615 2885 690 2946 Par.
705 2883 725 2945 i.
742 2890 776 2945 et
790 2883 885 2966 Norf.
900 2903 964 2945 non
978 2882 1091 2945 male.''

445 2984 527 3048 Ibid.
544 2983 565 3047 l.
581 2988 630 3047 16.
646 2986 782 3067 εἰκόνος]
810 2983 967 3046 Eusebius
986 2983 1019 3046 in
1033 3006 1101 3067 oap.
1114 3001 1164 3049 ιι.
1187 2983 1281 3066 hujus
1300 2983 1372 3046 libri
1392 2983 1499 3068 quarti

400 3085 552 3171 Pinytum
576 3107 641 3149 una
665 3103 738 3147 cum
760 3083 832 3148 aliis
856 3083 1075 3169 scriptoribus,
1103 3084 1156 3168 qui
1182 3086 1242 3149 sub
1269 3086 1316 3148 M.
1333 3087 1499 3149 Antonino

400 3187 488 3251 Vero
510 3187 695 3262 floruerunt,
714 3186 764 3250 his
785 3183 890 3249 verbis
911 3181 1222 3264 commemoraverat,
1239 3187 1395 3266 Ἠκμαζον
1417 3189 1442 3250 δ’
1466 3190 1499 3251 ἐν

399 3291 513 3354 τούτοις
536 3290 585 3352 ἐπὶ
607 3292 658 3364 τῆς
678 3288 848 3366 ἐκκλησίας,
863 3286 1057 3367 Ἡγήσιππός
1076 3313 1108 3351 τε
1130 3287 1167 3351 dv
1188 3291 1277 3366 ἴσμεν
1299 3292 1331 3351 ἐκ
1353 3296 1411 3351 τῶν
1428 3315 1499 3368 προ-

399 3390 502 3470 τέρων,
520 3392 567 3453 καὶ
589 3391 748 3454 Διονύσιος
772 3390 936 3468 Κορινθίων
957 3390 1126 3461 ἐπίσκοπος,
1147 3395 1333 3452 mutuos
1354 3415 1387 3453 τε
1406 3391 1500 3457 ἄλλος

399 3496 458 3553 τῶν
473 3491 521 3553 ἐπὶ
538 3490 652 3569 Κρήτης
671 3490 842 3554 ἐπίσκοπος·
869 3490 1019 3555 Φίλιππός
1038 3514 1071 3552 τε
1092 3491 1141 3553 ἐπὶ
1159 3493 1281 3567 τούτοις,
1307 3493 1355 3554 καὶ
1374 3489 1499 3553 Ἀπολι-

400 3590 501 3671 νόριος
524 3592 572 3653 καὶ
594 3591 746 3665 Μελίτων,
768 3591 932 3656 Μουσανός
952 3615 986 3652 τε
1009 3592 1057 3652 καὶ
1075 3593 1242 3657 Μόδεστος·
1267 3594 1315 3655 καὶ
1338 3593 1387 3654 ἐπὶ
1406 3596 1499 3654 πᾶσιν

400 3694 569 3772 Εἰρηναῖος·
587 3693 691 3754 ὤνκαὶ
712 3694 754 3759 εἰς
767 3694 842 3771 ἡμᾶς
857 3696 908 3770 τῆς
923 3694 1121 3770 ἁποστολικῆς
1131 3696 1324 3773 παραδόσεως
1342 3693 1360 3771 ἡ
1377 3693 1450 3770 (ior.
1466 3690 1498 3775 ἢ)

400 3796 451 3871 τῆς
473 3794 573 3873 ὑγιοῦς
598 3795 727 3860 πίστεως
752 3794 905 3874 ἔγγραφος
930 3797 1077 3870 κατῆλθεν
1100 3795 1264 3873 όρθοδοξία.
1311 3794 1366 3857 Ad
1391 3816 1500 3858 vocem

400 3895 485 3980 quod
500 3895 619 3959 attinet
633 3896 727 3961 ἄλλος
742 3916 813 3958 cum
829 3895 947 3979 Pinyto
957 3895 1113 3981 junctam,
1129 3894 1185 3958 sed
1200 3917 1221 3958 a
1230 3894 1359 3958 Valesio
1374 3902 1408 3959 ot
1421 3895 1501 3959 Hal·

399 3996 505 4073 loixio‚
518 3996 594 4059 dum
602 3995 706 4059 loomn
718 4002 858 4072 vertunt,
867 3996 1055 4082 neglectam,
1068 3997 1171 4081 ipsam
1181 3996 1214 4059 in
1226 3996 1310 4059 huno
1324 4018 1461 4074 sensum,
1474 3997 1501 4060 si

400 4107 488 4163 recta
498 4099 549 4161 hic
561 4097 676 4173 omnia,
688 4098 982 4181 accipi03——et
990 4100 1300 4183 ρτσίατῦίονιμςίιινι
1312 4099 1502 4162 Corinthium

399 4201 482 4264 clius
495 4201 647 4285 episcopus
663 4200 794 4282 Ρίτιγίιις
811 4200 1008 4263 Cramer-m.
1040 4200 1144 4264 Locus
1159 4200 1293 4276 interea,
1308 4202 1361 4285 qui
1377 4201 1403 4263 si
1418 4223 1502 4265 nunc

400 4304 482 4368 male
505 4326 601 4367 sanus
622 4310 682 4378 est,
702 4303 767 4386 jam
794 4303 913 4365 dudum
936 4313 1104 4386 corruptus
1124 4302 1195 4378 suit,
1220 4302 1267 4365 ita
1285 4303 1380 4366 scribi
1403 4314 1501 4386 atquo

401 4405 552 4490 distingui
568 4411 684 4489 potest.
731 4407 859 4470 Πινντός
874 4426 915 4468 τε·
941 4410 1009 4467 ΚΑΙ
1032 4406 1126 4471 ἄλλος
1148 4410 1207 4467 τῶν
1231 4404 1279 4467 ἐπὶ
1303 4404 1417 4486 Κρήτης
1439 4405 1501 4466 ἐπί-

401 4531 514 4571 σκοπος
538 4509 698 4571 Φίλιππος·
722 4507 771 4568 ἐπὶ
795 4508 908 4572 τούτοις
932 4507 980 4569 καὶ
1004 4504 1214 4586 Ἀπολινόριος
1240 4509 1296 4569 bro.
1335 4506 1501 4590 Philippus

402 4606 497 4682 enim,
511 4613 549 4669 ut
567 4613 642 4689 post
661 4605 757 4669 docet
781 4606 948 4684 Eusebius,
964 4608 1117 4692 Gortynae
1135 4608 1222 4671 urbis
1242 4609 1347 4673 Oretae
1362 4608 1423 4670 fuit
1437 4605 1502 4690 epi·

402 4728 524 4791 scopus.
571 4706 656 4769 Nihil
671 4714 781 4771 tamen
796 4729 847 4771 me
864 4709 989 4791 juvant,
1005 4709 1120 4789 fateor,
1138 4731 1208 4794 quae
1228 4710 1327 4774 habet
1347 4717 1438 4773 votus
1457 4708 1503 4770 in·
