3809 5650
781 687 1081 753 HEGESlPPUS.
1420 691 1485 754 21³

382 852 584 954 παρουσίαν
602 857 666 928 τοῦ
686 856 850 953 Χριστοῦ
873 854 946 933 Ι“ο”ις
971 853 1029 929 καὶ
1046 850 1225 953 Ἡρώδης·
1257 854 1315 930 καὶ
1340 851 1481 954 &mpet-

382 1019 494 1083 τησεν
512 981 639 1068 auroris
658 990 687 1063 εί
705 987 744 1062 ἐκ
763 987 885 1077 Δαβίδ
902 986 984 1063 εἰσί·
1022 987 1080 1061 καὶ
1098 983 1354 1084 ὡμολόγησαν.
1404 983 1485 1063 τότε

384 1119 569 1221 ἠρείπησεν
587 1117 714 1201 αῦτοῦς
731 1115 851 1201 πόσας
876 1116 1020 1217 κτήσεις
1038 1117 1193 1221 ἔχουσιν,
1211 1114 1235 1216 ἢ
1252 1115 1380 1195 πόσων
1398 1149 1486 1220 χρη-

383 1252 507 1350 μάτων
520 1252 751 1357 κυριεύουσιν.
793 1259 827 1331 oi
845 1253 882 1333 δέ
900 1248 1000 1333 εἷπον
1019 1251 1226 1360 ἀμφότεροι,
1239 1253 1487 1356 ἐννακισχίλια

358 1386 532 1490 εδηνάρια
551 1386 722 1491 ὑπάρχειν
741 1389 860 1470 αὐτοῖς
877 1384 982 1485 μόνα,
997 1386 1139 1494 ἑκάστῳ
1157 1389 1275 1465 αὐτῶν
1293 1384 1487 1486 ἀνήκοντος

385 1530 449 1601 τοῦ
468 1522 635 1620 ἡμίσεως·
659 1524 718 1600 καὶ
735 1529 849 1600 ταῦτα
866 1521 931 1599 οὐκ
949 1523 987 1598 ἐν
1005 1520 1184 1622 ἀργυρίοις
1202 1519 1365 1625 ἔφασκον
1384 1519 1487 1623 ἐχειν,

386 1656 470 1733 ἀλλ’
489 1657 527 1732 ἐν
546 1653 746 1754 διατιμήσει
759 1658 827 1755 γῆς
844 1654 1013 1755 πλέθρων
1031 1651 1222 1755 τριάκοντα
1239 1652 1338 1731 ἐννέα
1356 1652 1486 1751 μόνων.

386 1787 430 1892 ἐξ
454 1784 504 1865 ὧν
528 1790 587 1865 καὶ
611 1784 693 1869 τοῦς
718 1784 853 1892 φόρους
881 1787 1082 1892 ἀναφέρειν,
1102 1788 1160 1864 καὶ
1184 1784 1312 1870 αὐτοὺς
1340 1788 1488 1890 αῦτουρ-

386 1930 539 2022 γοῦντας
562 1920 827 2027 διατρέφεσθαι.
873 1918 948 1999 εἶτα
968 1920 1005 2000 δέ
1022 1924 1081 2000 καὶ
1098 1919 1164 2004 τάς
1181 1928 1301 2024 χεῖρας
1319 1919 1383 2004 τάς
1402 1923 1483 2002 ἐαυ-

343 2062 459 2134 1οτιῦν
488 2053 730 2134 ἐπιδεικνύναι·
770 2056 966 2157 μαρτύριον
992 2059 1056 2153 τῆς
1086 2055 1298 2156 αὐτουργίαν
1329 2052 1395 2153 τὴν
1425 2063 1489 2135 τοῦ

388 2189 557 2286 σώματος
574 2191 763 2292 σκληρίαν,
777 2192 836 2267 καὶ
854 2187 937 2270 τοῦς
955 2186 1027 2267 ἀπὸ
1045 2192 1108 2286 τῆς
1126 2197 1300 2292 συνεχοῦς
1317 2190 1489 2290 ἐργασίας

388 2323 723 2405 ἐναποτιπτωθέντας
750 2325 806 2403 ἐπὶ
836 2328 909 2401 τῶν
935 2324 1031 2400 ίδίων
1061 2327 1189 2425 χειρῶν
1219 2320 1350 2404 τύλους
1377 2355 1486 2424 παρι-

388 2454 558 2538 στάντας.
603 2456 841 2558 ἐρωτηθέντος
870 2454 908 2535 δέ
940 2459 1021 2557 περὶ
1051 2464 1115 2533 τοῦ
1145 2461 1310 2557 Χριστοῦ
1340 2458 1399 2534 καὶ
1426 2459 1490 2553 τῆς

751 2589 1138 2621 ‘ltin‘

388 2590 579 2685 βασιλείας
606 2592 725 2686 αὑτοῦ,
744 2625 849 2669 οποια
867 2624 920 2673 τις
938 2625 990 2689 ειη
1009 2624 1067 2669 και
1091 2624 1176 2670 ποτε
1203 2593 1260 2668 καὶ
1287 2598 1353 2669 ποῖ
1368 2596 1487 2695 φανη-

346 2723 537 2821 ι5σομένη,
557 2719 669 2823 λόγον
689 2727 819 2820 δοῦναι,
839 2727 887 2808 ὡς
905 2726 946 2802 οὐ
965 2723 1120 2822 κοσμικὴ
1144 2722 1210 2821 μέν
1234 2725 1305 2802 οὐδ’
1327 2724 1490 2826 ἐπίγειος,

391 2857 596 2961 ἐπουράνιος
628 2857 666 2936 δέ
698 2859 756 2935 καὶ
789 2856 963 2958 ἀγγελικὴ
999 2855 1178 2961 τυγχάνει,
1209 2860 1266 2937 ἐπὶ
1304 2859 1492 2964 συντελείᾳ

391 3001 455 3073 τοῦ
473 2999 599 3075 αἰῶνος
623 2992 856 3091 γενησομένη,
877 2992 1029 3088 ὁπηνίκα
1052 2990 1168 3069 ἐλθὼν
1192 2994 1230 3068 ἐν
1254 2988 1344 3094 δόξῃ
1367 2990 1491 3092 κρίνειε

391 3288 482 3325 sarem
498 3267 644 3345 perduxit.
677 3267 798 3345 Quippe
813 3267 916 3325 Domi·
965 3268 1120 3345 jugerum:
1144 3285 1181 3323 ex
1203 3283 1326 3341 quorum
1348 3264 1493 3325 fructibus

391 3348 488 3405 tiunus
508 3346 545 3405 de
565 3347 694 3405 adventu
715 3346 834 3411 Christi,
853 3367 916 3422 per·
967 3357 997 3404 et
1021 3346 1132 3404 tributa
1155 3343 1363 3423 persolverent,
1385 3354 1416 3402 et
1437 3345 1492 3404 sibi

346 3425 460 3483 20inde
477 3445 510 3483 ac
530 3426 664 3485 Herodes
685 3426 739 3485 sibi
759 3428 916 3484 metuebat.
967 3426 1038 3502 ipsis
1066 3445 1124 3482 nou
1156 3425 1219 3484 sine
1250 3425 1368 3502 proprio
1395 3423 1493 3484 labore

392 3505 568 3581 Interrogati
587 3506 678 3583 igitur
691 3507 727 3564 ab
741 3505 802 3571 illo,
817 3518 915 3563 utrum
968 3507 1076 3564 victum
1091 3514 1301 3583 comparerent.
1339 3503 1493 3580 Simulque

391 3603 428 3641 ex
450 3584 541 3661 stirpe
558 3584 681 3644 Davidis
701 3597 798 3643 essent
816 3586 914 3643 oriun-
967 3605 1069 3643 manus
1087 3585 1240 3643 ostendere
1260 3595 1422 3662 coeperuut,
1438 3583 1493 3642 du-

393 3663 432 3732 di,
451 3664 481 3722 id
503 3663 684 3722 verissimum
704 3685 768 3723 esse
792 3665 915 3723 confessi
967 3664 1062 3722 ritiem
1082 3665 1168 3730 cutis,
1183 3664 1413 3742 impressumque
1434 3663 1492 3722 alte

392 3753 471 3801 sunt.
514 3743 626 3802 Deinde
645 3744 807 3802 sciscitatus
821 3756 865 3802 est
879 3763 916 3801 ex
968 3744 1101 3801 manibus
1120 3744 1226 3802 callum
1245 3763 1282 3800 ex
1299 3743 1405 3802 laboris
1421 3744 1493 3802 assi-

346 3830 380 3890 25
392 3820 451 3879 illis
479 3823 675 3889 Domitianus,
700 3834 823 3901 quantas
850 3843 915 3901 pos·
968 3822 1091 3885 duitate,
1117 3823 1147 3879 in
1172 3822 1371 3881 testimouium
1396 3822 1493 3899 operis

392 3901 541 3968 sessiones,
574 3913 752 3977 quantumve
786 3903 917 3981 pecunius
968 3902 1013 3958 sui
1037 3902 1227 3979 proferentes.
1271 3900 1423 3958 Postremo
1447 3901 1492 3958 in.

391 3981 541 4039 habereut.
584 3981 633 4038 llli
647 4001 715 4039 vero
732 4002 834 4040 novem
852 3993 916 4039 tan-
968 3980 1108 4055 terrogati
1122 3980 1158 4038 de
1173 3980 1290 4037 Christo
1304 3990 1334 4035 et
1349 3979 1385 4037 de
1403 3998 1492 4055 reguo

392 4060 544 4118 tummodo
565 4060 748 4117 denariorum
770 4061 859 4117 millia
880 4060 918 4118 si·
967 4058 1057 4123 illius,
1086 4057 1248 4135 cujusmodi
1282 4057 1313 4115 id
1347 4068 1433 4125 esset,
1462 4070 1493 4117 et

392 4139 422 4196 bi
439 4140 579 4197 ambobus
595 4149 751 4216 suppetere
768 4140 915 4204 dixerunt,
967 4137 1094 4213 quaudo,
1109 4138 1248 4214 quibusve
1266 4136 1295 4193 iu
1315 4138 1386 4195 locis
1404 4157 1490 4215 appu·

344 4231 515 4293 30quorum
548 4217 668 4274 dimidia
699 4236 765 4294 pars
796 4218 917 4294 siugulis
967 4218 1113 4274 riturum:
1135 4216 1347 4293 responderunt
1363 4236 1421 4274 uon
1436 4216 1491 4274 hu.

393 4307 588 4373 competeret:
611 4316 660 4353 eas
676 4316 745 4354 vero
765 4296 918 4355 facultates
964 4296 1014 4371 jus
1037 4294 1138 4353 muudi
1161 4315 1215 4353 nec
1237 4306 1378 4353 terrarum
1402 4296 1492 4373 impe-

394 4394 574 4452 uequaquam
587 4375 659 4432 sein
673 4376 916 4452 argentohabere,
967 4375 1043 4432 rium
1065 4373 1139 4433 illud
1160 4394 1232 4438 esse,
1254 4374 1306 4432 sed
1329 4374 1489 4451 angelicum

394 4455 445 4511 sed
479 4456 509 4511 in
545 4454 735 4512 estimatione
772 4475 916 4532 agrorum,
967 4465 998 4513 et
1020 4453 1143 4523 celeste,
1163 4454 1242 4531 quod
1265 4455 1296 4511 in
1319 4453 1375 4511 fine
1399 4473 1489 4513 secu·

394 4553 497 4591 novem
523 4534 633 4592 scilicet
661 4555 694 4591 ac
722 4535 842 4611 triginta
863 4533 916 4590 soli
968 4533 1060 4592 lorum
1080 4532 1215 4591 futurum
1236 4543 1321 4599 esset,
1336 4542 1407 4590 tunc
1425 4553 1490 4591 cum

820 4724 834 4752 s
847 4713 918 4762 Matr.
933 4715 958 4762 ii.
971 4729 991 4763 1.
1004 4733 1067 4779 seqq.
