3809 5650
434 689 500 750 210
758 689 1006 767 nnmoonn
1030 688 1207 754 sncnAE.

435 862 610 957 Χριστοῦ.
629 861 905 959 παρακαλοῦμέν
919 893 966 938 σε
979 869 1102 939 πεῖσαι
1115 858 1253 944 πάντας
1265 859 1348 942 τοῦς
1362 857 1536 939 ἐλθόντας

434 995 483 1072 εῖς
501 989 567 1087 τὴν
584 990 718 1092 ἡμέραν
735 1000 799 1070 τοῦ
821 991 951 1095 πάσχα
973 995 1053 1095 περὶ
1070 995 1204 1090 Ἰησοῦ.
1230 996 1293 1072 σοὶ
1317 991 1388 1094 γὰρ
1405 990 1538 1074 πάντες

433 1120 638 1220 πειθόμεθα.
670 1124 768 1220 ἡμεῖς
785 1122 857 1225 γὰρ
876 1126 1123 1226 μαρτνροῦμέν
1141 1160 1203 1205 σοι
1228 1130 1286 1205 καὶ
1308 1133 1380 1210 πᾶς
1399 1129 1418 1204 ό
1437 1127 1537 1222 λαὸς,

435 1256 489 1336 ὅτι
508 1258 639 1341 δίκαιος
657 1255 698 1354 εἷ,
716 1263 775 1336 καὶ
794 1257 879 1336 ι’ότι
896 1255 1097 1359 πρόπαππον
1115 1260 1156 1337 οῦ
1174 1257 1382 1357 λαμβάνεις.
1410 1266 1538 1339 πεῖσον

435 1387 501 1470 οῦν
524 1389 574 1468 σῦ
592 1388 656 1470 τόν
679 1390 792 1494 ὄχλον
813 1394 895 1491 περὶ
913 1392 1038 1492 Ἰησοῦ
1063 1391 1113 1489 μὴ
1138 1397 1360 1471 πλανᾶσθαι.
1390 1395 1448 1470 καὶ
1465 1391 1537 1493 γὰρ
1546 1436 1562 1494 5

433 1531 504 1608 πᾶς
529 1522 653 1607 ὀλοὸς
671 1528 729 1603 καὶ
752 1523 882 1608 πάντες
899 1525 1095 1622 πειθόμεθά
1113 1561 1185 1606 σοι.
1208 1531 1318 1624 στῆθι
1336 1528 1399 1606 οῦν
1420 1529 1478 1607 ε’πὶ
1495 1526 1537 1605 τὸ

433 1656 625 1759 πτερύγων
655 1665 718 1737 τοῦ
747 1663 851 1761 ἱεροῦ,
881 1661 940 1737 ἵνα
972 1659 1108 1739 ἄνωθεν
1137 1657 1179 1762 ᾗς
1211 1660 1395 1766 ἐπιφανὴς,
1427 1664 1486 1740 καὶ
1514 1658 1537 1763 ᾐ

435 1788 633 1869 εῦάκουστά
651 1824 722 1870 σου
746 1791 794 1870 τὰ
818 1790 961 1895 ῥήματα
982 1799 1090 1873 παντὶ
1118 1799 1170 1899 τῷ
1197 1800 1286 1900 λαῷ.
1320 1792 1377 1871 διὰ
1404 1792 1476 1896 γὰρ
1494 1792 1536 1871 τὸ

433 1923 563 2027 πάσχα
587 1925 861 2025 συνεληλύθασι
889 1933 1006 2006 πᾶσαι
1038 1934 1074 2006 αἱ
1108 1931 1222 2033 φυλαὶ
1254 1925 1345 2019 μετὰ
1374 1929 1431 2006 καὶ
1464 1933 1536 2006 τῶν

433 2060 555 2138 ε’θνοῖν.
599 2058 761 2154 ἔστησαν
793 2056 857 2138 οὖν
889 2065 922 2137 οἱ
950 2061 1196 2162 προειρημεῦοι
1229 2066 1447 2162 γραμματεῖς
1477 2061 1535 2138 καὶ
1549 2103 1583 2140 ιο

434 2199 622 2299 φαρισαῖοι
644 2191 709 2270 τὸν
725 2191 900 2287 Ἰάκωβον
917 2195 975 2271 ε’πὶ
999 2191 1042 2272 τό
1069 2193 1260 2295 πτερῦγιον
1276 2202 1340 2272 τοῦ
1359 2202 1457 2282 ναοῦ,
1478 2198 1536 2272 καὶ

434 2326 588 2432 ἔκραξαν
620 2327 715 2432 αῦτῷ
742 2329 801 2405 καῖ
828 2322 937 2405 εῖπον·
977 2327 1101 2404 Δίκαιε
1131 2322 1160 2432 ᾧ
1186 2322 1318 2407 πάντες
1347 2326 1536 2405 πείθεσθαι

434 2460 636 2563 ὀφείλομεν,
649 2460 722 2538 ἐπεὶ
736 2461 757 2536 ὁ
775 2458 865 2543 λαός
875 2466 1057 2539 πλανᾶται
1076 2459 1194 2538 ὀπίσω
1206 2461 1331 2557 Ἰησοῦ
1344 2468 1408 2539 τοῦ
1425 2493 1535 2539 στου·

433 2591 618 2694 ρωθέντος,
637 2592 861 2695 ἀπάγγειλον
884 2596 969 2691 ἡμῖν
992 2595 1046 2677 τίς
1068 2595 1092 2692 ἡ
1111 2594 1203 2695 θῦρα
1225 2601 1290 2673 τοῦ
1313 2595 1447 2692 Ἰησοῦ.
1477 2597 1535 2671 καὶ

433 2727 646 2828 ἀπεκρίνατο
666 2731 769 2832 φωνῇ
786 2725 940 2831 μεγάλη·
972 2726 1010 2805 ri
1024 2760 1069 2825 με
1091 2728 1288 2829 ε’περωτᾶτε
1311 2729 1392 2829 περὶ
1411 2728 1534 2826 Ἰησοῦ
1550 2766 1581 2822 ¹5

434 2864 499 2939 τοῦ
517 2865 593 2940 υἱοῦ
611 2865 676 2939 τοῦ
689 2859 879 2963 ἀνθρώπου
894 2894 904 2956 3
927 2863 985 2939 καὶ
999 2858 1105 2944 αῦτός
1119 2858 1271 2958 κάθηται
1281 2863 1319 2939 ἐν
1331 2867 1383 2965 τῷ
1397 2862 1534 2966 οῦρανῲ

433 2996 473 3073 ἐκ
486 2995 613 3100 δεξιῶν
629 2998 693 3093 τῆς
710 2992 874 3095 μεγάλης
898 2992 1089 3091 δυνάμεως,
1108 3000 1167 3075 καὶ
1190 2993 1320 3091 με’λλει
1339 2993 1534 3098 0ἔρχεσθαι

434 3245 484 3323 qui
504 3245 581 3303 festo
603 3246 720 3304 Pesohoe
741 3244 789 3303 die
807 3245 866 3303 buc
888 3264 958 3301 eon.
1009 3244 1179 3302 Judeorum
1201 3243 1295 3301 tribus
1316 3256 1346 3302 et
1370 3264 1406 3303 ex
1430 3246 1533 3303 Genti·

435 3325 567 3390 veniunt,
588 3335 622 3382 ut
643 3325 680 3383 de
700 3324 773 3382 Jesn
794 3334 873 3381 recte
893 3343 959 3381 sen·
1010 3325 1064 3382 bus
1094 3343 1152 3380 non
1183 3323 1267 3401 pauci
1300 3323 1358 3383 huc
1391 3345 1534 3382 convene.

435 3405 518 3462 tisnt.
561 3404 628 3461 Tibi
650 3404 727 3462 enim
748 3422 849 3460 omnes
870 3401 957 3459 tidem
1010 3414 1087 3460 runt.
1131 3402 1265 3460 Posthoec
1281 3403 1439 3479 supradicti
1455 3403 1533 3461 Scri.
1546 3427 1583 3464 20

435 3484 592 3552 hebemus3
614 3493 730 3540 etcum
749 3482 886 3539 universo
905 3501 958 3559 po·
1010 3482 1053 3539 be
1079 3493 1110 3539 et
1139 3482 1276 3539 Pherisaei
1299 3502 1365 3540 cum
1389 3483 1533 3541 Jacobum

435 3562 506 3640 pulo
526 3562 581 3620 hoc
601 3562 654 3619 tibi
676 3562 875 3619 testimonium
892 3580 959 3639 per·
1009 3562 1040 3617 in
1069 3561 1187 3640 fastigio
1211 3562 1314 3637 templi
1335 3560 1532 3626 collocassent,

435 3642 577 3710 bibemus,
595 3641 788 3717 justissimum
811 3650 842 3698 te
864 3641 959 3697 virum
1009 3652 1147 3699 contenta
1171 3660 1240 3697 voce
1267 3641 1309 3698 sic
1332 3660 1398 3698 eum
1425 3640 1533 3716 alloqui

435 3741 506 3788 esse,
525 3740 578 3780 nec
596 3720 688 3778 ullum
712 3720 790 3798 apud
810 3731 841 3777 te
861 3740 960 3798 perso·
1010 3731 1171 3796 eoeperunt.
1215 3718 1243 3777 0
1279 3720 1367 3777 Juste
1398 3720 1444 3777 cui
1480 3740 1534 3778 nos

435 3820 536 3858 nerum
562 3800 715 3859 discrimen
736 3798 842 3858 valere.
886 3799 958 3860 Pro·
1009 3819 1110 3858 omnes
1133 3798 1219 3857 fidem
1244 3798 1381 3857 adhibere
1405 3819 1457 3877 per
1477 3810 1532 3866 est.
1546 3825 1580 3882 25

435 3880 503 3939 inde
531 3880 608 3958 plebi
641 3879 782 3957 persuade
813 3898 850 3937 ne
884 3878 960 3937 circs
1009 3878 1243 3956 quandoquidem
1280 3876 1406 3955 populus
1440 3880 1535 3938 omnis

435 3960 537 4019 Jesum
556 3960 692 4037 deinceps
715 3960 838 4016 aberret.
881 3959 958 4015 Nem
1009 3970 1095 4024 errat,
1111 3961 1210 4017 Jesum
1226 3968 1340 4016 sectans
1350 3958 1533 4026 crucifixum,

435 4050 466 4097 et
484 4042 635 4097 universus
654 4037 790 4118 populus,
804 4049 835 4096 et
855 4058 908 4094 nos
922 4037 958 4094 li·
1009 4037 1080 4096 doce
1100 4058 1153 4095 nos
1176 4036 1255 4114 qnod
1275 4037 1314 4094 sit
1333 4037 1439 4095 ostium
1460 4037 1533 4096 Jesu

435 4120 537 4178 benter
555 4120 608 4177 tibi
626 4119 868 4196 obtemperemus.
898 4116 956 4174 As·
1009 4118 1104 4175 suffixi
1140 4118 1229 4176 cruci.
1284 4118 1368 4175 'l‘nnc
1406 4116 1534 4175 Jacobus

435 4199 526 4258 cende
548 4200 638 4275 igitur
662 4198 692 4254 in
715 4198 863 4275 festigium
882 4207 958 4254 tem.
1009 4197 1089 4256 edita
1110 4216 1181 4255 voce
1200 4197 1237 4254 iis
1257 4196 1416 4274 respondit.
1452 4197 1582 4281 Quid30

435 4278 486 4353 pli,
508 4291 543 4337 nt
563 4280 594 4336 in
615 4278 732 4336 sublimi
750 4276 814 4335 loeo
835 4277 957 4354 positus,
1009 4297 1066 4341 me.
1112 4276 1218 4353 inquit,
1263 4276 1448 4352 interrogatis
1496 4276 1533 4334 de

435 4358 472 4415 sb
495 4359 630 4416 omnibus
657 4357 783 4432 conspici
812 4368 842 4415 et
870 4374 958 4414 exau·
1009 4356 1082 4414 Jesu
1113 4355 1174 4413 tilio
1198 4356 1344 4413 hominis?
1392 4356 1459 4432 lpse
1489 4376 1534 4414 se.

436 4437 491 4494 diri
506 4437 591 4495 facile
606 4438 707 4513 possis.
741 4438 817 4494 Nam
834 4436 958 4493 Pascha.
1009 4435 1060 4494 det
1088 4437 1117 4493 in
1143 4435 1214 4493 caelo
1237 4455 1254 4493 α
1278 4435 1389 4493 dextris
1414 4455 1534 4492 summes

436 4516 472 4573 lis
501 4516 694 4574 solemnitatis
716 4515 818 4593 gretia,
847 4525 959 4573 cuncte
1010 4516 1136 4583 virtutis,
1151 4525 1182 4571 et
1202 4525 1344 4574 venturus
1363 4524 1407 4572 est
1429 4514 1459 4571 in
1478 4534 1534 4572 nu.

620 4708 707 4756 blanc
718 4725 760 4755 xx.
773 4722 811 4755 ιι.
1120 4709 1297 4758 eMstsxxvi.
1309 4708 1348 4766 ⁶4.
