3809 5650
647 674 839 739 Auuorr.
865 675 915 738 ru
939 673 1121 740 scarae.
1146 675 1269 738 cusa.
1467 677 1510 743 so

408 844 557 910 Basilidis
583 833 827 910 commentarios
852 846 894 910 ab
918 833 1064 930 Origene,
1093 846 1274 922 Ambrosio,
1302 844 1507 927 Hieronymo,

408 948 552 1032 intelligi,
572 948 627 1011 ubi
653 948 767 1012 falsum
791 947 939 1012 Basilidis
963 948 1158 1032 evangelium
1183 954 1369 1012 memorent.
1416 948 1508 1011 Idem

408 1070 533 1133 quoquo
549 1049 698 1114 Fabricio
714 1050 814 1113 visum
829 1049 934 1113 fuerat
948 1048 1087 1112 scribere
1098 1048 1131 1110 in
1142 1050 1202 1111 vol.
1216 1050 1236 1112 i.
1252 1049 1323 1112 Ccd.
1334 1049 1507 1134 Apocrypt.

407 1154 488 1215 Nou.
510 1153 586 1215 Test.
603 1175 633 1236 p.
650 1173 723 1237 343.
769 1152 832 1215 Sed
848 1151 920 1214 huic
937 1150 1064 1233 quidem
1079 1150 1218 1234 opinioni
1239 1151 1321 1213 male
1342 1150 1509 1215 convenire

407 1253 555 1316 videntur
585 1254 731 1338 Origenis
755 1253 851 1316 verba
874 1252 907 1315 in
934 1252 1070 1315 Macarii
1099 1251 1293 1314 Orationibus
1318 1253 1353 1315 iu
1379 1253 1506 1329 Liscum,

406 1359 509 1417 Ταῦτα
524 1357 556 1417 δὲ
572 1358 683 1435 εἴρηται
698 1355 772 1436 πρὸς
787 1356 853 1420 τοὺς
868 1355 927 1417 ἀπὸ
942 1353 1156 1428 Οὐαλεντίνου,
1174 1355 1221 1415 καὶ
1238 1357 1399 1416 Βασιλίδου
1421 1353 1507 1436 (sio),

408 1457 456 1519 καὶ
481 1459 548 1524 τοὺς
570 1458 629 1521 ἀπὸ
653 1457 840 1537 Μαρκίωνος.
866 1456 972 1537 ἔχουσι
998 1457 1056 1535 γὰρ
1083 1455 1133 1516 καὶ
1158 1455 1240 1516 αὐτοὶ
1266 1457 1318 1519 τὰς
1337 1453 1435 1532 λε’ξεις
1458 1454 1506 1535 (S.

408 1558 581 1642 Scripturae
597 1560 694 1622 verba
714 1557 802 1642 prius
820 1555 965 1632 laudata)
991 1557 1026 1618 ἐν
1047 1559 1087 1639 τῷ
1110 1554 1173 1617 καθ’
1191 1555 1312 1620 ἑαυτοὺς
1331 1556 1506 1640 εὐαγγελίῳ.

406 1683 436 1744 p.
453 1661 526 1743 981.
548 1668 626 1724 tom.
647 1660 690 1723 iii.
714 1661 770 1743 Op.
797 1657 943 1742 Orn'yenis,
964 1657 1013 1719 ed.
1036 1656 1208 1718 Delaman.
1229 1677 1284 1718 seu
1309 1655 1506 1721 Benedictio.

407 1763 498 1843 Quod
515 1764 642 1848 quidem
657 1763 682 1826 si
696 1783 804 1826 verum
816 1760 858 1824 sit
873 1761 913 1823 do
927 1758 1087 1822 communi
1098 1758 1319 1821 haereticorum
1331 1759 1505 1843 cvangelio,

406 1866 514 1949 quidni
541 1865 601 1929 hoc
628 1887 707 1949 opus
732 1871 817 1928 esset
844 1861 1021 1925 ullarcionis
1044 1861 1121 1923 illud
1145 1861 1350 1944 evangelium,
1379 1863 1418 1925 de
1442 1857 1506 1946 quo

405 1967 485 2031 satis
499 1967 601 2031 multa
617 1964 837 2030 Tertullianus
852 1971 886 2027 et
901 1962 1121 2048 Epiphanius?
1169 1961 1342 2046 Utcunque
1357 1985 1390 2026 sc
1405 1963 1505 2028 habet

405 2066 501 2144 istud,
522 2067 648 2130 videtur
667 2065 816 2130 Basilidis
838 2086 926 2150 opus,
949 2064 1101 2127 adversus
1116 2064 1200 2146 quod
1216 2063 1343 2146 scripsit
1358 2065 1505 2149 Agrippa

406 2157 534 2243 Castor,
550 2191 590 2231 ex
605 2168 693 2231 libris
707 2168 948 2253 quatuordeeim
964 2174 1126 2242 constans,
1137 2189 1217 2250 opus
1227 2166 1313 2229 idem
1324 2189 1401 2243 esse,
1416 2168 1505 2253 cujus

404 2271 559 2334 decimum
575 2271 706 2335 tertium
721 2271 837 2334 librum
848 2271 1006 2356 excerpsit
1016 2271 1196 2335 Archelaus
1207 2270 1268 2332 fine
1278 2271 1506 2354 Disputationis

404 2394 468 2435 suae
480 2394 547 2435 curu
558 2374 693 2448 Maeote,
705 2394 760 2436 seu
773 2371 963 2447 Manichaeo,
975 2372 1008 2434 in
1020 2373 1078 2435 vol.
1092 2373 1149 2435 ult.
1162 2371 1276 2434 hanam
1288 2371 1505 2456 Reliquiarum

404 2461 576 2538 collocatae.
622 2474 672 2537 Dc
693 2473 843 2537 Basilidis
862 2480 1007 2557 ternpore
1025 2472 1167 2536 nonnihil
1182 2473 1264 2536 infra
1278 2474 1319 2536 ad
1336 2473 1504 2537 Hscssrrrr

405 2575 601 2660 Fragmenta
614 2575 719 2640 attuli.

446 2677 484 2740 P.
510 2679 562 2757 87.
587 2677 607 2739 l.
636 2700 666 2761 9.
695 2677 850 2759 προφήτας
869 2680 910 2747 ,δὲ
941 2681 1035 2762 ἑαυτῷ
1065 2678 1214 2757 ὀνομάσαι
1244 2682 1430 2757 Βαρκαββᾶν
1457 2677 1505 2741 καὶ

405 2779 544 2864 Βαρκὼφ]
569 2784 731 2860 Βαρκαβᾶν
755 2780 804 2843 καὶ
827 2781 969 2861 Βαρκῶφ.
1017 2774 1072 2845 lta
1096 2779 1223 2864 quidem
1247 2773 1349 2843 codex
1373 2780 1503 2865 Regius.

404 2880 467 2944 Sed
483 2880 515 2943 in
531 2882 637 2945 codice
650 2881 734 2945 Maz.
749 2881 837 2944 Med.
848 2889 882 2945 et
898 2881 981 2945 Fuk.
997 2883 1150 2965 scriptum
1166 2888 1215 2945 est
1232 2886 1417 2962 Βορκαββᾶν
1432 2903 1504 2945 αντη

402 2970 536 3044 accentu
560 2982 648 3065 gravi
671 2982 704 3044 in
728 2982 851 3046 ultima.
896 2982 963 3044 Nec
986 2980 1080 3045 aliter
1105 2977 1392 3065 Nicephorus,'nisi
1418 2984 1502 3066 quod

402 3082 548 3146 ultimam
557 3082 785 3147 circumflectit.
810 3083 909 3167 Apud
923 3082 1073 3145 Rufinum
1084 3106 1218 3168 quoque,
1230 3091 1262 3147 et
1273 3083 1357 3167 apud
1368 3083 1503 3146 Hieron.

402 3183 434 3245 in
459 3183 596 3247 indiculo
621 3183 784 3247 haereseon
816 3184 852 3264 (J
854 3186 1032 3264 udaeorum)
1066 3184 1250 3248 Barcabbas
1279 3184 1404 3248 dieitur.
1451 3183 1503 3247 Sic

402 3284 486 3347 enim
501 3285 674 3369 praeferunt
690 3286 896 3370 manuscripti
915 3287 1040 3351 codices
1059 3286 1175 3350 Rufini.
1222 3288 1371 3351 Ceterum
1391 3287 1423 3349 in
1444 3286 1503 3350 hos

401 3387 575 3470 prophetas
595 3387 774 3451 Barcabam
797 3394 830 3452 et
850 3388 986 3465 Barcob,
1009 3388 1150 3451 Isidorus
1175 3388 1324 3452 Basilidis
1343 3388 1426 3451 filius
1450 3409 1502 3451 ex-

402 3487 594 3571 positionum
614 3488 711 3552 libros
731 3489 912 3573 scripserat,
928 3496 966 3552 ut
989 3490 1083 3553 docet
1105 3489 1250 3554 Clemens
1266 3490 1503 3554 Alexandrinus

400 3588 433 3651 in
453 3588 506 3651 lib.
523 3589 563 3653 vi.
581 3589 795 3654 Stromateon.
809 3591 962 3671 Ἰσίδωρος
981 3593 1056 3664 δὲ,ὁ
1082 3593 1261 3655 Βααιλείδον
1284 3591 1346 3658 υἱὸς
1369 3592 1430 3671 ἅμα
1454 3594 1502 3655 καὶ

400 3691 540 3769 μαθητὴς,
566 3693 600 3754 ἓν
625 3692 665 3776 τῷ
691 3693 795 3775 πρώτῳ
821 3696 879 3754 τῶν
902 3696 954 3754 τοῦ
977 3691 1130 3772 προφήτου
1157 3693 1289 3773 Παρχὼρ
1313 3694 1499 3774 ἑξηγητικῶν.

401 3789 467 3876 Ubi
483 3793 612 3873 Βαρκὼφ
627 3793 857 3856 emendandum
872 3791 1008 3856 videtur.
1040 3792 1109 3855 Nisi
1123 3793 1193 3876 quis
1203 3793 1386 3857 existimare
1398 3795 1499 3871 malit,

401 3893 534 3973 Παρχὸρ
549 3892 645 3955 etiam
661 3915 758 3956 unum
779 3892 875 3956 luisse
896 3914 935 3956 ex
955 3892 1120 3977 prophetis
1141 3893 1202 3956 illis
1224 3914 1244 3955 a
1266 3893 1406 3956 Basilide
1428 3916 1500 3957 con·

401 3990 501 4054 fictis:
521 3992 572 4054 Ex
584 4015 693 4056 eorum
708 3994 936 4079 prophetarum
951 4015 1083 4056 numero
1094 3993 1154 4056 suit
1166 3993 1263 4057 etiam
1273 3994 1393 4057 Cham:
1412 3996 1501 4078 cujus

399 4093 526 4155 nomine
541 4094 696 4158 Basilides
710 4096 825 4158 librum
839 4095 1016 4180 prophetiae
1037 4101 1254 4170 contexuerat,
1271 4102 1308 4157 ut
1329 4116 1368 4156 ex
1385 4094 1500 4157 Isidori

399 4194 503 4257 verbis
515 4194 632 4258 ibidem
643 4218 663 4259 a
674 4196 837 4260 Clemente
849 4197 958 4260 citatis
970 4196 1138 4280 colligitur.
1170 4196 1334 4258 Vxnssms.
1363 4196 1501 4259 Grabius

400 4315 524 4378 quoque
546 4318 619 4380 pag.
640 4299 692 4381 38.
710 4299 851 4383 opiam.
868 4299 927 4361 vol.
944 4298 975 4360 ii.
993 4299 1032 4360 dc
1054 4297 1137 4360 fictis
1159 4297 1272 4359 horum
1294 4298 1500 4382 pseudo-pro·

399 4395 570 4478 phetarum
590 4419 654 4459 non
673 4401 768 4462 modo
791 4400 943 4484 personis,
961 4400 1017 4463 scd
1040 4406 1072 4463 et
1095 4399 1195 4475 libris,
1212 4399 1275 4462 ista
1297 4399 1428 4463 Eusebii
1449 4422 1501 4464 ac·

399 4498 545 4581 cipienda
560 4508 676 4577 censet,
692 4501 761 4564 loco
777 4501 830 4564 illo
848 4502 1019 4565 Clementis
1034 4502 1209 4564 Alexandr.
1225 4499 1352 4584 penitus
1372 4523 1501 4584 persua·

399 4620 463 4662 sus.
510 4600 621 4683 Neque
647 4602 770 4666 interea
792 4603 884 4686 plane
907 4604 1086 4686 spernenda
1109 4610 1159 4666 est
1182 4602 1221 4665 cl.
1249 4601 1404 4665 Lardneri
1427 4625 1500 4666 con-

395 4700 532 4783 jectura,
549 4701 609 4765 hos
623 4701 721 4766 libros
735 4704 908 4768 statuentis
920 4704 1045 4768 codices
1060 4705 1182 4789 aliquos
1203 4703 1374 4767 orientales
1393 4703 1501 4779 luisse,

451 4824 518 4866 vor..
536 4827 556 4866 r.
946 4828 968 4865 n
