3809 5650
477 674 527 737 IN
550 673 585 737 S.
601 670 915 736 APOLLINARIS
939 670 1130 734 HIERAP.
1147 670 1322 736 FRAGM.
1389 671 1453 736 178

356 849 376 877 “
390 838 531 903 linaris.”
586 838 689 901 Porro
715 836 762 900 ita
779 834 967 900 Gallandius
993 834 1171 918 Prolegom.
1187 832 1248 895 vol.
1266 834 1294 897 1.
1309 833 1455 899 artant.

357 943 433 1004 PP.
453 963 484 1025 p.
504 939 586 1002 cxxi.
633 937 793 1021 “Sarepta
817 937 882 1000 sive
906 934 997 999 librar
1015 956 1124 999 vocem
1153 934 1312 1014 γράμματα
1337 935 1456 1000 Latine

357 1050 377 1077 ‘⁶
391 1041 525 1104 reddere
540 1039 696 1102 malumus
718 1059 790 1101 cum
812 1037 951 1112 Baludo,
968 1038 1048 1100 Νοο.
1065 1035 1176 1099 amat.
1191 1036 1310 1099 Collaat.
1327 1059 1358 1120 p.
1375 1039 1406 1100 6.
1423 1045 1457 1101 et

358 1150 379 1181 “
395 1141 555 1216 Fabricio,
581 1161 677 1224 quam
703 1140 820 1203 litteras
843 1160 915 1202 cum
942 1138 1054 1223 Lange
1079 1137 1121 1201 ad
1140 1137 1270 1222 Niccpl.
1289 1138 1329 1201 iv.
1352 1156 1402 1218 27.
1424 1145 1458 1203 et

359 1251 377 1281 “
395 1243 551 1306 valesio?
585 1242 710 1305 Literaa
721 1240 808 1323 prius
825 1239 940 1302 Latine
951 1246 1115 1303 verterant
1133 1239 1298 1303 Masculus
1309 1247 1342 1304 et
1353 1240 1460 1305 Ohris-

357 1344 572 1428 tophorsonus
600 1342 730 1404 Eusebii
757 1342 957 1424 interpretes.
1004 1340 1048 1403 Et
1073 1339 1248 1403 vallarsius
1274 1341 1315 1411 ad
1341 1341 1459 1404 Hiero·

357 1444 443 1527 nymi
470 1442 601 1506 Isi-bema
631 1444 681 1504 De
711 1442 796 1504 Virta
820 1442 875 1505 Ill.
903 1440 1097 1525 Apollinaris
1122 1448 1236 1503 contra
1268 1442 1460 1505 Montanum

357 1545 474 1627 scripta
488 1543 608 1628 signari
623 1550 727 1626 putat,
744 1542 905 1625 refertque
924 1542 1075 1605 lectorem
1094 1562 1184 1604 suum
1205 1542 1247 1605 ad
1272 1541 1460 1605 Tertulliani

358 1647 407 1708 Da
420 1645 552 1728 Jejnnn'is
577 1644 713 1716 initium,
730 1649 764 1707 et
778 1642 832 1706 lib.
843 1663 874 1727 3.
891 1652 995 1705 contra
1008 1644 1198 1706 Marcionem
1224 1643 1284 1706 sub
1309 1643 1414 1716 linem,
1427 1650 1461 1708 et

358 1747 411 1810 lib.
435 1769 465 1824 4.
490 1768 560 1830 cap.
585 1765 637 1808 22.
696 1744 813 1809 Confer
833 1751 867 1807 et
890 1754 958 1807 not.
978 1744 1061 1806 infra
1083 1744 1125 1806 ad
1149 1744 1459 1808 SERAPIONEM.

360 1847 410 1911 De
424 1848 493 1931 ipso
508 1856 615 1910 autem
631 1845 830 1931 Apollinario
846 1854 878 1908 et
893 1845 963 1908 aliis
978 1844 1046 1908 haec
1066 1851 1223 1928 praeterea
1244 1845 1343 1909 habet
1359 1846 1459 1909 Euse-

360 1949 432 2012 bius
446 1949 500 2012 lib.
517 1971 546 2011 v.
562 1949 644 2011 Hirr.
666 1970 693 2011 α.
714 1949 770 2010 16:
795 1947 867 2026 πρδς
889 1950 945 2025 μὲν
970 1946 1024 2024 τήν
1050 1946 1220 2025 λεγομένην
1243 1950 1317 2009 κατὰ
1341 1950 1462 2029 Φρύγας

361 2053 487 2132 αἵρεσιν,
503 2051 600 2112 ὅπλον
612 2053 737 2132 ἵσχυρον
753 2050 801 2112 καὶ
816 2049 1059 2128 ἀκαταγόνιστον
1070 2049 1119 2111 ἐπὶ
1134 2051 1185 2125 τῆς
1197 2046 1394 2127 Ἱεραπόλεως
1409 2049 1463 2113 τδν

359 2151 605 2231 Ἀπολλινόριον,
621 2151 655 2214 οδ
676 2152 724 2214 καὶ
744 2151 876 2229 πρόσθεν
897 2149 1013 2227 μνήμην
1033 2151 1049 2211 ό
1068 2149 1159 2230 λόγος
1178 2151 1329 2225 πεποίητο,
1349 2151 1462 2218 ἄλλους

361 2277 393 2315 τε
408 2253 464 2314 σὺν
479 2254 556 2336 αὐτῷ
576 2253 699 2318 πλείους
719 2257 778 2313 τῶν
793 2249 928 2328 τηνικάδε
948 2253 1062 2331 λογίων
1077 2251 1202 2328 ἀνδρῶν,
1219 2251 1236 2328 ἡ
1251 2255 1301 2328 τῆς
1321 2253 1462 2329 ἀληθείας

361 2353 530 2435 ὑπέρμαχος
554 2354 660 2429 ἀνίστη
686 2354 815 2429 δύναμις.
849 2353 880 2428 ἐξ
903 2353 944 2413 ὧν
964 2351 1011 2412 καὶ
1033 2351 1103 2429 ἡμῖν
1122 2351 1253 2429 ἱστορίας
1270 2353 1398 2427 πλείστη
1418 2377 1464 2419 τις

362 2456 502 2518 ὑπόθεσις
528 2453 763 2515 κατελέλειπται.
810 2452 894 2515 Dein
914 2474 988 2515 vero
1003 2453 1104 2533 ῥήσεις
1119 2452 1241 2536 aliquas
1255 2453 1337 2515 bene
1351 2453 1463 2538 longas

363 2553 521 2637 excerpsit
548 2552 706 2617 Eusebius
736 2575 776 2614 ex
805 2574 901 2636 opere
930 2555 1068 2637 quodam
1097 2563 1210 2617 contra
1242 2554 1463 2638 cataphrygas

364 2656 492 2738 scripto,
509 2655 591 2738 quod
610 2652 788 2737 Apollinari
813 2655 940 2736 quidem
962 2654 1060 2738 aliqui
1079 2654 1255 2717 attribuere
1269 2655 1381 2730 solent,
1407 2657 1463 2719 sed

364 2757 446 2818 male
475 2756 506 2818 id
537 2756 657 2818 lactum
686 2776 765 2832 esso,
787 2755 936 2818 Valesius
965 2755 1082 2818 ibidem
1113 2762 1230 2819 monet.
1281 2755 1463 2819 Halloixius

365 2879 489 2941 quoque
504 2857 536 2919 in
552 2858 621 2919 Vita
637 2858 673 2919 S.
688 2855 883 2940 Apollinaris
897 2856 958 2917 hoc
974 2877 1053 2938 opus
1074 2856 1116 2918 ab
1133 2856 1201 2938 ipso
1216 2855 1463 2938 abjudicandum

365 2965 541 3034 censuerat,
572 2957 633 3020 etsi
658 2956 836 3040 fragmenta
862 2956 930 3039 ejus
959 2956 1108 3039 adposuit
1137 2956 1210 3028 illic,
1240 2978 1310 3039 quae
1336 2956 1464 3040 quidem

365 3066 477 3142 postea
491 3059 532 3120 ad
548 3058 672 3120 initium
685 3057 789 3119 saeculi
806 3057 894 3121 tertii
909 3056 1020 3119 lectori
1033 3057 1154 3119 sistam.
1193 3057 1231 3119 ln
1243 3057 1353 3120 eadem
1368 3079 1464 3140 porro

365 3160 524 3222 sententia
538 3168 587 3221 est
603 3158 804 3231 Gallundius,
821 3158 874 3220 ubi
892 3179 998 3241 supra.
1044 3158 1107 3220 Sed
1122 3158 1163 3220 ad
1184 3179 1263 3241 opus
1280 3159 1340 3221 hoc
1360 3158 1464 3222 nullus

367 3259 486 3334 dubito,
512 3258 588 3341 quin
611 3259 706 3321 verba
733 3259 914 3341 pertineant
937 3258 1092 3320 Auctoris
1121 3256 1234 3321 Latent
1264 3259 1421 3340 Syrmda'on',
1444 3283 1465 3324 a

367 3362 491 3423 Joanne
519 3359 630 3442 Pappo
654 3360 790 3441 primum
816 3359 904 3434 editi,
931 3361 1061 3425 Σύνοδος
1087 3364 1153 3422 θεῖα
1180 3362 1228 3423 καὶ
1258 3363 1322 3441 ἱερὰ
1350 3362 1464 3440 τοπικη,

366 3462 481 3544 inquit,
501 3463 534 3522 έν
548 3458 717 3539 Ἱεραπόλει
733 3464 782 3536 τῆς
790 3462 897 3525 Ἀσίας
912 3465 1167 3540 συναθροισθεῖσα
1181 3462 1238 3524 ὑπὸ
1252 3460 1466 3543 Ἀπολιναρίου

367 3567 418 3624 τοῦ
437 3564 543 3636 ταύτης
565 3558 728 3621 όσιωτότου
750 3561 923 3632 ἐπισκόπου,
944 3561 992 3622 καὶ
1012 3560 1121 3638 ἑτέρων
1142 3565 1269 3639 εἰκοσιέξ
1286 3564 1467 3642 ἐπισκόπων,

368 3660 576 3739 ἇποκηρύξασό
605 3684 637 3721 τε
664 3660 712 3721 καὶ
736 3662 895 3740 έκκόψασα
919 3661 1083 3724 Μοντανὸν
1110 3664 1158 3725 καὶ
1185 3666 1380 3741 Μαξιμίλλαν
1399 3666 1468 3731 τοὺς

368 3760 626 3843 ψευδοπροφήτας·
665 3760 693 3821 cl
723 3762 770 3822 καί
799 3761 1001 3841 βλασφήμως,
1031 3761 1095 3838 ήτοι
1125 3767 1343 3841 δαιμονιῶντες,
1373 3767 1468 3832 καθώς

368 3874 461 3943 φησιν
477 3861 493 3924 ὁ
509 3862 595 3927 αὐτὸς
609 3861 715 3940 πατὴρ,
731 3862 785 3923 τὸν
799 3865 869 3938 βίον
890 3862 1108 3941 κατέστρεψαν·
1132 3863 1189 3925 σὺν
1204 3864 1301 3929 αὐτοῖς
1322 3867 1363 3935 δὲ,
1381 3866 1465 3927 κατέ-

370 3990 448 4043 κρινε
468 3966 515 4025 καὶ
531 3965 683 4026 Θεόδοτον
699 3963 751 4023 τὸν
772 3961 891 4024 σκυτέα.
938 3963 1034 4045 Apud
1052 3963 1165 4025 Conail.
1179 3962 1273 4026 Lahb.
1291 3975 1319 4027 at
1335 3967 1467 4028 Caesari.

369 4078 446 4127 tom.
461 4065 488 4125 1.
506 4085 534 4145 p.
548 4078 622 4145 599.
651 4061 776 4123 Scilicet
791 4061 823 4121 in
838 4082 934 4143 opere
954 4064 1066 4123 Contra
1084 4062 1292 4147 Cataphrppas
1307 4065 1338 4126 id
1354 4066 1468 4129 saltem

371 4164 511 4227 Eusebio
538 4171 622 4225 teste
653 4162 798 4232 extabat,
825 4162 910 4244 quod
936 4162 976 4224 de
998 4171 1102 4226 morte
1130 4163 1279 4225 Montani
1305 4174 1338 4227 et
1365 4166 1469 4229 Maxi-

370 4265 463 4327 millae
489 4264 538 4325 hic
563 4263 699 4334 dicitur3
726 4283 827 4343 neque
851 4262 903 4324 alii
930 4263 1065 4325 sortasse
1086 4263 1197 4347 origini
1223 4264 1369 4339 debetur,
1385 4268 1470 4350 quod

370 4368 410 4429 de
426 4366 598 4427 Theodoto
616 4361 762 4436 coriario,
777 4362 829 4444 qui
847 4361 1011 4425 Christum
1032 4361 1135 4425 Deum
1152 4387 1220 4428 esse
1240 4367 1391 4450 negabat,
1412 4369 1472 4434 hoo

371 4490 484 4529 novum
510 4477 542 4527 et
569 4463 745 4525 inauditum
771 4462 925 4544 sequitur.
942 4463 1059 4546 quippe
1083 4486 1153 4526 cum
1181 4466 1211 4527 in
1240 4468 1350 4530 eodem
1377 4493 1472 4554 opere

372 4568 513 4652 proxime
551 4575 623 4648 post
653 4569 919 4625 commemoretur
949 4562 1154 4628 Montanista
1184 4566 1312 4650 quidam
1346 4572 1473 4637 nomine

373 4670 572 4732 Theodotus.
614 4668 709 4726 llunc
726 4685 850 4746 qnoque
866 4664 885 4726 l.
900 4686 927 4726 v.
947 4665 1029 4728 Hie.
1047 4689 1074 4729 c.
1087 4688 1116 4751 3.
1135 4679 1290 4734 memorat
1306 4670 1472 4737 Eusebius.
