3809 5650
429 696 495 759 ara
753 694 1002 777 nnurourn
1028 696 1205 761 sucus.

428 865 725 966 μαρτυρουμένων
756 865 826 945 ὑπὸ
862 867 1054 967 ὅἹερεμίου
1087 873 1152 946 τοῦ
1178 865 1378 973 προφήτου,
1412 865 1531 968 ἔκραζε

428 997 558 1099 λύγων·
602 1000 817 1097 Παύσασθε,
845 1002 884 1078 τί
911 1007 1052 1079 ποιεῖτε·
1090 1003 1229 1105 εὔχεται
1263 999 1350 1102 ὑπὲρ
1381 1002 1479 1098 ὑμῶν
1512 1002 1532 1076 ὁ

429 1132 587 1216 Δίκαιος.
616 1135 675 1211 καὶ
692 1132 820 1227 λαβιύν
837 1167 892 1216 τις
910 1135 970 1213 ἀπ’
992 1136 1122 1230 αι’ττῶν,
1137 1133 1186 1218 εἷς
1202 1139 1273 1213 τῶν
1296 1132 1470 1238 κναφέων,
1489 1130 1532 1210 τὸ

327 1311 334 1324 ·
429 1263 543 1371 ξύλον
561 1268 599 1343 ἐν
616 1261 646 1372 ᾧ
663 1265 824 1369 ἀπστίεζε
843 1265 890 1345 τὰ
907 1266 1039 1366 ἱμάτια,
1053 1268 1178 1368 ἤνεγκε
1193 1264 1285 1345 κατὰ
1297 1270 1360 1364 τῆς
1371 1269 1533 1370 κεφαλῆς

428 1404 494 1478 τοῦ
518 1401 664 1480 δικαίου.
695 1404 754 1480 καὶ
781 1404 893 1484 οὕτως
919 1400 1153 1504 ἐμαρτύρησε·
1182 1402 1240 1478 καὶ
1263 1401 1406 1504 ἔθαψαν
1424 1397 1558 1484 αύτὸν5

429 1535 487 1612 ἐπὶ
505 1539 557 1640 τῷ
574 1531 675 1641 τύττιρ
692 1533 793 1636 παρὰ
810 1540 862 1640 τῷ
880 1540 965 1641 ναῷ,
984 1538 1043 1613 καὶ
1061 1534 1112 1613 ἔτι
1129 1535 1239 1613 αὐτοῦ
1257 1533 1280 1631 ἡ
1299 1530 1420 1630 στήλη
1437 1533 1532 1630 μένει

428 1663 529 1770 παρὰ
555 1672 608 1773 τῷ
634 1673 718 1774 ναῷ.
745 1667 882 1770 μάρτυς
906 1667 1010 1752 οὗτος
1034 1665 1172 1766 ἀληθὴς
1196 1667 1378 1749 Ἰουδαίοις
1406 1699 1445 1744 τε
1473 1668 1532 1743 καὶ

423 1796 590 1898 Ἕλλησι
616 1798 841 1902 γεγένηται,11
868 1799 923 1878 im
943 1802 1087 1900 Ἰησοῖς
1115 1800 1135 1877 ὁ
1162 1797 1324 1900 Χριστός
1352 1802 1440 1877 ἐστι.
1472 1801 1532 1875 καὶ

429 1929 532 2017 εὐθύς
550 1932 830 2016 Οὐεσπασιανὸς
847 1939 1035 2035 πολιορκεῖ
1053 1930 1190 2014 αύτούς.
1232 1949 1304 2005 Haec
1319 1946 1420 2005 attulit
1435 1948 1530 2005 Eune.

429 2066 496 2126 bius
509 2067 562 2126 lib.
571 2068 601 2124 ii.
618 2068 694 2126 Hist.
708 2088 733 2125 c.
745 2086 793 2141 23.
1542 2082 1580 2119 10

430 2277 543 2336 ehabim
564 2277 614 2352 qui
637 2277 794 2336 Hieremia
816 2277 955 2354 suffragio
1007 2277 1079 2341 loco.
1111 2286 1267 2353 manetque
1298 2276 1396 2334 adhuc
1426 2277 1530 2354 cippus

429 2355 623 2414 commendati
634 2367 713 2426 suut,
723 2367 952 2416 conteutavoce:
1005 2355 1084 2413 illius
1124 2375 1215 2433 prope
1257 2355 1409 2431 templum·
1471 2357 1530 2412 Hie

431 2434 558 2502 Parcite,
589 2435 695 2512 inquit,
727 2435 799 2512 quid
834 2435 952 2494 facitis?
1004 2434 1133 2493 Jacobus
1146 2445 1210 2492 tum
1224 2434 1410 2493 Judaeistum
1421 2435 1529 2491 Grecis

429 2513 536 2572 Juatus
567 2525 632 2572 orat
659 2535 713 2593 pro
740 2517 830 2574 vobis.
871 2514 952 2572 lute-
1004 2513 1133 2589 locuples
1150 2512 1209 2571 fuit
1226 2514 1319 2583 testis,
1337 2513 1440 2571 Jesum
1463 2533 1529 2571 vere

429 2593 484 2651 rim
507 2613 584 2651 unus
606 2613 643 2652 ex
667 2594 812 2662 iis,fu110
838 2604 954 2672 arrepto
1005 2593 1154 2651 Christum
1183 2593 1283 2652 fuisse.
1339 2593 1404 2650 Nec
1435 2591 1529 2650 multo
1543 2628 1579 2684 15

429 2672 510 2731 iuste
553 2692 612 2748 quo
653 2684 750 2732 vestes
791 2675 955 2754 exprimere
1005 2684 1072 2751 pout
1094 2672 1207 2731 obsidio
1229 2672 1408 2751 Vespasiani,
1423 2683 1453 2730 et
1472 2670 1528 2729 Ju-

429 2751 550 2821 meost,
577 2772 612 2811 ca
632 2765 667 2811 ut
692 2752 774 2811 Justi
801 2753 954 2834 percussit.
1006 2752 1133 2810 duorum
1176 2753 1331 2832 captivitas
1375 2752 1530 2810 subsecuta

429 2829 532 2909 Atque
552 2832 595 2890 ita
611 2773 690 2892 felici
710 2835 850 2913 martyrio
864 2835 954 2891 vitam
1005 2843 1058 2890 est.

431 2910 515 2970 finiit.
558 2911 701 2992 Sepultus
727 2924 772 2973 est
797 2914 899 2973 eodem
923 2913 954 2972 in

798 3153 1168 3190 -........-

530 3336 585 3400 Eu
597 3336 711 3400 incerto
725 3333 813 3411 libro,
825 3334 1020 3418 udsmaaso
1033 3335 1149 3412 uitiato,
1166 3335 1295 3419 ejusdem
1311 3337 1430 3423 Οροαις.
1542 3364 1580 3402 20

502 3482 554 3538 DE
575 3482 689 3542 JUDAE
711 3481 930 3539 NEPOTIBUS
952 3482 1057 3538 APUD
1080 3483 1339 3540 DOMITIANUM
1362 3484 1458 3539 REIS.

459 3607 546 3697 Ἔτι
557 3609 596 3689 δὲ
609 3613 788 3713 περιῆσαν
802 3615 835 3691 oi
846 3609 918 3690 ἀπὸ
929 3613 1052 3713 γένους
1062 3619 1127 3692 τοῦ
1136 3615 1270 3716 Κυρίου
1282 3612 1532 3709 υἱωνοὶἸούδα,

477 3750 493 3768 Α
586 3742 597 3773 ἱ
656 3742 667 3768 Ι
875 3743 887 3771 Ι
996 3748 1005 3772 2
1055 3752 1071 3769 Α
1103 3751 1112 3774 2
1233 3753 1250 3770 Α
1301 3744 1315 3775 0
1364 3752 1373 3775 ι
1497 3749 1506 3773 Ι

429 3778 495 3832 του
509 3778 602 3823 κατα
614 3777 737 3847 σαρκα
751 3753 945 3845 λεγομενου
963 3780 1072 3825 αυτου
1091 3752 1261 3853 αδελφου,
1275 3782 1337 3830 ους
1355 3753 1527 3845 εδηλατο-

428 3913 573 3983 ρευσαν,
589 3882 638 3961 ὡς
656 3881 694 3956 ἔκ
707 3878 830 3979 γένους
843 3877 949 3963 ὄντας
962 3882 1095 3977 Anuli.
1113 3878 1259 3965 τούτους
1274 3884 1303 3961 ὅ
1317 3883 1337 3959 ὁ
1351 3878 1532 3967 ίουύκατος

429 4012 544 4117 ἤγαγε
576 4008 668 4118 πρὸς
694 4008 917 4109 Δομετιανὸν
951 4013 1133 4117 Καίσαρα·
1174 4016 1340 4120 ἐφοβεῖτο
1367 4013 1438 4118 γὰρ
1466 4013 1557 4114 τὴνι
1562 4058 1578 4117 5

471 4275 526 4338 His
540 4274 722 4367 tenporibus
738 4273 833 4332 adhuc
853 4294 956 4367 super.
1007 4274 1117 4333 Christi
1133 4275 1299 4366 vecabatur.
1342 4275 1406 4333 Hos
1425 4295 1443 4333 a
1458 4296 1531 4333 non-

429 4365 513 4413 eraut
550 4353 668 4429 qurdam
707 4371 744 4409 ex
783 4364 956 4428 cognatione
1006 4352 1096 4412 nullis
1127 4353 1239 4414 delatos
1269 4354 1348 4431 quod
1383 4374 1420 4411 ex
1453 4355 1532 4432 regia

430 4433 551 4499 Christi,
594 4441 716 4509 nepotes
755 4432 841 4493 Judae
876 4431 957 4490 illius
1006 4431 1129 4491 Davidis
1151 4434 1188 4492 sti
1266 4433 1400 4512 prognati
1422 4445 1530 4500 esseut,

429 4512 479 4589 qui
514 4510 674 4569 secundum
715 4529 829 4573 manem
865 4512 956 4572 irater
1007 4510 1196 4570 Evocatusa
1239 4510 1442 4570 Domitianum
1465 4511 1530 4570 Cae·

628 4727 705 4776 Ner.
720 4743 771 4790 cap.
780 4728 840 4778 xliii.
1144 4730 1280 4780 Motu.
1294 4745 1334 4781 τι.
