3809 5650
433 670 497 737 rsa
762 670 1007 754 annrourm
1031 671 1203 739 sanum.

431 844 513 925 παρὰ
525 842 660 929 πόσῃτῇ
681 844 715 907 ἐν
735 844 836 928 κόσμῳ
856 843 1048 923 ἆδελφότγτι,
1063 842 1210 923 πέπομφα
1228 844 1298 921 ὑμῖν
1318 844 1367 907 καὶ
1383 844 1535 907 Κλαυδίου

427 953 644 1034 Ἀπολιναρίου
658 958 711 1016 τοῦ
725 953 947 1034 μοκαριιντότου
962 952 1126 1034 γευομένου
1139 956 1173 1017 ἐν
1182 951 1352 1035 Ἱεραπόλει
1367 957 1418 1033 τῆς
1427 952 1536 1019 Ἀσίας

433 1063 598 1127 ἐπισκόπου
612 1062 780 1143 γρόμμοτα.

430 1244 559 1307 minatur,
571 1251 692 1298 aversata
710 1251 790 1314 atque
806 1243 960 1299 abominata
1009 1245 1075 1299 Asia
1092 1245 1233 1315 episcopus
1254 1244 1314 1310 luit,
1327 1246 1416 1299 literas
1434 1245 1469 1299 ad
1486 1262 1535 1299 vos

432 1322 482 1377 est,
494 1313 640 1368 beatissimi
656 1312 739 1383 patris
757 1312 863 1367 Claudii
874 1315 959 1384 Apol-
1010 1315 1081 1368 misi.
1565 1306 1582 1364 5

431 1383 523 1439 linaria
542 1383 590 1455 qui
610 1382 819 1453 Hierapolitanse
838 1383 960 1438 urbisin

802 1609 1165 1651 ...--,,....-..

477 1780 563 1843 otro
578 1782 637 1860 γὰρ
650 1778 761 1846 πάντες
773 1781 802 1842 ol
816 1779 1010 1860 παλαιότεροι
1027 1785 1082 1861 (ait
1097 1784 1231 1844 Socrates
1247 1785 1328 1843 Hos.
1340 1785 1419 1844 Εοσί.
1430 1783 1481 1844 lib.
1492 1784 1534 1841 iii.

377 1964 382 1971 Ι
434 1909 460 1948 ο.
477 1904 505 1965 7.
519 1889 694 1948 catholicum
709 1889 746 1947 de
760 1889 856 1947 anima
873 1890 1001 1947 bumana
1019 1909 1037 1946 a
1057 1888 1175 1947 Christo
1195 1900 1344 1967 assumpta
1365 1889 1470 1967 dogma
1490 1909 1534 1946 re-

433 1992 540 2059 ferens,
555 1993 634 2069 quod
652 1992 729 2071 apud
748 1992 850 2052 ooncil.
866 1991 1097 2050 Alexandrinum
1119 1992 1173 2050 sub
1189 1994 1347 2051 Athanasio
1368 2014 1444 2051 anno
1465 1994 1534 2067 362.

434 2103 636 2162 confirmatum
651 2107 708 2177 est)
724 2098 792 2177 περὶ
811 2097 915 2159 τούτου
935 2097 1033 2177 λόγον
1050 2096 1267 2177 γυμνάσαντες,
1290 2096 1446 2178 ἔγγραφον
1466 2098 1536 2175 ἡμῖν
1549 2114 1585 2151 10

434 2207 605 2272 κατέλιπον
629 2209 749 2289 καὶγὰρ
765 2209 922 2288 Είρηναίός
935 2232 969 2271 τε
985 2208 1033 2271 καὶ
1049 2206 1179 2287 Κλήμης,
1196 2211 1483 2271 ΑΠΟΛΙΝΑΡΙΟΣ
1503 2232 1537 2271 τε

434 2319 452 2380 ό
472 2315 676 2398 Ἱεραπολίτης
697 2318 746 2381 καὶ
770 2318 930 2397 Σαραπίων
954 2318 970 2380 ὁ
996 2321 1046 2396 τῆς
1071 2320 1105 2382 ἓν
1118 2319 1290 2402 Ἀντιοχείᾳ
1311 2320 1464 2397 προεστὼς
1490 2320 1536 2382 ἐκ·

435 2427 571 2506 κλησίας,
586 2427 726 2510 ἔμψυχον
739 2427 793 2491 τὸν
808 2427 1079 2509 ἑνανθρωπήσαντα
1101 2430 1136 2492 ἔν
1157 2434 1219 2495 τοῖς
1240 2432 1415 2506 πονηθεῖσιν
1436 2428 1535 2493 αὐτοῖς

434 2535 537 2620 λόγοις
551 2537 589 2603 ὣς
604 2539 850 2619 ὁμολογούμενον
861 2538 961 2606 αι’ποΐς
975 2538 1155 2620 φόσκουσιν.

837 2701 994 2777 interprete
1011 2702 1128 2760 Valerio.
1550 2726 1583 2786 ¹5

472 2828 515 2884 Ita
526 2830 598 2884 enim
614 2847 708 2884 omnes
727 2831 830 2902 antiqui
847 2832 894 2913 qui
908 2830 959 2885 bac
1010 2830 1138 2901 Sarapion
1162 2830 1339 2886 Antiochense
1368 2829 1444 2886 urbis
1469 2829 1534 2899 Epi·

435 2898 470 2954 ds
481 2917 510 2953 re
522 2900 701 2969 disputanmt,
714 2917 791 2954 suam
803 2900 881 2955 nobrs
897 2918 959 2955 sen·
1008 2918 1116 2971 scopus,
1130 2900 1278 2965 Christum,
1292 2901 1338 2972 qui
1349 2900 1432 2955 homo
1447 2899 1534 2954 factus

434 2969 545 3024 tentim
564 2970 669 3041 scriptis
693 2968 826 3040 proditam
846 2971 959 3041 relique·
1008 2980 1059 3034 est,
1078 2971 1167 3024 anima
1186 2971 1329 3041 praeditum
1349 2970 1442 3034 fuisse,
1461 2971 1535 3023 velut

434 3047 508 3094 runt.
546 3039 664 3094 Irenaeus
688 3048 759 3093 certo
777 3047 804 3093 et
824 3039 959 3103 Clemens,
1009 3057 1066 3093 rem
1090 3041 1227 3094 communi
1250 3041 1373 3095 omnium
1400 3056 1535 3095 consensu

435 3116 462 3162 et
490 3109 652 3178 Apollinaris
682 3108 909 3179 Hierapolitanos,
933 3117 960 3164 et
1009 3117 1143 3179 receptam
1154 3110 1211 3165 suis
1223 3110 1251 3164 in
1262 3110 1338 3165 libris
1350 3117 1483 3164 asserunt.
1548 3129 1586 3168 ao

800 3353 1163 3397 -φ-

478 3544 558 3616 Quid
580 3553 678 3625 (inquit
698 3553 889 3626 Hieronymus,
902 3557 991 3628 Epist.
1005 3557 1041 3611 od
1054 3558 1189 3627 Mopsum,
1201 3560 1255 3631 Ερ.
1268 3561 1311 3632 83.
1324 3571 1389 3618 tom.
1401 3565 1437 3619 iv.
1450 3584 1477 3636 p.
1490 3582 1535 3637 54.

436 3646 480 3702 ed.
493 3646 651 3712 Martianaei,
664 3658 796 3718 spectans,
809 3659 840 3703 ut
851 3652 956 3705 censuit
966 3652 1063 3707 alicubi
1076 3652 1221 3718 Fabricius,
1233 3652 1431 3725 sdApollinsrii
1443 3671 1537 3717 contra

437 3745 617 3800 Montanistas
629 3755 656 3800 et
671 3748 821 3804 Encratitm
841 3752 950 3823 scripta)
969 3745 1071 3822 loquar
1091 3746 1128 3806 de
1147 3747 1292 3807 Melitone
1313 3749 1449 3811 Sardensi
1471 3757 1535 3834 epi·

435 3862 533 3920 soopo,
556 3843 627 3920 quid
652 3845 688 3903 de
713 3844 943 3908 Aronnrusnro
972 3851 1202 3931 Hierapolitanae
1225 3853 1353 3914 ecclesiae
1376 3860 1536 3930 sacerdote,

436 3946 639 4025 Dionysioque
660 3950 878 4010 Corinthiorum
901 3955 1047 4033 episeopo,
1066 3967 1097 4014 et
1118 3956 1245 4016 'retiano
1261 3969 1293 4018 et
1314 3960 1488 4031 Bardesane,
1506 3976 1537 4025 et
1550 3996 1584 4052 25

436 4048 549 4108 Irenaeo
577 4050 697 4109 Photini
726 4054 861 4132 martyris
893 4076 1067 4124 successore,
1095 4059 1146 4136 qui
1173 4061 1328 4122 haeresium
1356 4065 1536 4144 singularum
1567 4040 1573 4054 .

435 4171 556 4223 venena,
571 4174 608 4212 ex
628 4157 734 4232 quibus
754 4158 993 4239 philosophorum
1015 4164 1147 4223 fontibus
1170 4169 1343 4240 emanarint,
1363 4171 1464 4231 multis
1486 4196 1536 4232 vo·

437 4256 597 4317 luminibus
610 4259 810 4335 explicarunt?
