3809 5650
587 672 638 736 IN
662 672 911 737 HEGESIPPI
937 673 1240 740 FRAGMENTA.
1317 676 1320 681 ’
1398 676 1465 744 261:

403 840 540 922 P·21;].l.
550 847 735 925 19.brareiro
748 842 877 906 ἐκάλουν
887 843 941 921 τὴν
953 844 1115 921 ἐκκλησίαν
1123 843 1286 928 παρθένον]
1295 844 1464 910 Meliuslo·

361 949 492 1026 geretur
505 942 594 1024 μέχρι
605 945 719 1006 τούτου.
750 943 803 1006 Sie
814 942 898 1005 enim
913 943 1012 1006 hnbet
1028 942 1185 1006 Eusebius
1199 944 1232 1005 in
1247 944 1301 1008 lib.
1311 945 1355 1009 iii.
1370 968 1397 1010 e.
1410 967 1463 1033 32.

362 1041 416 1104 ubi
439 1042 521 1104 hune
545 1042 720 1127 Hegesippi
741 1044 844 1106 leeurn
866 1043 1007 1107 adducit.
1030 1042 1195 1106 Venustus.
1242 1046 1347 1130 Supra
1363 1046 1417 1111 lin.
1432 1068 1464 1130 42

362 1142 457 1226 hujus
471 1165 544 1226 pag.
588 1143 689 1207 Recte
709 1153 817 1208 monet
838 1144 1012 1220 Strotbiue,
1030 1143 1199 1208 lectionem
1218 1150 1268 1210 διὰ
1285 1153 1373 1211 τοῦτο
1393 1170 1467 1214 oon·

362 1243 482 1307 flnnnri
508 1244 550 1307 eb
576 1246 687 1328 Reli-rw
713 1259 747 1308 et
771 1245 953 1327 Niceplero.
1001 1244 1062 1307 Eut
1087 1245 1172 1308 enim
1198 1247 1354 1312 orationis
1379 1249 1467 1313 houd

363 1346 545 1430 infrequens
558 1345 701 1407 inversio.
726 1349 774 1408 διὰ
789 1351 875 1407 τοῦτο
890 1349 948 1426 γὰρ
964 1348 1009 1409 ἐκ.
1025 1345 1124 1409 hebet
1138 1347 1335 1432 Nioeplerusz

408 1447 490 1509 lbid'.
512 1445 541 1507 l.·
557 1466 607 1510 21.
631 1447 754 1527 ἄρχεται
776 1444 800 1507 δ’
824 1449 840 1508 ὁ
864 1445 1029 1529 elenen]
1052 1447 1206 1523 Θέβουλιι
1227 1448 1272 1512 ed.
1295 1451 1337 1513 R.
1359 1450 1461 1536 &apl

363 1548 426 1612 Sed
449 1547 481 1609 in
504 1546 612 1609 codiee
635 1547 714 1630 Reg.
731 1545 817 1609 Moz.
840 1556 873 1610 et
897 1546 979 1609 Fnk.
1003 1568 1125 1610 necnon
1146 1549 1232 1631 opud
1249 1549 1463 1635 Nicephorum

362 1647 478 1731 legitur
500 1647 661 1724 Θέβοοθις.
708 1647 842 1710 Rufinus
867 1646 1041 1710 lunonem
1063 1647 1172 1723 vertit,
1186 1648 1322 1713 nominis
1344 1652 1463 1735 esperi-

362 1757 466 1812 tutem
483 1747 714 1830 aliquantulum
728 1747 882 1810 molliens.
927 1748 981 1811 Sie
993 1770 1053 1831 pre
1067 1749 1167 1833 Olopn
1180 1749 1269 1812 idern·
1280 1748 1414 1815 nutem
1428 1760 1463 1817 et

363 1857 488 1912 veteres
505 1848 571 1910 iere
592 1869 701 1911 omnes
719 1848 869 1932 Cleonem
889 1848 1008 1911 dixere.
1055 1848 1092 1910 ln
1117 1848 1336 1913 retuetiesirne:
1354 1857 1464 1916 tamen

364 1948 470 2011 Rufini
488 1948 596 2011 codiee
610 1948 664 2032 qui
679 1947 740 2011 suit
755 1949 829 2012 olim
845 1949 878 2012 in
893 1949 1087 2013 bibliotheca
1105 1950 1292 2014 Porisieneis
1313 1951 1463 2018 neolone

363 2049 512 2114 scribitur
530 2047 680 2112 leonae.
714 2050 866 2112 Ceterum
881 2049 913 2112 in
928 2048 1033 2113 tribue
1046 2050 1206 2114 eodieibns
1222 2051 1307 2114 Men.
1324 2053 1415 2117 Meu
1429 2059 1464 2118 et

364 2150 393 2213 F
395 2152 448 2213 uk.
472 2150 625 2234 seriptum
651 2151 754 2214 inveni
778 2154 902 2233 ἄρχεται
927 2154 1023 2232 γὰρό
1046 2151 1129 2231 Θέβ.
1152 2151 1318 2216 Vnumne.
1340 2154 1464 2237 ἄρχωσι

363 2255 421 2332 γὸρ
444 2255 461 2314 ὁ
485 2257 636 2329 Θεβοῦθις
660 2253 895 2316 circumflexum
919 2254 994 2317 MS.
1019 2251 1119 2317 &ott
1142 2275 1200 2317 seu
1221 2253 1312 2318 Bodc.
1336 2257 1370 2318 bl
1394 2255 1465 2322 sino

362 2353 492 2416 elisione
506 2353 636 2437 Nicepl.
674 2354 738 2417 Sed
753 2353 903 2416 scribitur
917 2352 952 2416 in
967 2353 1039 2416 eod.
1054 2355 1129 2418 Me.
1145 2355 1288 2438 Norfele.
1326 2360 1464 2436 Θεοβον·

364 2457 436 2527 θεὶς,
455 2457 541 2540 qnod
560 2455 668 2518 loreun
691 2454 812 2518 invenit
831 2455 864 2517 in
887 2455 1018 2540 seriptis
1035 2456 1100 2519 suis
1121 2457 1261 2539 Rufinus,
1281 2456 1336 2543 qui
1355 2457 1462 2537 vertit,

362 2556 417 2619 sul
437 2555 594 2620 Theobulae
614 2557 750 2641 quidam,
767 2555 828 2619 etsi
850 2555 922 2619 MS.
945 2578 1036 2619 mene
1054 2557 1160 2619 Rufini
1183 2558 1371 2623 veterrimis
1390 2581 1463 2624 omn

365 2657 538 2722 Perieiensi
556 2657 644 2721 lecit.
673 2657 841 2734 Θοιβουθὶς
855 2663 950 2720 extet
965 2657 999 2719 iu
1019 2657 1105 2721 cedd.
1119 2657 1255 2721 Pereo.
1300 2660 1462 2738 Ceterum,

363 2759 488 2823 etiamsi
510 2759 677 2837 Eusebius,
697 2765 734 2821 ut
749 2780 789 2820 ex
804 2757 874 2820 loeo
890 2756 1035 2842 proxime
1055 2768 1132 2821 ente
1152 2757 1236 2820 hune
1256 2779 1278 2821 e
1290 2780 1342 2823 me
1357 2760 1464 2845 posito

363 2870 538 2945 eempnret,
554 2882 605 2923 res
620 2882 717 2923 neree
731 2859 877 2923 molitum
891 2880 961 2922 esse
975 2859 1058 2921 hune
1074 2858 1252 2923 Thebutem
1266 2866 1340 2943 post
1355 2860 1463 2945 Syme·

363 2964 433 3026 onis
458 2961 658 3045 martyrium,
678 2960 748 3045 jum
773 2959 909 3023 mortuis
933 2959 1100 3044 apostolis,
1120 2960 1323 3037 intellexerit,
1348 2961 1464 3046 illeque

364 3072 508 3146 tempore
519 3061 679 3146 putaverit
693 3060 913 3145 posthabitum
927 3062 1027 3124 lueto
1041 3059 1139 3123 tertio
1152 3060 1383 3144 Hierosolyma)
1395 3062 1462 3146 epi·

364 3185 460 3247 scopo
487 3164 669 3225 Thebntem
693 3161 801 3237 luisse,
825 3161 912 3225 eliud
933 3170 1042 3225 temen
1063 3163 1188 3226 ostendi
1210 3162 1337 3226 videtur
1359 3164 1464 3229 verbis

365 3264 622 3351 Hegeeippianis‚
643 3273 677 3328 et
699 3285 773 3327 vero
793 3263 895 3327 simile
913 3271 974 3337 est,
990 3271 1028 3327 nt
1042 3264 1118 3340 dixi,
1134 3265 1195 3329 boe
1216 3264 1339 3329 sueinus
1362 3266 1464 3352 egisse

365 3368 560 3441 Thebutem,
573 3389 636 3451 quo
650 3375 794 3451 ternpore
810 3367 946 3450 Symeon
962 3366 1156 3430 constitutus
1170 3367 1266 3431 fuerit
1277 3368 1461 3453 episeopusg

364 3471 404 3533 de
427 3471 517 3554 eujue
537 3468 763 3552 subrogatione
785 3467 817 3531 in
839 3467 943 3531 lenum
966 3467 1083 3531 Jeeobi
1109 3468 1260 3534 nonnulle
1282 3471 1382 3536 hebet
1399 3470 1464 3537 Eu·

364 3572 470 3635 eebins
483 3571 537 3634 lib.
552 3570 597 3634 iii.
611 3570 695 3633 Her.
711 3591 781 3654 eep.
801 3588 848 3633 11.

409 3672 470 3733 Vir
486 3680 595 3734 autem
612 3670 650 3734 οΙ.
671 3670 759 3733 Frid.
774 3668 915 3754 Adelph.
933 3669 1095 3753 Lampiun
1111 3671 1144 3734 in
1159 3671 1326 3757 Proleyem.
1345 3675 1410 3738 suis
1427 3675 1464 3744 te

364 3773 496 3835 loannis
509 3774 631 3856 Εοοπρ.
650 3771 703 3834 lib.
719 3771 752 3834 ii.
768 3792 838 3855 eep.
854 3770 886 3833 ii.
906 3771 935 3852 ξ.
959 3788 1005 3846 ¹7·
1023 3792 1055 3854 p.
1076 3772 1145 3836 182.
1169 3773 1209 3836 de
1229 3781 1375 3857 tempere
1396 3796 1464 3839 eor-

363 3872 522 3957 ruptlonis
536 3871 587 3935 bie
601 3880 786 3934 memoretae
804 3870 901 3934 aliter
917 3870 1069 3947 sentiens,
1086 3872 1305 3958 Hegesippum
1319 3896 1377 3958 per
1390 3896 1463 3960 eup-

364 3974 568 4058 plementum,
583 3973 668 4056 quod
683 3994 723 4035 ex
738 3971 809 4035 eliis
828 3971 906 4034 loeis
925 3970 1012 4048 feeit,
1028 3971 1123 4035 aliter
1135 3974 1356 4057 exponendum
1370 3983 1464 4039 eutu-

363 4084 442 4138 met.
471 4075 552 4137 Post
566 4074 662 4137 verbu
677 4071 761 4135 enirn
776 4072 830 4133 lin.
850 4092 899 4158 ¹9·
915 4070 952 4133 ὃν
964 4072 1129 4151 προέθεντο
1143 4072 1254 4138 πάντες
1266 4074 1397 4155 lowen
1410 4079 1464 4139 τοῦ

365 4177 474 4255 Κυρίου
498 4177 645 4254 δεύτερον,
668 4172 720 4235 bie
746 4172 914 4234 inserendo
938 4179 1045 4255 putot,
1068 4193 1139 4255 quae
1164 4171 1322 4236 Eusebium
1344 4173 1398 4237 lib.
1418 4174 1462 4238 iii.

363 4292 390 4337 e
409 4289 462 4357 32.
485 4274 650 4348 attulerat
671 4293 804 4356 quaeque
827 4271 861 4333 in
883 4292 957 4355 pag.
978 4290 1050 4351 214.
1074 4293 1096 4335 e
1117 4293 1169 4335 me
1191 4271 1297 4356 posito
1320 4280 1404 4352 sunt
1423 4274 1464 4342 de

362 4375 449 4440 foetu
467 4373 635 4459 Symeenie
654 4395 712 4457 per
730 4371 911 4449 boeretinnr,
928 4372 982 4457 qni
1003 4373 1132 4436 Joenue
1153 4394 1193 4436 ex
1215 4372 1293 4436 vivis
1313 4381 1464 4460 exempto

362 4485 460 4562 eaput
481 4475 649 4546 tollebant.
663 4472 868 4537 eeouentione
882 4480 916 4537 et
929 4473 1093 4556 srrpplieie.
1138 4472 1264 4536 Deinde
1280 4482 1354 4557 post
1367 4476 1466 4542 rerba

362 4576 416 4640 liu.
430 4595 481 4640 αι.
503 4579 583 4640 οὕτω
598 4577 656 4654 γὰρ
672 4574 803 4653 ἔφθαρτο
821 4574 924 4638 ἀκοαῖς
942 4575 1090 4652 ματαίαις,
1105 4573 1223 4636 iterum
1242 4573 1465 4661 subjungenda

363 4679 421 4753 nit,
446 4701 516 4762 quae
540 4676 584 4740 iii.
610 4694 662 4757 32.
693 4675 732 4737 de
758 4682 901 4758 tempore
928 4696 992 4757 que
1021 4674 1162 4739 baeretiei
1190 4686 1405 4760 promoerunt
1429 4678 1464 4748 iu
