3809 5650
486 690 552 756 266
859 691 1215 757 ANNOTATIONES

486 856 628 921 tissimus
642 857 665 920 J
667 878 715 920 ao.
728 857 949 934 Rhenierdius,
962 880 1057 940 quam
1071 880 1169 942 supra
1181 857 1296 921 videsis
1311 878 1386 941 pag.
1399 875 1438 921 22
1440 871 1470 939 5.
1502 855 1590 918 Dunr

486 977 561 1019 vero
571 956 656 1018 idem
666 957 714 1019 vir
725 956 763 1019 cl.
775 979 796 1020 a
808 957 987 1040 Nicephoro
1002 965 1097 1041 putat
1108 979 1216 1020 vocem
1228 958 1420 1034 Μασβῶθεος
1434 955 1589 1019 insertam

487 1056 593 1128 fuisse,
609 1078 681 1119 curn
695 1057 818 1119 videret
834 1056 1027 1139 reliquarum
1049 1057 1216 1120 haerosium
1236 1055 1355 1139 primos
1374 1064 1521 1118 auctores
1536 1056 1589 1118 hic

486 1156 653 1229 recenseri,
671 1179 692 1220 a
708 1158 821 1240 quibus
842 1156 904 1219 iuae
923 1178 1038 1221 nomen
1058 1158 1219 1232 ducerent,
1235 1157 1307 1219 huic
1327 1155 1494 1239 suspicioni
1519 1156 1590 1238 ejus

486 1258 526 1319 de
546 1256 726 1340 Nicephoro
744 1255 912 1339 plurimum
927 1256 1116 1319 adversatur
1131 1253 1261 1317 Eusebii
1277 1253 1446 1316 Rufiniana
1462 1254 1478 1314 1
1483 1259 1588 1336 nterp·

488 1356 657 1440 Nicephori
668 1364 798 1420 aetatem
809 1354 901 1439 longe
914 1377 1076 1438 superans.
1115 1354 1196 1417 Haee
1208 1354 1306 1438 igitur
1317 1354 1349 1416 in
1360 1361 1485 1417 textum
1498 1352 1588 1415 Stro-

485 1458 590 1521 thium
604 1465 731 1521 secutus
745 1456 861 1539 recepi,
876 1456 961 1539 quod
977 1462 1010 1518 et
1022 1455 1246 1518 Zimmerrnan.
1259 1476 1331 1517 cum
1343 1455 1488 1516 Burtono
1504 1473 1588 1514 nunc

485 1559 576 1621 video
600 1558 778 1641 nuperrime
801 1556 921 1619 fecisse.
977 1557 1158 1633 Μασβόθεοι
1187 1555 1285 1618 habet
1304 1555 1379 1616 MS.
1404 1553 1504 1616 Sacil.
1530 1574 1586 1615 seu

486 1658 578 1720 Bodl.
595 1658 737 1738 Γορθηνοὶ
751 1678 810 1740 pro
825 1656 992 1736 Γορθηωνοὶ
1011 1655 1084 1717 MS.
1105 1654 1243 1737 Norsolo.
1260 1655 1415 1734 Γορθαιυοὶ
1437 1652 1587 1736 Scaligeri

486 1758 560 1821 MS.
578 1757 642 1821 alia
664 1778 771 1820 manu.
818 1756 902 1818 Illud
929 1755 1092 1835 Γοραθηνοὶ
1115 1755 1148 1817 in
1171 1755 1310 1817 editione
1333 1775 1392 1816 sua
1422 1753 1587 1817 Strothius

485 1858 662 1922 substituit.
685 1857 730 1920 Et
746 1858 909 1936 Γοραθηνοὶ
929 1863 1002 1940 post
1022 1855 1201 1918 Strothium
1221 1862 1308 1918 etex
1323 1853 1464 1938 pluribus
1481 1853 1588 1916 MStis

486 1959 606 2042 recepit
619 1959 792 2034 Burtonus,
808 1978 901 2040 quern
921 1957 1048 2040 quidem
1062 1956 1113 2019 hic
1129 1964 1256 2020 secutus
1276 1977 1355 2031 sum,
1371 1955 1454 2018 sicut
1477 1961 1585 2028 antea,

485 2060 562 2122 dum
577 2060 769 2137 Μασβῶθεος
783 2065 816 2120 et
836 2062 1049 2135 Μασβωθαῖοι,
1066 2058 1149 2139 quod
1168 2064 1202 2120 et
1216 2079 1313 2141 supra
1327 2056 1425 2118 habes
1440 2055 1472 2116 in
1490 2054 1585 2117 Num.

492 2179 518 2220 ι.
534 2181 593 2243 pro
610 2163 816 2236 Μασβωθαῖος
829 2163 863 2220 et
879 2160 1106 2234 Μασβωθεανοὶ
1120 2157 1234 2241 recepi.

530 2258 568 2318 P.
583 2259 656 2319 2¹6.
671 2255 691 2318 l.
701 2277 732 2334 4.
748 2255 807 2318 ἀπὸ
818 2258 929 2319 τούτων
939 2259 1224 2339 Μενανδριανισταὶ]
1234 2255 1330 2320 Ὀθεν
1339 2263 1416 2319 ante
1427 2256 1487 2318 ἀπό
1495 2256 1585 2317 deest

485 2353 518 2415 in
530 2354 637 2416 codice
652 2353 753 2437 Regio
768 2360 801 2416 et
815 2355 901 2438 apud
914 2353 1139 2437 Nicephorum,
1150 2355 1267 2418 rectius
1282 2355 1349 2417 sine
1361 2355 1469 2418 dubio.
1493 2355 1585 2417 Oete-

485 2474 557 2515 rum
577 2454 609 2515 in
631 2453 738 2516 codice
753 2456 840 2516 Maz.
858 2454 947 2516 Med.
962 2462 995 2517 et
1012 2454 1094 2517 Fuk.
1110 2476 1169 2538 pro
1190 2453 1474 2519 Menandrianistis
1490 2455 1585 2536 scrip-

486 2560 557 2616 tum
580 2561 631 2617 est
644 2553 856 2633 Ἀδριανιοταί·
873 2554 1032 2636 quomodo
1058 2555 1155 2617 etiam
1174 2556 1290 2639 legitur
1312 2557 1397 2640 apud
1413 2554 1587 2617 Theodori-

485 2659 556 2714 tum
570 2651 602 2713 in
620 2651 702 2713 libro
724 2651 826 2734 primo
841 2651 1062 2714 haereticarum
1077 2652 1256 2715 fabularum
1271 2661 1308 2716 ut
1330 2675 1427 2737 supra
1441 2654 1584 2716 vidimus.

487 2750 622 2815 Rufinus
647 2751 897 2815 Menandrianos
922 2753 1028 2816 vertit.
1053 2753 1212 2815 Vsnnsrus.
1258 2753 1370 2816 Habet
1383 2752 1589 2835 Ἀὂριαυισταί

486 2855 560 2916 MS.
579 2874 705 2937 quoque
726 2853 823 2917 Socii.
843 2875 898 2915 seu
913 2853 1005 2916 Bodl.
1020 2852 1190 2916 exhibente
1204 2854 1376 2937 Nicepdoro
1396 2854 1454 2918 ἀπὸ
1475 2857 1585 2918 τούτων

484 2955 541 3032 μὲν
554 2952 767 3033 Ἀδριανισταὶ,
784 2954 866 3016 unde
880 2961 973 3036 patet
987 2953 1103 3015 erroris
1118 2975 1223 3017 causa.
1255 2954 1389 3018 Rufinus
1403 2955 1526 3019 interea
1540 2955 1585 3018 sic

485 3053 594 3128 vertit,
608 3063 636 3116 ct
655 3053 809 3128 Gortheus,
824 3053 903 3114 codo
922 3053 1077 3125 Gorthooi¹
1099 3064 1127 3117 et
1142 3054 1342 3131 Machameus,
1358 3056 1437 3118 code
1454 3066 1481 3119 et
1498 3056 1583 3118 Mas·

485 3151 612 3227 datham,
634 3152 689 3215 sed
700 3161 728 3215 ct
742 3152 923 3226 distendar,
938 3153 1018 3215 unde
1033 3154 1266 3218 Mmmrdricoi.
1300 3154 1350 3218 Ab
1364 3157 1440 3239 ipsis
1453 3166 1481 3219 et
1495 3158 1586 3218 Mar-

485 3253 621 3315 cionistoe
637 3254 691 3315 &c
709 3252 798 3335 quasi
814 3251 950 3336 legisset,
977 3254 1024 3315 καὶ
1043 3257 1255 3333 Μασβούθεος,
1272 3257 1344 3319 ὅθεν
1367 3258 1414 3319 καὶ
1433 3262 1583 3334 Μασβου-

486 3353 598 3416 decret·
621 3353 766 3414 ἀλλὰκαὶ
786 3351 971 3432 Μένανδρος,
992 3355 1064 3415 ὅθεν
1079 3356 1308 3434 Μενανδριανοί.
1346 3356 1405 3418 ἀπὸ
1420 3358 1531 3419 τούτων
1552 3358 1585 3418 δὲ

486 3453 535 3514 καὶ
557 3454 780 3532 Μαρκιωνισταὶ
804 3453 859 3514 &c
905 3451 950 3515 Et
973 3461 1144 3536 postquam
1165 3454 1233 3517 haec
1256 3456 1378 3539 scripsi,
1393 3456 1455 3518 vidi
1472 3456 1585 3519 Halio-

486 3550 586 3612 ixium
600 3551 697 3613 verba
713 3549 888 3633 Hegesippi
903 3550 936 3612 in
955 3551 1038 3614 hunc
1053 3551 1119 3615 fere
1133 3553 1274 3630 modum,
1291 3554 1440 3617 Rufinum
1455 3563 1585 3639 utputo

486 3655 638 3724 secutum,
655 3649 767 3710 Graece
781 3649 916 3711 edidisse
937 3649 969 3711 in
989 3652 1063 3714 Via.
1074 3652 1151 3714 ΡΡ.
1166 3653 1313 3716 oriented.
1329 3662 1407 3717 tom.
1418 3654 1449 3717 ii.
1465 3677 1497 3739 p.
1511 3672 1584 3740 713.

487 3749 533 3812 Et
552 3748 687 3811 sortasse
706 3747 809 3810 verior
828 3747 895 3810 haec
914 3748 1010 3813 lectio
1030 3758 1089 3828 est,
1109 3773 1204 3834 quam
1226 3752 1281 3816 illa
1300 3755 1443 3818 codicum
1458 3757 1586 3819 Graeco-

486 3871 568 3925 rum,
595 3848 669 3931 quia
693 3848 864 3911 Menandri
882 3856 1058 3913 sectatores
1077 3872 1149 3914 oum
1174 3853 1331 3916 hereticis
1354 3855 1407 3937 qui
1427 3855 1478 3918 hic
1496 3856 1584 3938 prius

488 3948 565 4012 dicti
581 3956 666 4025 sunt,
690 3948 796 4032 potius
816 3971 911 4033 quam
931 3971 1003 4013 cum
1024 3953 1238 4034 sequentibus,
1253 3954 1339 4036 apud
1354 3961 1499 4017 auctores
1514 3975 1585 4017 cen-

487 4060 607 4114 sentur.
653 4051 770 4113 Verum
795 4051 993 4133 expectanda
1012 4058 1062 4114 est
1079 4050 1213 4115 aliorum
1233 4053 1377 4115 codicum
1395 4053 1583 4117 auctoritas.

482 4149 580 4214 Ὀθεν
602 4157 678 4213 ante
703 4150 761 4212 ἀπὸ
783 4150 929 4213 additum
950 4151 1052 4227 abest,
1075 4158 1159 4214 teste
1184 4152 1340 4229 Burtono,
1361 4175 1382 4216 a
1407 4154 1489 4217 codd.
1511 4155 1584 4239 ch.

488 4251 590 4312 Poris.
607 4259 731 4332 atroque
745 4256 783 4312 ut
796 4250 995 4313 Florentinis.

532 4348 612 4411 Ibid.
628 4349 649 4412 l.
664 4365 694 4431 5.
716 4351 955 4431 Μαρκιωνισταὶ]
979 4354 1198 4430 Μαριιανισταὶ
1213 4353 1286 4415 MS.
1305 4352 1394 4415 Bodl.
1412 4362 1440 4415 ot
1453 4352 1585 4436 Nicepd.

491 4446 582 4509 Nunc
605 4448 729 4510 addidit
745 4448 907 4512 Burtonus
924 4449 1021 4514 codd.
1035 4451 1121 4513 Mod.
1138 4454 1226 4513 Mar.
1241 4453 1353 4515 Fukst.
1398 4453 1462 4515 Sed
1476 4453 1586 4516 rescri-

489 4546 563 4608 bere
587 4548 665 4622 vult,
690 4550 866 4627 Μαρκιανοὶ,
891 4548 931 4612 cl.
959 4549 1151 4614 Schulthess.
1179 4551 1213 4613 in
1236 4550 1391 4634 Synnhlh,
1416 4574 1448 4636 p.
1469 4573 1522 4636 93.
1544 4576 1584 4616 ex

489 4643 512 4706 J
515 4645 611 4708 ustini
627 4646 674 4709 M.
689 4648 820 4731 Dialopo
835 4669 903 4711 cam
920 4649 1089 4733 Tryphone,
1105 4672 1132 4713 c.
1146 4667 1200 4735 35,
1217 4651 1271 4715 ubi
1287 4652 1465 4716 Marcosios
1481 4653 1585 4715 Marci
