3809 5650
703 1363 1109 1464 RHODON.

357 1808 394 1878 S.
413 1809 677 1894 Huruonruus,
695 1810 772 1882 Lib.
795 1810 853 1882 Dc
882 1809 979 1881 Viris
1001 1808 1212 1892 Illustribco,
1232 1831 1308 1900 cap.
1324 1809 1460 1878 xxxvii.

671 1950 749 2021 pag.
769 1928 955 1998 resedit.
975 1927 1136 1997 Fabricii.

362 2076 622 2198 RHODON‚
640 2140 770 2210 genere
794 2116 959 2197 Asianus,
976 2140 998 2187 s
1018 2115 1177 2196 Totisno,
1200 2114 1245 2184 de
1262 2137 1333 2205 quo
1357 2135 1463 2205 supra

361 2239 527 2319 diximus,
549 2238 672 2309 Romae
697 2240 734 2308 in
752 2238 942 2331 Scripturis
966 2237 1135 2318 eruditus,
1152 2236 1265 2306 edidit
1290 2236 1461 2328 plurima:

360 2362 646 2452 praecipuumque
663 2363 828 2432 adversus
847 2361 1069 2431 Marcionem
1087 2383 1186 2453 opuS,
1203 2360 1240 2428 in
1258 2384 1328 2452 quo
1341 2361 1460 2443 refert,

361 2482 539 2574 quomodo
564 2484 630 2574 ipsi
654 2507 793 2575 quoque
818 2485 912 2553 inter
936 2506 974 2553 se
993 2483 1218 2553 Marcionitae
1239 2483 1461 2575 discrepent:

362 2614 400 2674 et
434 2603 601 2697 Apellem
632 2627 752 2674 senem
782 2604 891 2673 alium
917 2605 1123 2674 hoereticum
1157 2629 1179 2674 a
1212 2627 1250 2674 se
1284 2605 1462 2696 quondam

362 2728 495 2798 fuisse·
525 2735 750 2808 conventum,
774 2736 812 2796 et
835 2727 919 2796 risui
942 2728 1116 2809 habitum,
1142 2750 1185 2797 eo
1212 2729 1306 2819 quod
1333 2725 1463 2810 Deum,

362 2872 468 2942 quem
487 2848 630 2930 coleret,
647 2850 808 2942 ignorare
831 2870 870 2918 se
893 2850 1037 2918 diceret.
1091 2849 1261 2919 Meminit
1284 2850 1320 2917 in
1337 2848 1464 2919 eodem

361 2971 461 3054 libro,
478 2993 585 3063 quem
611 2970 749 3062 scripsit
772 2970 816 3040 ad
839 2969 1094 3052 Callistionem,
1115 2968 1254 3040 Tetisni
1277 2994 1315 3041 se
1337 2971 1464 3040 Romae

361 3094 469 3162 fuisse
498 3091 706 3162 auditorem.
758 3089 830 3159 Sed
858 3099 897 3159 et
926 3092 963 3158 in
998 3090 1249 3161 Hexadmeron
1284 3090 1465 3183 elegentes

361 3224 532 3285 tractatus
566 3214 775 3305 composuit,
809 3209 876 3283 bet
909 3214 1096 3283 adversum
1132 3214 1289 3308 Phrygas
1327 3215 1464 3307 insigne

363 3362 473 3432 opus:
504 3337 792 3429 temporibusque
809 3336 996 3406 Commodi
1014 3347 1052 3407 et
1070 3337 1192 3408 Severi
1210 3338 1339 3409 floruit.

405 3561 417 3587 ⁸
431 3549 481 3608 Sic
502 3568 556 3627 pro
573 3547 665 3606 ultera
677 3546 803 3605 lectione
817 3551 972 3606 convicium
989 3548 1120 3608 restituit
1134 3548 1297 3608 Vullarsius
1311 3547 1344 3607 S.
1357 3549 1466 3608 Hiero·

365 3646 446 3724 nymi
463 3644 557 3704 editor
573 3643 757 3702 novissimus.
799 3641 909 3702 Scribit
924 3643 1072 3703 Eusebius
1090 3644 1174 3711 infre,
1196 3648 1295 3718 Γράφει
1313 3648 1371 3701 did
1389 3649 1467 3704 αὐτὸς

368 3740 503 3814 (Rhodo)
518 3741 553 3798 hs
565 3743 607 3795 urei
616 3742 654 3797 dr
666 3739 764 3813 seyme
777 3740 902 3810 ἔληλύθοι
914 3746 952 3816 τῷ
964 3741 1092 3809 ’Δπελλῇ.

407 3834 510 3894 bFuit
533 3836 733 3914 Hieronymus
752 3835 783 3891 in
806 3854 841 3893 ee
864 3835 1019 3900 sententis,
1042 3834 1215 3893 Rhodonem
1234 3854 1297 3893 esse
1318 3845 1466 3895 auctorem

367 3933 456 3990 trium
478 3929 619 3988 librorum
642 3928 780 3987 adversus
802 3928 999 3986 Montunistes
1021 3927 1058 3985 ud
1073 3928 1231 3986 Abercium
1252 3929 1468 4001 Marcellum,e

367 4027 474 4105 quibus
486 4026 650 4101 fragmenta
668 4033 770 4081 extant
792 4022 871 4101 apud
890 4022 1052 4080 Eusebium
1072 4043 1099 4079 v.
1114 4024 1160 4080 16.
1176 4034 1207 4081 et
1224 4041 1270 4098 17.
1313 4024 1419 4101 Itaque
1437 4037 1469 4085 et

368 4123 446 4179 infre
458 4139 521 4198 cap.
534 4138 583 4193 39.
615 4118 814 4195 Hieronymus
832 4118 874 4175 sit
893 4116 1066 4175 Rhodonem
1088 4116 1234 4177 Miltiadis
1254 4118 1418 4177 meminisse
1439 4122 1468 4177 in

367 4238 452 4297 opere
464 4238 516 4275 suo
529 4216 603 4291 quod
615 4215 754 4273 adversm
769 4215 950 4279 Montanum,
967 4214 1110 4279 Priscam,
1127 4214 1376 4293 Maximillomque
1394 4236 1467 4275 com·

364 4313 469 4392 posuit.
501 4312 680 4369 Fusurcrus.
732 4310 779 4368 De
807 4310 911 4368 horum
938 4309 1078 4368 librorum
1106 4310 1244 4368 adversus
1271 4310 1469 4372 Montanium

367 4419 494 4476 auctore,
522 4426 609 4485 quem
632 4405 750 4484 quidem
777 4405 949 4464 Rhodonem
978 4405 1078 4471 fuisse,
1109 4406 1323 4485 Hieronymum
1351 4418 1469 4467 secutus

369 4504 532 4563 vallarsius
546 4513 653 4567 censet,
669 4501 753 4580 pluro
766 4522 819 4559 nos
833 4501 870 4559 ad
884 4501 1061 4580 Fragments
1076 4502 1245 4561 eorundem.
