3809 5650
421 670 464 736 72
633 669 934 745 QUADRATUS
959 668 1023 730 ΕΤ
1048 667 1318 730 ARISTIDES.

423 837 564 894 rideatur.
594 836 668 894 Vide
683 836 784 897 Grabii
801 835 903 913 Spicil.
920 835 987 892 ΡΡ.
1001 846 1072 893 tom.
1088 835 1119 891 ii.
1136 855 1164 912 p.
1180 853 1245 910 ¹¹9·
1261 854 1321 911 seq.
1340 834 1524 890 Fanurcrus.

423 940 525 998 Addas
539 941 661 997 Gavium
677 951 707 997 et
721 940 908 1016 usuagium,
923 941 1000 997 inter
1014 958 1045 997 se
1059 951 1156 997 tamen
1171 938 1384 997 dissentientes.
1420 938 1479 996 Sed
1493 958 1526 996 re

423 1045 510 1101 missa
537 1054 674 1119 tauquam
703 1043 822 1112 incerta,
851 1062 937 1119 quam
964 1043 1111 1100 Eusebius
1138 1042 1281 1100 narrando
1309 1041 1387 1099 haud
1415 1052 1524 1100 certam

421 1147 550 1223 reliquit,
571 1158 684 1205 tantum
708 1146 744 1204 de
758 1147 910 1218 Quadrato
924 1149 1040 1213 notabo,
1056 1168 1123 1206 eum
1146 1149 1182 1205 ab
1197 1148 1328 1206 Auctore
1343 1148 1449 1226 Operis
1465 1148 1524 1204 Ad-

423 1275 521 1311 uersus
537 1254 752 1331 Cataplrrpgas,
773 1253 823 1328 qui
843 1253 948 1310 saeculo
968 1254 1056 1311 tertio
1073 1254 1193 1311 ineunte
1210 1254 1334 1331 scripsit,
1350 1254 1426 1311 inter
1443 1273 1525 1310 veros

422 1358 578 1434 prophetas
601 1376 674 1433 quos
697 1356 799 1433 recipit
821 1355 949 1422 ecclesia,
972 1357 1197 1413 commemorari.
1241 1356 1312 1413 Vid.
1329 1356 1450 1413 Eusebii
1471 1355 1523 1412 lib.

423 1481 451 1517 v.
463 1461 544 1518 Hist.
564 1481 587 1519 c.
603 1479 648 1534 17.
692 1460 778 1518 Conf.
794 1471 824 1517 et
838 1458 879 1516 iii.
895 1477 943 1532 37.

464 1562 591 1623 bcodex
607 1563 832 1632 Gemblacensis,
848 1583 932 1640 quem
957 1563 1103 1621 Suffridus
1125 1564 1207 1621 Petri
1229 1565 1366 1642 inspexit,
1382 1562 1522 1620 Eleusina

422 1688 475 1746 pro
497 1667 674 1724 Eleusinum.
726 1666 844 1724 Accidit
865 1667 920 1722 hoc
941 1665 980 1722 Α.
997 1666 1106 1722 Christi
1126 1684 1188 1740 ¹23·
1212 1667 1356 1724 Hadriani
1378 1667 1521 1744 septimo:

421 1772 467 1830 vol
491 1771 582 1829 Hadr.
607 1771 719 1829 decimo
743 1771 857 1846 quinto,
881 1769 990 1826 Christi
1010 1787 1076 1842 131.
1100 1779 1135 1827 ut
1157 1780 1298 1827 memorat
1321 1769 1468 1827 Eusebius
1491 1770 1522 1824 in

422 1879 531 1935 Chron.
563 1878 609 1935 De
637 1876 797 1934 Eleusiniis
824 1876 912 1934 sacris
939 1877 1053 1934 erudite
1079 1877 1229 1934 Meursius
1258 1888 1328 1934 tom.
1343 1877 1381 1932 vi.
1397 1875 1522 1951 Antiqu.

422 1984 550 2041 Gronov.
566 1982 666 2039 Faus.
709 1980 818 2059 Recepi
840 2002 894 2057 ego
915 1992 982 2058 post
1004 1980 1192 2046 Vallarsium‚
1213 1981 1342 2058 Operum
1367 1980 1398 2037 S.
1416 1980 1522 2036 Hiero-

422 2087 502 2164 uymi
511 2086 651 2144 editorem
662 2085 859 2150 novissimum,
866 2083 973 2142 codicis
982 2084 1200 2142 Gemblacensis
1208 2083 1361 2141 lectionem
1372 2083 1521 2148 Eleusina,

421 2210 507 2266 quam
523 2188 599 2247 tueri
618 2188 708 2246 refert
725 2186 885 2246 Vallarsius
899 2188 969 2245 MS.
981 2188 1191 2246 Veronensem.
1220 2188 1387 2265 Stephanus
1397 2186 1521 2265 Byzant.

423 2294 465 2350 De
485 2291 610 2350 Urbibus
625 2311 652 2348 v.
669 2295 800 2357 Ἐλευσὶς,
815 2292 902 2349 babet
922 2292 1044 2348 Ἐλευσὶς
1057 2294 1137 2362 δῆμος
1158 2295 1172 2346 ό
1185 2292 1383 2348 Ἱπποθωντίδος
1397 2294 1492 2363 φυλῆς.
1506 2293 1521 2343 d

421 2398 542 2468 δημότης,
551 2397 720 2455 Ἐλευσίνιος.
737 2397 796 2454 Sed
805 2416 890 2454 sacra
900 2395 1040 2453 Eleusina
1052 2396 1129 2474 apud
1138 2397 1348 2473 Hieronymum
1359 2393 1522 2472 significan·

422 2512 470 2559 tur
481 2527 489 2572 5
502 2521 568 2558 nam
583 2501 624 2557 ita
635 2500 713 2576 loqui
725 2501 860 2558 maluisse
872 2501 992 2558 Latinos
1006 2521 1091 2576 quam
1100 2520 1166 2559 cum
1176 2500 1285 2558 Graecis
1296 2499 1456 2564 Eleusinia,
1468 2519 1519 2555 no·

421 2605 495 2662 tavit
509 2605 545 2662 ad
556 2605 736 2682 Stephanum
748 2603 929 2661 Holstenius.
949 2604 1094 2661 Caeterum
1107 2604 1271 2662 Hadrianus
1282 2605 1423 2682 imperare
1432 2603 1522 2681 coepit

422 2728 497 2766 anno
503 2708 613 2765 Christi
626 2725 695 2782 117:
711 2719 844 2764 mortuus
853 2718 897 2764 est
908 2727 955 2763 an.
967 2708 1031 2781 138.
1055 2708 1237 2779 Quadratum
1249 2721 1356 2775 autem,
1368 2718 1520 2787 postquam

423 2812 589 2870 Hadrianus
602 2811 729 2871 secunda
738 2811 800 2869 vice
806 2810 939 2869 Athenas
948 2811 1084 2881 venisset,
1094 2811 1255 2891 apologiam
1266 2813 1406 2871 obtulisse
1415 2812 1521 2870 docue-

420 2927 466 2974 rat
476 2917 602 2974 Grabius
618 2916 719 2993 Spicil.
738 2916 804 2972 PP.
820 2927 890 2973 tom.
907 2916 937 2972 ii.
952 2936 981 2993 p.
995 2934 1062 2972 122.
1077 2926 1107 2974 et
1121 2935 1200 2992 seqq.
1244 2917 1291 2973 De
1301 2916 1440 2974 Hadriani
1452 2936 1522 2975 vero

421 3020 584 3078 initiatione
598 3020 693 3078 locum
710 3021 787 3077 bunc
799 3019 1058 3097 Hieronymianum
1074 3020 1186 3076 confert
1200 3019 1235 3077 cl.
1249 3020 1473 3087 Warburtonus‚
1488 3021 1520 3077 in

423 3124 491 3181 Dio.
504 3125 606 3201 Legat.
620 3125 720 3189 Moris,
732 3124 797 3182 Lib.
808 3123 838 3180 ii.
856 3124 933 3180 Sect.
948 3143 977 3195 4.
988 3143 1016 3200 p.
1031 3138 1097 3197 257.
1114 3122 1159 3180 ed.
1174 3124 1294 3200 quintu,
1305 3144 1369 3180 cum
1381 3122 1458 3180 Celsi
1468 3123 1520 3181 illo

421 3228 499 3304 apud
521 3228 677 3304 Origenem
704 3227 811 3285 Contra
833 3226 920 3284 eund.
946 3226 1068 3295 Celsum,
1092 3225 1142 3284 lib.
1159 3227 1218 3283 viii.
1243 3248 1268 3284 c.
1285 3227 1334 3298 48,
1355 3228 1404 3303 qui
1428 3228 1469 3285 sic
1490 3248 1521 3284 se

421 3333 524 3391 babet:
549 3336 672 3388 Μάλιστα
695 3334 751 3400 μὲν,
777 3329 798 3386 ὦ
820 3336 956 3398 debriare,
985 3330 1196 3403 (Christianum
1221 3330 1374 3408 compellat
1400 3331 1517 3399 Celsus)

421 3436 509 3510 ὥσπερ
524 3440 558 3492 σὺ
573 3440 693 3493 κολάσεις
705 3438 822 3493 αἰωνίους
836 3439 952 3505 reuisere·
974 3436 1040 3491 οὕτω
1061 3438 1102 3491 καὶ
1120 3440 1145 3490 οἱ
1162 3443 1214 3492 τῶν
1228 3440 1301 3509 ἱερῶν
1313 3440 1414 3494 ἐκείνων
1427 3442 1519 3512 ἐξηγη-

422 3544 464 3595 ral
478 3542 601 3595 relevrai
618 3564 646 3594 re
670 3544 711 3595 καὶ
728 3542 905 3613 μνσταγωγοί·
926 3538 956 3598 ἃς
970 3543 1006 3595 σὺ
1018 3543 1066 3611 μὲν
1078 3546 1133 3598 τοῖς
1146 3542 1237 3598 ἄλλοις
1249 3542 1371 3609 ἀπειλεῖς,
1387 3546 1476 3599 ἐκεῖνος
1490 3547 1520 3600 δέ

422 3667 475 3699 σοι.
520 3645 596 3701 Hinc
618 3645 670 3701 sibi
693 3643 803 3720 colligit
825 3643 929 3721 proesul
951 3645 1159 3721 sagacissimus.
1175 3645 1364 3721 Imperatoris
1379 3646 1519 3703 Hadriani

422 3750 614 3807 initiationem
630 3769 693 3825 quae
708 3750 743 3806 ab
754 3749 933 3826 Hieronymo
948 3759 1198 3818 commemoratur,
1214 3748 1326 3806 dedisse
1341 3750 1521 3808 Christiano-

421 3874 486 3910 rum
502 3852 672 3909 adversariis
686 3852 800 3928 injuriae
814 3852 954 3910 faciendas
970 3853 1166 3920 occasionem3
1182 3872 1247 3909 cum
1263 3853 1340 3910 enirn
1359 3853 1388 3908 iu
1404 3853 1520 3910 Graeco·

422 3978 485 4015 rum
509 3959 654 4036 mysteriis
676 3957 787 4014 traduci
812 3977 845 4013 ac
866 3955 990 4014 derideri
1013 3955 1089 4012 soliti
1112 3956 1222 4012 fuerint
1243 3956 1411 4022 Christiani,
1427 3958 1519 4034 impe·

421 4073 556 4137 ratorque
574 4061 634 4137 jam
656 4061 691 4118 iis
712 4060 846 4118 omuibus
867 4060 999 4117 initiatus
1019 4071 1104 4126 esset,
1127 4059 1238 4116 animus
1258 4060 1322 4135 ejus
1342 4080 1358 4115 a
1379 4061 1519 4137 religione

421 4187 488 4222 vera
513 4177 583 4223 tunc
605 4167 743 4240 temporis
766 4164 886 4221 alienior
909 4164 1078 4232 habebatur,
1101 4183 1160 4239 quo
1183 4163 1298 4220 facilius
1325 4164 1387 4239 ipse
1414 4163 1520 4221 adduci

423 4281 527 4345 posset.
544 4270 773 4325 Christianorum
797 4280 830 4325 ut
845 4269 1026 4325 vexationem
1046 4280 1096 4325 aut
1118 4268 1263 4344 probaret,
1279 4282 1330 4324 aut
1344 4267 1444 4324 saltem
1461 4268 1519 4324 fer-

421 4384 474 4429 ret.
520 4372 627 4428 Rerum
653 4385 749 4429 autem
766 4373 866 4429 harum
882 4373 994 4429 exitum
1016 4372 1057 4428 ita
1079 4371 1198 4429 tradidit
1214 4372 1410 4448 Hieronymus
1427 4371 1518 4429 Chro-

423 4477 502 4531 nr'enn
535 4476 651 4533 Eusebli
680 4477 896 4553 interpretatus.
945 4476 1113 4539 erurlrnlus
1141 4476 1299 4552 discipulus
1322 4475 1518 4552 Apostolorum

422 4588 447 4634 et
463 4578 605 4634 Aristides
620 4578 800 4636 Atheniensis
812 4579 998 4655 philosophus
1013 4588 1106 4636 noster
1120 4579 1207 4636 libros
1219 4599 1272 4655 pro
1288 4579 1457 4637 Christiana
1472 4599 1517 4636 re-

422 4682 525 4757 ligione
544 4681 701 4739 Hndrinno
722 4682 824 4740 dedere
844 4683 1017 4758 compositos,
1041 4692 1066 4740 et
1090 4684 1215 4741 Serenus
1232 4683 1372 4749 Granius,
1395 4683 1519 4760 legatus,
