3809 5650
675 691 724 754 IN
748 692 907 756 PAPIAE
931 693 1231 759 FRAGMENTA.
1457 697 1500 761 87

399 856 588 919 stitutionem
609 859 715 939 Aponi.
739 856 815 919 illud
837 858 871 920 in
891 857 945 921 lib.
962 859 1013 922 vii.
1036 882 1065 922 o.
1081 861 1136 933 46.
1153 858 1238 941 quod
1261 857 1362 921 tradit
1383 858 1500 921 consti-

392 957 500 1021 tuisse
522 957 683 1020 Joannem
708 957 889 1041 apostolum
912 959 1130 1043 cognominem
1155 960 1239 1022 hunc
1265 980 1357 1022 suum
1381 958 1501 1042 Ephesi

399 1057 592 1141 episcopum.
637 1057 688 1119 lbi
713 1057 811 1120 etiam
835 1059 984 1142 deinceps
1009 1059 1073 1121 duo
1089 1058 1260 1122 Aristonea
1275 1058 1419 1142 Smyrnae
1435 1058 1500 1141 epi-

400 1159 488 1243 scopi
514 1157 611 1221 luisse
639 1166 820 1234 narrantur,
848 1180 982 1243 quorum
1008 1160 1146 1223 alterum
1177 1159 1357 1244 suspicatur
1378 1158 1500 1222 Gotele

400 1257 466 1321 rius
480 1257 575 1320 luisse
590 1257 745 1321 celebrem
761 1257 871 1340 Papiae
887 1259 1092 1322 Aristionem.
1138 1261 1189 1323 De
1208 1261 1266 1322 hoc
1286 1267 1394 1323 autem
1409 1259 1501 1321 Mar-

400 1358 579 1442 ιροοίορίυυο
605 1359 736 1420 Henioc.
763 1359 805 1420 ad
833 1376 884 1421 22.
909 1359 1003 1422 Febr.
1027 1360 1197 1424 Salernicae
1219 1362 1253 1424 ιἰι
1277 1363 1379 1445 Cypro
1402 1360 1502 1423 macti

400 1459 577 1533 Aesone,
592 1459 655 1543 qai,
670 1468 704 1521 ut
718 1459 799 1521 idem
811 1460 933 1542 Papias
947 1461 1157 1543 admeafuit
1170 1482 1247 1524 anus
1260 1461 1297 1524 da
1310 1461 1502 1545 seqitaayr'atc

401 1558 513 1622 duodus
537 1559 654 1622 Christi
678 1559 849 1642 decade,
865 1582 897 1643 p.
913 1579 983 1623 102.
1006 1562 1182 1625 ed.Venet.
1197 1563 1288 1647 1630.
1330 1564 1386 1625 lta
1409 1563 1501 1624 Mar-

400 1659 488 1740 tyrol.
504 1658 579 1742 quia
604 1659 636 1720 in
660 1658 714 1722 illo
739 1659 809 1722 loeo
835 1660 955 1743 Papias
977 1682 1050 1723 eum
1073 1663 1195 1745 pariter
1216 1671 1315 1746 atque
1339 1662 1500 1725 Joannem

402 1760 564 1823 Seniorem
577 1760 759 1844 discipulam
775 1761 906 1824 Dmniaa‘
920 1761 1069 1845 appellat.

445 1861 483 1922 P.
501 1880 510 1920 ι
516 1879 547 1943 3.
564 1860 586 1921 l.
606 1879 653 1921 ιι.
677 1857 802 1937 Μάρκος
815 1861 872 1938 μὲν
888 1859 1065 1940 ἑρμηνευτὴς
1079 1859 1212 1943 Πέτρου]
1239 1863 1389 1924 Marcum
1403 1861 1501 1925 inter-

400 1970 523 2045 pretem
548 1961 638 2024 Petri
660 1968 754 2024 vocat
777 1961 874 2024 etiam
898 1961 1114 2044 Hieronymus
1137 1960 1170 2022 in
1193 1961 1359 2046 Gatalogo‚
1380 1983 1420 2025 ex
1440 1961 1501 2024 hoc

402 2061 511 2145 Papiae
533 2061 612 2135 loco,
632 2069 669 2124 ut
691 2061 813 2145 opinor.
860 2061 946 2124 Hino
968 2068 1028 2138 est,
1045 2062 1131 2144 quod
1152 2062 1292 2146 plerique
1315 2065 1501 2126 Graecorum

402 2162 507 2226 Marci
523 2161 729 2245 Evangelium
744 2184 765 2224 a
780 2162 879 2225 Petro
895 2161 1053 2224 dictatum
1068 2184 1136 2225 esse
1149 2162 1304 2226 scribunt.
1327 2163 1382 2227 Ita
1397 2163 1501 2226 Atha·

400 2263 508 2326 nasius
522 2262 555 2324 in
570 2268 713 2325 tractatu
728 2262 767 2325 de
781 2261 870 2324 libris
884 2282 983 2324 sacrae
1004 2261 1186 2345 Scriptura.
1233 2261 1325 2341 Quod
1340 2262 1500 2345 quomodo

400 2363 637 2447 intelligendum
662 2362 714 2438 sit,
738 2363 832 2425 docet
857 2361 908 2424 hic
931 2362 1041 2444 Papiae
1064 2362 1161 2426 locus.
1207 2362 1317 2445 Neque
1338 2362 1421 2425 enim
1444 2383 1499 2424 ex-

400 2462 605 2526 istimandum
619 2471 679 2540 est,
696 2463 844 2526 Marcum
866 2485 906 2525 ex
928 2484 983 2525 ore
1006 2463 1157 2526 dictantis
1179 2463 1269 2526 Petri
1293 2462 1500 2546 Evangelium

401 2584 492 2626 suum
506 2564 684 2647 excepisse:
701 2563 757 2627 sed
772 2585 844 2627 cum
860 2564 994 2627 Petrum
1005 2563 1148 2626 audisset
1160 2565 1290 2626 verbum
1303 2564 1364 2627 Dei
1376 2565 1398 2625 J
1401 2564 1501 2627 udaeis

402 2665 562 2728 Hebraice
586 2664 824 2748 praedicantem,
850 2664 999 2726 Marcum
1021 2663 1146 2747 singula
1169 2685 1240 2748 quae
1270 2666 1311 2728 ad
1336 2664 1500 2729 Christum

400 2765 614 2850 pertinebant,
639 2766 780 2830 studiose
809 2764 977 2850 digessisse
1007 2764 1121 2829 Graeco
1150 2786 1304 2829 sermone.
1339 2767 1499 2829 Vnsasme.

401 2866 477 2928 Alio
495 2888 621 2950 quoque
635 2865 703 2930 loco
718 2867 887 2941 Eusebius,
902 2888 1000 2949 supra
1019 2866 1073 2929 lib.
1089 2867 1121 2929 ii.
1137 2890 1165 2930 ο.
1181 2887 1229 2950 15·
1246 2875 1416 2951 postquam
1432 2867 1501 2931 Ole-

400 2975 538 3031 mentem
555 2967 806 3030 Alexandrinum
830 2966 861 3029 in
882 2974 975 3030 sexto
999 2966 1252 3050 Hypotyposeon
1274 2968 1314 3029 de
1337 2967 1501 3050 evangelio

402 3067 506 3131 Marci
520 3074 637 3131 testem
649 3068 840 3140 adduxerat,
852 3067 913 3130 hoc
928 3066 1063 3141 addidit,
1080 3068 1177 3149 quod,
1192 3068 1309 3130 rectius
1324 3089 1420 3150 quam
1435 3067 1499 3144 alii,

401 3168 545 3232 Valesius
565 3191 587 3232 a
607 3169 812 3252 sequentibus
833 3167 983 3251 sejunxit,
1000 3174 1250 3248 συνεπιμαρτυρεῖ
1269 3167 1293 3230 δ’
1311 3167 1388 3252 αὐτῷ
1412 3169 1461 3231 καὶ
1483 3171 1500 3231 ὁ

398 3268 604 3350 Ἱεραπολίτης
624 3271 785 3335 ἐπίσκοπος
807 3271 930 3348 ὀνόματι
953 3269 1082 3335 Παπίας.
1128 3267 1250 3331 Verum
1269 3269 1312 3332 ed
1331 3268 1418 3332 nulla
1437 3268 1502 3332 alia

399 3373 496 3437 verba
521 3371 641 3456 Papiae,
664 3381 783 3454 praeter
806 3392 845 3433 ea
866 3370 926 3432 hoc
949 3368 1019 3452 ipso
1041 3368 1113 3432 loco
1135 3370 1244 3446 allata,
1267 3369 1330 3433 illic
1354 3377 1501 3455 spectare

401 3471 584 3543 Eusebium,
601 3479 709 3534 censet
726 3471 764 3534 cl.
782 3470 965 3534 Lardnerus
981 3471 1032 3532 De
1051 3470 1172 3554 Εοαπρ.
1189 3471 1276 3533 Hiet.
1292 3470 1384 3545 Fide,
1399 3470 1437 3534 P.
1455 3470 1500 3534 ll.

399 3570 503 3634 roll.
527 3571 611 3634 cix.
636 3572 665 3652 ξ.
683 3588 712 3635 2.
767 3570 819 3634 Ibi
841 3570 989 3632 nimirum
1017 3569 1197 3633 tradiderat
1223 3570 1368 3634 Clemens
1394 3570 1501 3634 Marci

400 3670 598 3754 evangelium
621 3670 839 3733 Romanorum
862 3676 978 3753 rogatu
1000 3670 1153 3753 scriptum
1175 3670 1281 3746 fuisse,
1303 3677 1336 3734 et
1358 3693 1379 3733 a
1401 3670 1502 3734 Petro

399 3769 514 3833 exinde
536 3773 767 3834 confirmatum.
813 3773 893 3847 Quae
915 3777 1023 3833 autem
1050 3791 1133 3833 nunc
1159 3792 1295 3854 appono,
1312 3792 1351 3834 ea
1373 3771 1501 3855 quidem

400 3870 596 3935 clementem
610 3871 711 3935 solum
730 3877 894 3934 auctorem
916 3892 1008 3933 suum
1030 3871 1212 3944 habebent;
1236 3877 1299 3935 Τοῦ
1320 3875 1353 3935 δὲ
1376 3870 1502 3951 Μάρκου

398 3975 595 4050 μνημονεύειν
610 3974 662 4035 τὸν
677 3973 796 4053 Πέτρον
812 3976 845 4036 ἐν
860 3976 895 4057 τῇ
910 3973 1039 4056 προτέρα
1060 3976 1214 4058 ἐπιστολῇ,
1230 3973 1268 4050 ἣν
1290 3974 1338 4035 καὶ
1359 3970 1503 4048 συντάξαι

400 4074 498 4151 φασὶν
510 4071 555 4134 ἐπ’
567 4072 783 4151 αὐτῆςῬῶμης·
801 4077 958 4152 σημαίνειν
969 4099 1001 4136 τε
1012 4072 1089 4136 τοῦτ’
1101 4073 1201 4145 αὐτὸν,
1212 4074 1266 4150 τὴν
1276 4075 1367 4135 πόλιν
1377 4073 1501 4134 τοπικώ-

400 4198 488 4252 τερον
508 4179 678 4249 Βαβυλῶνα
696 4176 897 4255 προσείποντα
912 4177 960 4237 διὸ
975 4175 1095 4235 τούτων·
1120 4172 1248 4256 (saltem
1264 4178 1355 4234 vetus
1369 4179 1419 4234 est
1433 4172 1503 4235 haec

400 4273 574 4353 sententia)
597 4272 779 4349 Ἀσπάζεται
799 4277 873 4354 ὑμᾶς
887 4276 905 4352 ἡ
921 4276 955 4335 ἓν
971 4280 1131 4351 Βαβυλῶνι
1146 4273 1336 4348 συνεκλεκτὴ,
1354 4274 1402 4335 καὶ
1417 4271 1502 4353 Μάρ-

401 4398 452 4438 κος
466 4374 483 4433 ὀ
498 4374 561 4438 υἱός
575 4399 641 4450 μου.
669 4395 681 4435 1
697 4376 767 4436 Pet.
778 4396 806 4436 v.
821 4394 869 4458 13.
901 4376 1016 4456 Operae
1032 4371 1170 4456 pretium
1185 4370 1297 4433 luisset
1308 4370 1358 4433 his
1372 4371 1501 4447 addere,

400 4493 531 4534 narrare
557 4494 681 4536 sacram
707 4474 897 4557 scripturam
922 4473 1058 4536 Paulum
1088 4472 1266 4556 apostolum
1293 4473 1397 4534 Rome.
1426 4472 1502 4533 dum

400 4580 521 4657 ageret,
533 4572 682 4636 habuisse
695 4574 842 4637 Marcum
851 4573 1073 4636 consobrinum
1086 4572 1252 4647 Barnabae,
1264 4593 1410 4634 unacum
1420 4571 1501 4648 aliis,

400 4673 581 4757 adjutorem
611 4696 712 4750 suum,
739 4676 825 4759 quod
845 4674 922 4757 ‘ipse
952 4674 1073 4738 Paulus
1103 4673 1197 4736 docet
1228 4672 1260 4734 in
1290 4670 1432 4755 epistolis
1460 4671 1502 4733 ad
