3809 5650
471 660 537 726 260
844 662 1199 726 ANNOTATIONES

474 848 563 890 reme
577 828 674 891 verba
693 849 790 911 supra
810 830 916 913 positu
938 832 984 893 rai
1005 836 1097 893 ταῦτα
1116 835 1171 908 μὶν
1192 831 1432 910 οὖτοςι-ἵωμενε
1459 835 1478 863 “
1490 828 1582 889 ‘rote

476 934 497 963 “
512 927 580 991 haeo
594 929 742 1014 pericope
754 952 853 1012 usque
868 931 910 993 ad
922 931 1018 994 finem
1030 933 1125 1016 hujus
1140 932 1253 1015 capitis
1269 933 1359 995 deest
1374 932 1407 994 in
1422 928 1583 994 codicibus

477 1036 498 1064 “
513 1029 632 1093 nostris
646 1030 730 1093 Maz.
744 1031 831 1094 Med.
844 1039 876 1095 et
893 1032 974 1094 Fulr.
993 1033 1055 1095 Sed
1073 1056 1175 1116 neque
1190 1033 1324 1095 Rufinus
1339 1054 1409 1095 eam
1424 1030 1581 1116 agnoscit,

478 1138 498 1165 ‘⁴
514 1137 551 1194 ut
564 1153 605 1194 ex
619 1132 762 1215 versione
776 1132 845 1217 ojus
859 1142 1004 1217 apparet.
1052 1136 1101 1197 Ac
1121 1134 1199 1197 mihi
1218 1136 1345 1219 quidem
1365 1135 1492 1197 videtur
1508 1140 1582 1195 tota

446 1252 448 1257 ·
478 1239 499 1268 “
513 1232 583 1296 haee
612 1232 753 1297 clausula
781 1234 892 1317 spuria·
918 1257 986 1297 esse
1011 1255 1049 1298 uo
1076 1235 1288 1319 supposititia.
1336 1233 1467 1297 Putavit
1497 1232 1581 1296 enim

478 1334 656 1417 “quisquis
678 1335 760 1397 hanc
782 1334 917 1411 addidit,
940 1340 983 1399 ea'
1002 1359 1072 1419 quae
1095 1338 1280 1419 paecedunt
1302 1336 1399 1399 verba
1422 1357 1491 1397 esse
1516 1333 1582 1396 He-

478 1443 500 1471 “
512 1436 651 1521 gesippi:
676 1458 748 1499 cum
764 1444 871 1500 tanuen
888 1460 950 1499 non
971 1439 1036 1500 sint
1055 1437 1238 1521 Hegesippi‚
1254 1437 1309 1499 sed
1325 1434 1424 1521 ipsius
1440 1434 1582 1509 Eusebii3

481 1544 501 1573 '‘
517 1545 555 1601 ut
574 1537 724 1600 discimus
743 1559 782 1599 ex
803 1538 908 1621 capite
923 1539 1000 1600 xxii.
1016 1538 1069 1601 lib.
1085 1541 1135 1616 4.”
1179 1540 1281 1601 Deest
1300 1545 1408 1601 eutem
1428 1537 1461 1599 in
1483 1535 1580 1600 codd.

480 1638 570 1700 Bodl.
594 1647 628 1700 et
650 1638 789 1720 Norsolc.
813 1638 960 1723 pericope
982 1640 1022 1702 de
1048 1661 1112 1722 qua
1135 1638 1254 1721 egitur,
1279 1647 1314 1701 et
1338 1639 1372 1700 in
1398 1637 1521 1713 ceteris,
1544 1645 1581 1700 ut

479 1756 563 1802 nune
574 1738 673 1803 refert
684 1738 856 1815 Burtonus,
867 1739 921 1822 qui
932 1739 1054 1803 omittit
1068 1740 1181 1823 ipsam,
1193 1747 1310 1823 praeter
1321 1736 1460 1824 Reyiam
1470 1740 1581 1802 Portis.

477 1847 637 1923 samaqm
649 1845 684 1902 et
697 1839 945 1902 Fbireatiaomm
959 1840 1096 1902 oderam.
1142 1839 1282 1904 Tantum
1300 1840 1342 1903 sd
1358 1862 1447 1903 oram
1460 1841 1583 1924 prioris

477 1941 566 2004 Flor.
582 1948 684 2004 extat.
733 1942 835 2003 Porro
860 1941 982 2004 Valesii
1008 1941 1049 2003 de
1074 1941 1177 2003 verbis
1202 1939 1361 2025 prioribus
1387 1941 1581 2004 sententiam

479 2042 558 2106 satis
573 2042 641 2125 ipsa
656 2042 825 2124 confirmat
843 2042 960 2115 oratic,
974 2063 1050 2127 quae
1062 2040 1238 2126 Hegesippi
1255 2063 1295 2106 ne
1309 2042 1439 2106 minime
1452 2043 1581 2126 quidem

477 2143 605 2226 sepiens
620 2143 728 2206 stilum
745 2142 920 2206 Eusebium
934 2144 1071 2227 prodere
1087 2144 1222 2206 videtur.

523 2244 559 2306 P.
578 2260 652 2325 215.
674 2243 695 2305 l.
720 2249 766 2304 16.
795 2246 852 2308 Kal
873 2248 948 2321 μετὰ
970 2245 1004 2306 τὸ
1025 2248 1211 2324 μαρτυρῆσαι
1231 2244 1393 2327 Ἰάκωβον]
1420 2243 1581 2308 Praemisit

479 2342 681 2419 Eusebiusqd
697 2343 721 2407 δ’
738 2345 826 2411 αὐτὸς
841 2344 1075 2430 (Hegesippus)
1090 2347 1139 2407 καὶ
1158 2351 1217 2407 τῶν
1239 2342 1301 2407 κατ’
1322 2346 1414 2408 αὐτὸν
1433 2345 1581 2425 ulpium

477 2446 529 2509 τὰς
550 2445 644 2526 ἀρχὰς
664 2446 834 2508 ὑποτίθεται
856 2449 905 2508 διὸ
925 2447 1048 2508 τούτων·
1080 2451 1149 2507 ΚΑΙ
1171 2449 1246 2523 μετὰ
1265 2445 1300 2507 τὸ
1321 2449 1504 2526 μαρτνρῆσαι
1522 2448 1579 2510 dte.

479 2544 645 2607 Hermon
658 2566 771 2630 qaoque
784 2555 950 2630 querutum
964 2568 1020 2609 1111
1034 2555 1117 2608 escort
1129 2569 1144 2607 1¹
1158 2554 1239 2621 11111,
1251 2545 1344 2609 initia
1358 2546 1439 2610 idem
1452 2548 1582 2632 emptor

474 2646 594 2730 mit
607 2645 656 2709 bii
671 2645 779 2711 verbis.
824 2647 1086 2727 POSTQUAM,
1101 2647 1213 2731 iaqait,
1227 2645 1371 2710 Jacobus
1388 2650 1442 2711 dre.
1487 2647 1581 2712 Dixit

478 2744 635 2811 Eusebius
654 2746 708 2810 lib
723 2746 768 2810 iii.
788 2768 816 2810 c.
831 2767 885 2832 32.
908 2769 964 2811 seu
986 2769 1084 2832 supra
1105 2749 1147 2811 ed
1170 2747 1265 2831 hujus
1286 2770 1359 2833 pag.
1374 2747 1428 2812 lin.
1443 2769 1475 2834 3.
1489 2757 1579 2833 post·

477 2872 573 2934 quem
594 2872 635 2914 ex
656 2848 841 2934 Hegesippo
860 2847 974 2912 iliade
994 2849 1160 2932 Symeonis
1177 2849 1332 2933 martyrio
1348 2850 1514 2920 retulerat.
1531 2851 1581 2914 ἐπὶ

477 2953 591 3017 τούτοις
603 2960 674 3034 post
692 2950 765 3027 lac,
780 2958 818 3014 ut
832 2949 930 3012 vertit
944 2949 1103 3026 Valesius,
1119 2971 1251 3013 narrare
1270 2951 1405 3013 eundem
1424 2950 1580 3036 Hegesip-

475 3073 562 3135 pum,
577 3051 730 3135 virginem
751 3049 916 3113 eeclesiam
936 3049 1154 3133 permansisse.
1203 3052 1320 3114 Verum
1338 3059 1457 3126 tamen,
1472 3067 1580 3116 ennon

476 3154 583 3237 potius
598 3153 666 3216 haec
681 3151 827 3214 debuerit
841 3153 927 3231 ῥῆσις
941 3150 1028 3215 illem
1044 3152 1084 3214 dc
1097 3151 1120 3212 J
1122 3151 1214 3215 aecbi
1229 3160 1334 3216 morte
1348 3154 1492 3238 proxime
1506 3161 1580 3238 post

477 3254 576 3338 sequi,
593 3253 736 3317 nonnihil
751 3252 875 3316 dubito.

523 3356 605 3419 ibid
616 3354 638 3416 l.
653 3373 702 3433 17.
717 3355 820 3439 1111τῷ
836 3353 914 3438 αὐτῷ
929 3352 1028 3437 λόγῳ]
1045 3353 1066 3416 i.
1078 3374 1106 3417 e:
1122 3352 1223 3416 Simili
1239 3354 1375 3430 ratium,-
1389 3355 1522 3418 eandem
1537 3355 1581 3419 ob

475 3476 616 3521 sarisam.
640 3453 774 3518 Sruoru.
820 3454 931 3517 Habet
954 3456 1085 3537 Rufinus
1105 3462 1199 3517 vetus
1219 3454 1385 3539 interpres,
1403 3456 1494 3519 otiam
1515 3457 1580 3541 11111

474 3558 603 3622 udam
618 3554 817 3618 testimoniam
831 3555 965 3618 ceritaa.
1013 3556 1093 3617 Mox
1107 3554 1202 3617 abest
1215 3577 1236 3618 e
1258 3555 1330 3619 eod.
1346 3556 1486 3640 Norsolc.
1501 3557 1580 3621 arti-

476 3657 565 3722 culus
580 3660 754 3720 6111111τοῦ
771 3660 893 3718 Κλωπᾶ.

519 3759 602 3822 Ihid.
618 3758 640 3822 l.
660 3778 707 3840 19.
722 3760 796 3821 dura
816 3759 947 3838 ὰνιψιὸν
967 3763 1020 3820 τοῦ
1035 3758 1162 3844 Κυρίου]
1180 3756 1268 3820 Male
1284 3755 1427 3834 Rufinus,
1444 3769 1580 3844 eumque

473 3862 574 3928 secuti
591 3858 756 3924 Musculus
770 3868 805 3922 et
819 3859 1128 3943 Ohristopborsonus
1144 3857 1352 3922 maricam
1366 3860 1497 3924 'Domini
1511 3875 1580 3925 ver-

472 3970 594 4038 terunt,
605 3977 678 4025 cum
687 3960 794 4044 potius
805 3960 939 4023 fratrem
954 3959 1131 4043 patruelem
1145 3966 1271 4022 vertere
1285 3958 1481 4025 debuissent.
1506 3961 1579 4025 Cle

472 4087 531 4150 pas
545 4064 630 4128 enim
644 4071 678 4126 et
691 4062 715 4122 J
717 4061 855 4146 osephus
869 4061 987 4124 fratres
1001 4060 1141 4124 fuerunt.
1172 4060 1289 4144 Glopes
1304 4059 1471 4144 symeonis
1485 4070 1580 4146 pater

471 4167 542 4241 luit
554 4171 689 4249 patruus
703 4168 812 4225 autem
824 4160 956 4226 Christi.
988 4161 1110 4224 Errant
1124 4161 1235 4245 itaque
1247 4161 1414 4225 Musoulus
1428 4163 1580 4227 111011111-

471 4266 694 4352 tophorsonus,
711 4263 764 4346 qui
785 4267 868 4326 θεῖον
886 4262 946 4324 hoc
967 4261 1037 4324 loco
1055 4261 1246 4325 avunculum
1264 4261 1470 4347 interpretati
1491 4273 1578 4327 sunt.

472 4368 536 4434 Sed
557 4364 753 4449 ineptissime
776 4363 911 4426 Rufinus
933 4368 1016 4425 θεῖον
1038 4384 1097 4445 pro
1117 4362 1279 4446 adjectivo
1301 4364 1447 4449 sumpsit.
1492 4364 1579 4429 Vide

471 4487 542 4554 quae
564 4485 661 4549 supra
682 4462 791 4527 notavi
808 4464 855 4548 ¹ud
877 4469 975 4547 ceput
990 4480 1043 4547 32.
1058 4461 1130 4525 libri
1152 4464 1253 4527 tertii.
1276 4466 1442 4528 Vannsms.
1487 4466 1533 4528 H.
1548 4488 1576 4529 e.

471 4566 614 4653 superius
629 4586 703 4648 pag.
721 4562 959 4647 255.Ἀ1εψιόν
978 4563 1055 4627 εἶναι
1078 4586 1137 4647 pro
1156 4567 1230 4627 ὄντα
1248 4566 1294 4627 ἂν.
1311 4565 1430 4629 hebere
1445 4565 1576 4650 Nicopk.

470 4676 563 4734 notet
579 4664 754 4730 strothius.
